{"symbol": "MRK", "annualReports": [{"fiscalDateEnding": "2024-12-31", "reportedCurrency": "USD", "grossProfit": "51879000000", "totalRevenue": "64168000000", "costOfRevenue": "12289000000", "costofGoodsAndServicesSold": "12289000000", "operatingIncome": "22692000000", "sellingGeneralAndAdministrative": "10816000000", "researchAndDevelopment": "17938000000", "operatingExpenses": "29187000000", "investmentIncomeNet": "None", "netInterestIncome": "-856000000", "interestIncome": "415000000", "interestExpense": "1271000000", "nonInterestIncome": "None", "otherNonOperatingIncome": "None", "depreciation": "None", "depreciationAndAmortization": "4174665623", "incomeBeforeTax": "19936000000", "incomeTaxExpense": "2803000000", "interestAndDebtExpense": "None", "netIncomeFromContinuingOperations": "17133000000", "comprehensiveIncomeNetOfTax": "None", "ebit": "22765000000", "ebitda": "26939665623", "netIncome": "17117000000"}, {"fiscalDateEnding": "2023-12-31", "reportedCurrency": "USD", "grossProfit": "43989000000", "totalRevenue": "60115000000", "costOfRevenue": "16126000000", "costofGoodsAndServicesSold": "16126000000", "operatingIncome": "2954000000", "sellingGeneralAndAdministrative": "8204000000", "researchAndDevelopment": "30531000000", "operatingExpenses": "40912000000", "investmentIncomeNet": "None", "netInterestIncome": "-681000000", "interestIncome": "390000000", "interestExpense": "1146000000", "nonInterestIncome": "None", "otherNonOperatingIncome": "None", "depreciation": "None", "depreciationAndAmortization": "3872000000", "incomeBeforeTax": "1889000000", "incomeTaxExpense": "1512000000", "interestAndDebtExpense": "None", "netIncomeFromContinuingOperations": "4621000000", "comprehensiveIncomeNetOfTax": "None", "ebit": "3035000000", "ebitda": "6907000000", "netIncome": "365000000"}, {"fiscalDateEnding": "2022-12-31", "reportedCurrency": "USD", "grossProfit": "41872000000", "totalRevenue": "59283000000", "costOfRevenue": "17411000000", "costofGoodsAndServicesSold": "17411000000", "operatingIncome": "19399000000", "sellingGeneralAndAdministrative": "7842000000", "researchAndDevelopment": "13548000000", "operatingExpenses": "23590000000", "investmentIncomeNet": "None", "netInterestIncome": "-805000000", "interestIncome": "1348000000", "interestExpense": "962000000", "nonInterestIncome": "None", "otherNonOperatingIncome": "-1501000000", "depreciation": "None", "depreciationAndAmortization": "3909000000", "incomeBeforeTax": "16444000000", "incomeTaxExpense": "1918000000", "interestAndDebtExpense": "None", "netIncomeFromContinuingOperations": "14526000000", "comprehensiveIncomeNetOfTax": "None", "ebit": "17406000000", "ebitda": "21315000000", "netIncome": "14519000000"}, {"fiscalDateEnding": "2021-12-31", "reportedCurrency": "USD", "grossProfit": "35078000000", "totalRevenue": "48704000000", "costOfRevenue": "13626000000", "costofGoodsAndServicesSold": "13626000000", "operatingIncome": "13703000000", "sellingGeneralAndAdministrative": "7634000000", "researchAndDevelopment": "12245000000", "operatingExpenses": "21879000000", "investmentIncomeNet": "None", "netInterestIncome": "-770000000", "interestIncome": "1884000000", "interestExpense": "806000000", "nonInterestIncome": "None", "otherNonOperatingIncome": "1341000000", "depreciation": "None", "depreciationAndAmortization": "3214000000", "incomeBeforeTax": "13879000000", "incomeTaxExpense": "1521000000", "interestAndDebtExpense": "None", "netIncomeFromContinuingOperations": "12358000000", "comprehensiveIncomeNetOfTax": "None", "ebit": "14685000000", "ebitda": "17899000000", "netIncome": "13049000000"}, {"fiscalDateEnding": "2020-12-31", "reportedCurrency": "USD", "grossProfit": "27900000000", "totalRevenue": "41518000000", "costOfRevenue": "13618000000", "costofGoodsAndServicesSold": "13618000000", "operatingIncome": "6076000000", "sellingGeneralAndAdministrative": "7155000000", "researchAndDevelopment": "13397000000", "operatingExpenses": "22352000000", "investmentIncomeNet": "None", "netInterestIncome": "-772000000", "interestIncome": "59000000", "interestExpense": "831000000", "nonInterestIncome": "None", "otherNonOperatingIncome": "886000000", "depreciation": "None", "depreciationAndAmortization": "3486000000", "incomeBeforeTax": "8791000000", "incomeTaxExpense": "1709000000", "interestAndDebtExpense": "None", "netIncomeFromContinuingOperations": "7082000000", "comprehensiveIncomeNetOfTax": "None", "ebit": "6694000000", "ebitda": "10180000000", "netIncome": "7067000000"}, {"fiscalDateEnding": "2019-12-31", "reportedCurrency": "USD", "grossProfit": "32728000000", "totalRevenue": "46840000000", "costOfRevenue": "14112000000", "costofGoodsAndServicesSold": "14112000000", "operatingIncome": "9227000000", "sellingGeneralAndAdministrative": "8715000000", "researchAndDevelopment": "9872000000", "operatingExpenses": "20487000000", "investmentIncomeNet": "None", "netInterestIncome": "-619000000", "interestIncome": "274000000", "interestExpense": "893000000", "nonInterestIncome": "None", "otherNonOperatingIncome": "-139000000", "depreciation": "None", "depreciationAndAmortization": "3652000000", "incomeBeforeTax": "11464000000", "incomeTaxExpense": "1687000000", "interestAndDebtExpense": "None", "netIncomeFromContinuingOperations": "9777000000", "comprehensiveIncomeNetOfTax": "None", "ebit": "12357000000", "ebitda": "16009000000", "netIncome": "9843000000"}, {"fiscalDateEnding": "2018-12-31", "reportedCurrency": "USD", "grossProfit": "28785000000", "totalRevenue": "42294000000", "costOfRevenue": "13509000000", "costofGoodsAndServicesSold": "13509000000", "operatingIncome": "5731000000", "sellingGeneralAndAdministrative": "8002000000", "researchAndDevelopment": "9752000000", "operatingExpenses": "19854000000", "investmentIncomeNet": "None", "netInterestIncome": "-429000000", "interestIncome": "343000000", "interestExpense": "772000000", "nonInterestIncome": "None", "otherNonOperatingIncome": "402000000", "depreciation": "None", "depreciationAndAmortization": "4519000000", "incomeBeforeTax": "8701000000", "incomeTaxExpense": "2508000000", "interestAndDebtExpense": "None", "netIncomeFromContinuingOperations": "6193000000", "comprehensiveIncomeNetOfTax": "None", "ebit": "9473000000", "ebitda": "13992000000", "netIncome": "6220000000"}, {"fiscalDateEnding": "2017-12-31", "reportedCurrency": "USD", "grossProfit": "27347000000", "totalRevenue": "40122000000", "costOfRevenue": "12775000000", "costofGoodsAndServicesSold": "12775000000", "operatingIncome": "3629000000", "sellingGeneralAndAdministrative": "9830000000", "researchAndDevelopment": "9982000000", "operatingExpenses": "19812000000", "investmentIncomeNet": "None", "netInterestIncome": "-369000000", "interestIncome": "385000000", "interestExpense": "754000000", "nonInterestIncome": "None", "otherNonOperatingIncome": "-12000000", "depreciation": "None", "depreciationAndAmortization": "4637000000", "incomeBeforeTax": "6747000000", "incomeTaxExpense": "4155000000", "interestAndDebtExpense": "None", "netIncomeFromContinuingOperations": "2418000000", "comprehensiveIncomeNetOfTax": "None", "ebit": "7314000000", "ebitda": "11951000000", "netIncome": "2568000000"}, {"fiscalDateEnding": "2016-12-31", "reportedCurrency": "USD", "grossProfit": "25916000000", "totalRevenue": "39807000000", "costOfRevenue": "13891000000", "costofGoodsAndServicesSold": "13891000000", "operatingIncome": "3576000000", "sellingGeneralAndAdministrative": "9762000000", "researchAndDevelopment": "7194000000", "operatingExpenses": "16956000000", "investmentIncomeNet": "None", "netInterestIncome": "-365000000", "interestIncome": "328000000", "interestExpense": "693000000", "nonInterestIncome": "None", "otherNonOperatingIncome": "-720000000", "depreciation": "None", "depreciationAndAmortization": "5441000000", "incomeBeforeTax": "7499000000", "incomeTaxExpense": "1787000000", "interestAndDebtExpense": "None", "netIncomeFromContinuingOperations": "3941000000", "comprehensiveIncomeNetOfTax": "None", "ebit": "5352000000", "ebitda": "10793000000", "netIncome": "5691000000"}, {"fiscalDateEnding": "2015-12-31", "reportedCurrency": "USD", "grossProfit": "24564000000", "totalRevenue": "39498000000", "costOfRevenue": "14934000000", "costofGoodsAndServicesSold": "14934000000", "operatingIncome": "1594000000", "sellingGeneralAndAdministrative": "10313000000", "researchAndDevelopment": "6704000000", "operatingExpenses": "17017000000", "investmentIncomeNet": "None", "netInterestIncome": "None", "interestIncome": "983000000", "interestExpense": "672000000", "nonInterestIncome": "None", "otherNonOperatingIncome": "-1527000000", "depreciation": "None", "depreciationAndAmortization": "6375000000", "incomeBeforeTax": "5401000000", "incomeTaxExpense": "942000000", "interestAndDebtExpense": "None", "netIncomeFromContinuingOperations": "4459000000", "comprehensiveIncomeNetOfTax": "None", "ebit": "6073000000", "ebitda": "12448000000", "netIncome": "4442000000"}, {"fiscalDateEnding": "2014-12-31", "reportedCurrency": "USD", "grossProfit": "25469000000", "totalRevenue": "42237000000", "costOfRevenue": "16768000000", "costofGoodsAndServicesSold": "16768000000", "operatingIncome": "12517000000", "sellingGeneralAndAdministrative": "11606000000", "researchAndDevelopment": "7180000000", "operatingExpenses": "18786000000", "investmentIncomeNet": "None", "netInterestIncome": "None", "interestIncome": "None", "interestExpense": "732000000", "nonInterestIncome": "None", "otherNonOperatingIncome": "11613000000", "depreciation": "None", "depreciationAndAmortization": "6691000000", "incomeBeforeTax": "17283000000", "incomeTaxExpense": "5349000000", "interestAndDebtExpense": "None", "netIncomeFromContinuingOperations": "11934000000", "comprehensiveIncomeNetOfTax": "None", "ebit": "18015000000", "ebitda": "24706000000", "netIncome": "11920000000"}, {"fiscalDateEnding": "2013-12-31", "reportedCurrency": "USD", "grossProfit": "27079000000", "totalRevenue": "44033000000", "costOfRevenue": "16954000000", "costofGoodsAndServicesSold": "16954000000", "operatingIncome": "1357000000", "sellingGeneralAndAdministrative": "11911000000", "researchAndDevelopment": "7503000000", "operatingExpenses": "19414000000", "investmentIncomeNet": "None", "netInterestIncome": "None", "interestIncome": "None", "interestExpense": "801000000", "nonInterestIncome": "None", "otherNonOperatingIncome": "-411000000", "depreciation": "None", "depreciationAndAmortization": "6988000000", "incomeBeforeTax": "5545000000", "incomeTaxExpense": "1028000000", "interestAndDebtExpense": "None", "netIncomeFromContinuingOperations": "4517000000", "comprehensiveIncomeNetOfTax": "None", "ebit": "6346000000", "ebitda": "13334000000", "netIncome": "4404000000"}, {"fiscalDateEnding": "2012-12-31", "reportedCurrency": "USD", "grossProfit": "30821000000", "totalRevenue": "47267000000", "costOfRevenue": "16446000000", "costofGoodsAndServicesSold": "16446000000", "operatingIncome": "3817000000", "sellingGeneralAndAdministrative": "12776000000", "researchAndDevelopment": "8168000000", "operatingExpenses": "20944000000", "investmentIncomeNet": "None", "netInterestIncome": "None", "interestIncome": "None", "interestExpense": "714000000", "nonInterestIncome": "None", "otherNonOperatingIncome": "-474000000", "depreciation": "None", "depreciationAndAmortization": "6978000000", "incomeBeforeTax": "9232000000", "incomeTaxExpense": "2440000000", "interestAndDebtExpense": "None", "netIncomeFromContinuingOperations": "6299000000", "comprehensiveIncomeNetOfTax": "None", "ebit": "9453000000", "ebitda": "16431000000", "netIncome": "6661000000"}, {"fiscalDateEnding": "2011-12-31", "reportedCurrency": "USD", "grossProfit": "31176000000", "totalRevenue": "48047000000", "costOfRevenue": "16871000000", "costofGoodsAndServicesSold": "16871000000", "operatingIncome": "2358000000", "sellingGeneralAndAdministrative": "13733000000", "researchAndDevelopment": "8467000000", "operatingExpenses": "22200000000", "investmentIncomeNet": "None", "netInterestIncome": "None", "interestIncome": "None", "interestExpense": "749000000", "nonInterestIncome": "None", "otherNonOperatingIncome": "-336000000", "depreciation": "None", "depreciationAndAmortization": "7427000000", "incomeBeforeTax": "7334000000", "incomeTaxExpense": "942000000", "interestAndDebtExpense": "None", "netIncomeFromContinuingOperations": "6392000000", "comprehensiveIncomeNetOfTax": "None", "ebit": "8083000000", "ebitda": "15510000000", "netIncome": "6272000000"}, {"fiscalDateEnding": "2010-12-31", "reportedCurrency": "USD", "grossProfit": "27591000000", "totalRevenue": "45987000000", "costOfRevenue": "18396000000", "costofGoodsAndServicesSold": "18396000000", "operatingIncome": "4025000000", "sellingGeneralAndAdministrative": "13245000000", "researchAndDevelopment": "10991000000", "operatingExpenses": "24236000000", "investmentIncomeNet": "None", "netInterestIncome": "None", "interestIncome": "None", "interestExpense": "715000000", "nonInterestIncome": "None", "otherNonOperatingIncome": "-717000000", "depreciation": "None", "depreciationAndAmortization": "7381000000", "incomeBeforeTax": "1653000000", "incomeTaxExpense": "671000000", "interestAndDebtExpense": "None", "netIncomeFromContinuingOperations": "982000000", "comprehensiveIncomeNetOfTax": "None", "ebit": "2368000000", "ebitda": "9749000000", "netIncome": "861000000"}, {"fiscalDateEnding": "2009-12-31", "reportedCurrency": "USD", "grossProfit": "18409400000", "totalRevenue": "27428300000", "costOfRevenue": "9018900000", "costofGoodsAndServicesSold": "9018900000", "operatingIncome": "-7590400000", "sellingGeneralAndAdministrative": "8543200000", "researchAndDevelopment": "5845000000", "operatingExpenses": "14388200000", "investmentIncomeNet": "None", "netInterestIncome": "None", "interestIncome": "None", "interestExpense": "458000000", "nonInterestIncome": "None", "otherNonOperatingIncome": "12904500000", "depreciation": "None", "depreciationAndAmortization": "2576000000", "incomeBeforeTax": "15291800000", "incomeTaxExpense": "2267600000", "interestAndDebtExpense": "None", "netIncomeFromContinuingOperations": "13024200000", "comprehensiveIncomeNetOfTax": "None", "ebit": "15749800000", "ebitda": "18325800000", "netIncome": "12901300000"}, {"fiscalDateEnding": "2008-12-31", "reportedCurrency": "USD", "grossProfit": "18267800000", "totalRevenue": "23850300000", "costOfRevenue": "5582500000", "costofGoodsAndServicesSold": "5582500000", "operatingIncome": "5180000000", "sellingGeneralAndAdministrative": "7377000000", "researchAndDevelopment": "4805300000", "operatingExpenses": "12182300000", "investmentIncomeNet": "None", "netInterestIncome": "None", "interestIncome": "None", "interestExpense": "251000000", "nonInterestIncome": "None", "otherNonOperatingIncome": "None", "depreciation": "None", "depreciationAndAmortization": "1631200000", "incomeBeforeTax": "9807800000", "incomeTaxExpense": "1999400000", "interestAndDebtExpense": "None", "netIncomeFromContinuingOperations": "None", "comprehensiveIncomeNetOfTax": "None", "ebit": "10183000000", "ebitda": "11814200000", "netIncome": "7808400000"}, {"fiscalDateEnding": "2007-12-31", "reportedCurrency": "USD", "grossProfit": "18057000000", "totalRevenue": "24197700000", "costOfRevenue": "6140700000", "costofGoodsAndServicesSold": "6140700000", "operatingIncome": "11076200000", "sellingGeneralAndAdministrative": "7556700000", "researchAndDevelopment": "4882800000", "operatingExpenses": "12439500000", "investmentIncomeNet": "None", "netInterestIncome": "None", "interestIncome": "None", "interestExpense": "0", "nonInterestIncome": "None", "otherNonOperatingIncome": "None", "depreciation": "None", "depreciationAndAmortization": "1988200000", "incomeBeforeTax": "3370700000", "incomeTaxExpense": "95300000", "interestAndDebtExpense": "None", "netIncomeFromContinuingOperations": "None", "comprehensiveIncomeNetOfTax": "None", "ebit": "11076200000", "ebitda": "13064400000", "netIncome": "3275400000"}, {"fiscalDateEnding": "2006-12-31", "reportedCurrency": "USD", "grossProfit": "16634900000", "totalRevenue": "22636000000", "costOfRevenue": "6001100000", "costofGoodsAndServicesSold": "6001100000", "operatingIncome": "3714900000", "sellingGeneralAndAdministrative": "8165400000", "researchAndDevelopment": "4782900000", "operatingExpenses": "12948300000", "investmentIncomeNet": "None", "netInterestIncome": "None", "interestIncome": "None", "interestExpense": "0", "nonInterestIncome": "None", "otherNonOperatingIncome": "None", "depreciation": "None", "depreciationAndAmortization": "2268400000", "incomeBeforeTax": "6221400000", "incomeTaxExpense": "1787600000", "interestAndDebtExpense": "None", "netIncomeFromContinuingOperations": "None", "comprehensiveIncomeNetOfTax": "None", "ebit": "3714900000", "ebitda": "5983300000", "netIncome": "4433800000"}, {"fiscalDateEnding": "2005-12-31", "reportedCurrency": "USD", "grossProfit": "16862300000", "totalRevenue": "22011900000", "costOfRevenue": "5149600000", "costofGoodsAndServicesSold": "5149600000", "operatingIncome": "6044400000", "sellingGeneralAndAdministrative": "7155500000", "researchAndDevelopment": "3848000000", "operatingExpenses": "11003500000", "investmentIncomeNet": "None", "netInterestIncome": "None", "interestIncome": "None", "interestExpense": "0", "nonInterestIncome": "None", "otherNonOperatingIncome": "None", "depreciation": "None", "depreciationAndAmortization": "1708100000", "incomeBeforeTax": "7363900000", "incomeTaxExpense": "2732600000", "interestAndDebtExpense": "None", "netIncomeFromContinuingOperations": "None", "comprehensiveIncomeNetOfTax": "None", "ebit": "6044400000", "ebitda": "7752500000", "netIncome": "4631300000"}], "quarterlyReports": [{"fiscalDateEnding": "2024-12-31", "reportedCurrency": "USD", "grossProfit": "14700000000", "totalRevenue": "15624000000", "costOfRevenue": "924000000", "costofGoodsAndServicesSold": "924000000", "operatingIncome": "6820000000", "sellingGeneralAndAdministrative": "2864000000", "researchAndDevelopment": "4584000000", "operatingExpenses": "7880000000", "investmentIncomeNet": "None", "netInterestIncome": "-182000000", "interestIncome": "146000000", "interestExpense": "943000000", "nonInterestIncome": "None", "otherNonOperatingIncome": "None", "depreciation": "None", "depreciationAndAmortization": "872665623", "incomeBeforeTax": "4170000000", "incomeTaxExpense": "426000000", "interestAndDebtExpense": "None", "netIncomeFromContinuingOperations": "3744000000", "comprehensiveIncomeNetOfTax": "None", "ebit": "6056000000", "ebitda": "6928665623", "netIncome": "3743000000"}, {"fiscalDateEnding": "2024-09-30", "reportedCurrency": "USD", "grossProfit": "12577000000", "totalRevenue": "16657000000", "costOfRevenue": "4080000000", "costofGoodsAndServicesSold": "4080000000", "operatingIncome": "3984000000", "sellingGeneralAndAdministrative": "2731000000", "researchAndDevelopment": "5862000000", "operatingExpenses": "8593000000", "investmentIncomeNet": "None", "netInterestIncome": "-203000000", "interestIncome": "127000000", "interestExpense": "330000000", "nonInterestIncome": "None", "otherNonOperatingIncome": "None", "depreciation": "None", "depreciationAndAmortization": "1186000000", "incomeBeforeTax": "4090000000", "incomeTaxExpense": "929000000", "interestAndDebtExpense": "None", "netIncomeFromContinuingOperations": "3161000000", "comprehensiveIncomeNetOfTax": "None", "ebit": "4420000000", "ebitda": "5606000000", "netIncome": "3157000000"}, {"fiscalDateEnding": "2024-06-30", "reportedCurrency": "USD", "grossProfit": "12367000000", "totalRevenue": "16112000000", "costOfRevenue": "3745000000", "costofGoodsAndServicesSold": "3745000000", "operatingIncome": "6128000000", "sellingGeneralAndAdministrative": "2739000000", "researchAndDevelopment": "3500000000", "operatingExpenses": "6239000000", "investmentIncomeNet": "None", "netInterestIncome": "-241000000", "interestIncome": "69000000", "interestExpense": "310000000", "nonInterestIncome": "None", "otherNonOperatingIncome": "None", "depreciation": "None", "depreciationAndAmortization": "1132000000", "incomeBeforeTax": "6006000000", "incomeTaxExpense": "545000000", "interestAndDebtExpense": "None", "netIncomeFromContinuingOperations": "5461000000", "comprehensiveIncomeNetOfTax": "None", "ebit": "6316000000", "ebitda": "7448000000", "netIncome": "5455000000"}, {"fiscalDateEnding": "2024-03-31", "reportedCurrency": "USD", "grossProfit": "12235000000", "totalRevenue": "15775000000", "costOfRevenue": "3540000000", "costofGoodsAndServicesSold": "3540000000", "operatingIncome": "5760000000", "sellingGeneralAndAdministrative": "2483000000", "researchAndDevelopment": "3992000000", "operatingExpenses": "10015000000", "investmentIncomeNet": "None", "netInterestIncome": "-230000000", "interestIncome": "73000000", "interestExpense": "303000000", "nonInterestIncome": "None", "otherNonOperatingIncome": "None", "depreciation": "None", "depreciationAndAmortization": "984000000", "incomeBeforeTax": "5670000000", "incomeTaxExpense": "None", "interestAndDebtExpense": "None", "netIncomeFromContinuingOperations": "4767000000", "comprehensiveIncomeNetOfTax": "None", "ebit": "5760000000", "ebitda": "6744000000", "netIncome": "4762000000"}, {"fiscalDateEnding": "2023-12-31", "reportedCurrency": "USD", "grossProfit": "11290000000", "totalRevenue": "14630000000", "costOfRevenue": "3340000000", "costofGoodsAndServicesSold": "3340000000", "operatingIncome": "-299000000", "sellingGeneralAndAdministrative": "2804000000", "researchAndDevelopment": "8838000000", "operatingExpenses": "11589000000", "investmentIncomeNet": "None", "netInterestIncome": "-240000000", "interestIncome": "70000000", "interestExpense": "310000000", "nonInterestIncome": "None", "otherNonOperatingIncome": "None", "depreciation": "None", "depreciationAndAmortization": "978000000", "incomeBeforeTax": "-2046000000", "incomeTaxExpense": "-821000000", "interestAndDebtExpense": "None", "netIncomeFromContinuingOperations": "-1226000000", "comprehensiveIncomeNetOfTax": "None", "ebit": "-299000000", "ebitda": "679000000", "netIncome": "-1226000000"}, {"fiscalDateEnding": "2023-09-30", "reportedCurrency": "USD", "grossProfit": "11698000000", "totalRevenue": "15962000000", "costOfRevenue": "4264000000", "costofGoodsAndServicesSold": "4264000000", "operatingIncome": "6181000000", "sellingGeneralAndAdministrative": "2519000000", "researchAndDevelopment": "3307000000", "operatingExpenses": "5826000000", "investmentIncomeNet": "None", "netInterestIncome": "-244000000", "interestIncome": "17000000", "interestExpense": "317000000", "nonInterestIncome": "None", "otherNonOperatingIncome": "None", "depreciation": "None", "depreciationAndAmortization": "1014000000", "incomeBeforeTax": "5620000000", "incomeTaxExpense": "870000000", "interestAndDebtExpense": "None", "netIncomeFromContinuingOperations": "4750000000", "comprehensiveIncomeNetOfTax": "None", "ebit": "6181000000", "ebitda": "7195000000", "netIncome": "4745000000"}, {"fiscalDateEnding": "2023-06-30", "reportedCurrency": "USD", "grossProfit": "11011000000", "totalRevenue": "15035000000", "costOfRevenue": "4024000000", "costofGoodsAndServicesSold": "4024000000", "operatingIncome": "-4670000000", "sellingGeneralAndAdministrative": "2625000000", "researchAndDevelopment": "13321000000", "operatingExpenses": "16023000000", "investmentIncomeNet": "None", "netInterestIncome": "-168000000", "interestIncome": "194000000", "interestExpense": "277000000", "nonInterestIncome": "None", "otherNonOperatingIncome": "-172000000", "depreciation": "None", "depreciationAndAmortization": "903000000", "incomeBeforeTax": "-5335000000", "incomeTaxExpense": "637000000", "interestAndDebtExpense": "None", "netIncomeFromContinuingOperations": "-5972000000", "comprehensiveIncomeNetOfTax": "None", "ebit": "-5058000000", "ebitda": "-4155000000", "netIncome": "-5975000000"}, {"fiscalDateEnding": "2023-03-31", "reportedCurrency": "USD", "grossProfit": "10561000000", "totalRevenue": "14487000000", "costOfRevenue": "3926000000", "costofGoodsAndServicesSold": "3926000000", "operatingIncome": "3570000000", "sellingGeneralAndAdministrative": "2458000000", "researchAndDevelopment": "4276000000", "operatingExpenses": "6755000000", "investmentIncomeNet": "None", "netInterestIncome": "-130000000", "interestIncome": "429000000", "interestExpense": "242000000", "nonInterestIncome": "None", "otherNonOperatingIncome": "-89000000", "depreciation": "None", "depreciationAndAmortization": "991000000", "incomeBeforeTax": "3650000000", "incomeTaxExpense": "825000000", "interestAndDebtExpense": "None", "netIncomeFromContinuingOperations": "2825000000", "comprehensiveIncomeNetOfTax": "None", "ebit": "3892000000", "ebitda": "4883000000", "netIncome": "2821000000"}, {"fiscalDateEnding": "2022-12-31", "reportedCurrency": "USD", "grossProfit": "9949000000", "totalRevenue": "13830000000", "costOfRevenue": "3881000000", "costofGoodsAndServicesSold": "3881000000", "operatingIncome": "3872000000", "sellingGeneralAndAdministrative": "487000000", "researchAndDevelopment": "3775000000", "operatingExpenses": "6462000000", "investmentIncomeNet": "None", "netInterestIncome": "-140000000", "interestIncome": "80000000", "interestExpense": "235000000", "nonInterestIncome": "None", "otherNonOperatingIncome": "74000000", "depreciation": "None", "depreciationAndAmortization": "892000000", "incomeBeforeTax": "3513000000", "incomeTaxExpense": "495000000", "interestAndDebtExpense": "None", "netIncomeFromContinuingOperations": "3018000000", "comprehensiveIncomeNetOfTax": "None", "ebit": "3748000000", "ebitda": "4640000000", "netIncome": "3017000000"}, {"fiscalDateEnding": "2022-09-30", "reportedCurrency": "USD", "grossProfit": "11025000000", "totalRevenue": "14959000000", "costOfRevenue": "3934000000", "costofGoodsAndServicesSold": "3934000000", "operatingIncome": "4388000000", "sellingGeneralAndAdministrative": "2520000000", "researchAndDevelopment": "4399000000", "operatingExpenses": "6919000000", "investmentIncomeNet": "None", "netInterestIncome": "-204000000", "interestIncome": "350000000", "interestExpense": "244000000", "nonInterestIncome": "None", "otherNonOperatingIncome": "-429000000", "depreciation": "None", "depreciationAndAmortization": "959000000", "incomeBeforeTax": "3583000000", "incomeTaxExpense": "330000000", "interestAndDebtExpense": "None", "netIncomeFromContinuingOperations": "3253000000", "comprehensiveIncomeNetOfTax": "None", "ebit": "3827000000", "ebitda": "4786000000", "netIncome": "3248000000"}, {"fiscalDateEnding": "2022-06-30", "reportedCurrency": "USD", "grossProfit": "10377000000", "totalRevenue": "14593000000", "costOfRevenue": "4216000000", "costofGoodsAndServicesSold": "4216000000", "operatingIncome": "5239000000", "sellingGeneralAndAdministrative": "2512000000", "researchAndDevelopment": "2798000000", "operatingExpenses": "5310000000", "investmentIncomeNet": "None", "netInterestIncome": "-225000000", "interestIncome": "15000000", "interestExpense": "240000000", "nonInterestIncome": "None", "otherNonOperatingIncome": "-438000000", "depreciation": "None", "depreciationAndAmortization": "938000000", "incomeBeforeTax": "4487000000", "incomeTaxExpense": "538000000", "interestAndDebtExpense": "None", "netIncomeFromContinuingOperations": "3949000000", "comprehensiveIncomeNetOfTax": "None", "ebit": "4727000000", "ebitda": "5665000000", "netIncome": "3944000000"}, {"fiscalDateEnding": "2022-03-31", "reportedCurrency": "USD", "grossProfit": "10521000000", "totalRevenue": "15901000000", "costOfRevenue": "5380000000", "costofGoodsAndServicesSold": "5380000000", "operatingIncome": "5904000000", "sellingGeneralAndAdministrative": "2323000000", "researchAndDevelopment": "2576000000", "operatingExpenses": "4899000000", "investmentIncomeNet": "None", "netInterestIncome": "-236000000", "interestIncome": "7000000", "interestExpense": "243000000", "nonInterestIncome": "None", "otherNonOperatingIncome": "-708000000", "depreciation": "None", "depreciationAndAmortization": "1120000000", "incomeBeforeTax": "4861000000", "incomeTaxExpense": "554000000", "interestAndDebtExpense": "None", "netIncomeFromContinuingOperations": "4307000000", "comprehensiveIncomeNetOfTax": "None", "ebit": "5104000000", "ebitda": "6224000000", "netIncome": "4310000000"}, {"fiscalDateEnding": "2021-12-31", "reportedCurrency": "USD", "grossProfit": "9647000000", "totalRevenue": "13521000000", "costOfRevenue": "3874000000", "costofGoodsAndServicesSold": "3874000000", "operatingIncome": "3982000000", "sellingGeneralAndAdministrative": "830000000", "researchAndDevelopment": "3068000000", "operatingExpenses": "5898000000", "investmentIncomeNet": "None", "netInterestIncome": "-200000000", "interestIncome": "381000000", "interestExpense": "209000000", "nonInterestIncome": "None", "otherNonOperatingIncome": "340000000", "depreciation": "None", "depreciationAndAmortization": "835000000", "incomeBeforeTax": "3909000000", "incomeTaxExpense": "85000000", "interestAndDebtExpense": "None", "netIncomeFromContinuingOperations": "3824000000", "comprehensiveIncomeNetOfTax": "None", "ebit": "4118000000", "ebitda": "4953000000", "netIncome": "3758000000"}, {"fiscalDateEnding": "2021-09-30", "reportedCurrency": "USD", "grossProfit": "9704000000", "totalRevenue": "13154000000", "costOfRevenue": "3450000000", "costofGoodsAndServicesSold": "3450000000", "operatingIncome": "4932000000", "sellingGeneralAndAdministrative": "2336000000", "researchAndDevelopment": "2445000000", "operatingExpenses": "4781000000", "investmentIncomeNet": "None", "netInterestIncome": "-189000000", "interestIncome": "684000000", "interestExpense": "196000000", "nonInterestIncome": "None", "otherNonOperatingIncome": "450000000", "depreciation": "None", "depreciationAndAmortization": "759000000", "incomeBeforeTax": "5266000000", "incomeTaxExpense": "695000000", "interestAndDebtExpense": "None", "netIncomeFromContinuingOperations": "4571000000", "comprehensiveIncomeNetOfTax": "None", "ebit": "5462000000", "ebitda": "6221000000", "netIncome": "4567000000"}, {"fiscalDateEnding": "2021-06-30", "reportedCurrency": "USD", "grossProfit": "8298000000", "totalRevenue": "11402000000", "costOfRevenue": "3104000000", "costofGoodsAndServicesSold": "3104000000", "operatingIncome": "1835000000", "sellingGeneralAndAdministrative": "2281000000", "researchAndDevelopment": "4321000000", "operatingExpenses": "6602000000", "investmentIncomeNet": "None", "netInterestIncome": "-193000000", "interestIncome": "9000000", "interestExpense": "202000000", "nonInterestIncome": "None", "otherNonOperatingIncome": "103000000", "depreciation": "None", "depreciationAndAmortization": "728000000", "incomeBeforeTax": "1717000000", "incomeTaxExpense": "503000000", "interestAndDebtExpense": "None", "netIncomeFromContinuingOperations": "1214000000", "comprehensiveIncomeNetOfTax": "None", "ebit": "1881000000", "ebitda": "2609000000", "netIncome": "1545000000"}, {"fiscalDateEnding": "2021-03-31", "reportedCurrency": "USD", "grossProfit": "7428000000", "totalRevenue": "10627000000", "costOfRevenue": "3199000000", "costofGoodsAndServicesSold": "3199000000", "operatingIncome": "2951000000", "sellingGeneralAndAdministrative": "2633000000", "researchAndDevelopment": "2412000000", "operatingExpenses": "4599000000", "investmentIncomeNet": "None", "netInterestIncome": "-189000000", "interestIncome": "11000000", "interestExpense": "200000000", "nonInterestIncome": "None", "otherNonOperatingIncome": "448000000", "depreciation": "None", "depreciationAndAmortization": "892000000", "incomeBeforeTax": "3462000000", "incomeTaxExpense": "276000000", "interestAndDebtExpense": "None", "netIncomeFromContinuingOperations": "3186000000", "comprehensiveIncomeNetOfTax": "None", "ebit": "2951000000", "ebitda": "3843000000", "netIncome": "3179000000"}, {"fiscalDateEnding": "2020-12-31", "reportedCurrency": "USD", "grossProfit": "6982000000", "totalRevenue": "12515000000", "costOfRevenue": "5533000000", "costofGoodsAndServicesSold": "5533000000", "operatingIncome": "-1795000000", "sellingGeneralAndAdministrative": "1285000000", "researchAndDevelopment": "5837000000", "operatingExpenses": "8922000000", "investmentIncomeNet": "None", "netInterestIncome": "-196000000", "interestIncome": "11000000", "interestExpense": "207000000", "nonInterestIncome": "None", "otherNonOperatingIncome": "255000000", "depreciation": "None", "depreciationAndAmortization": "904000000", "incomeBeforeTax": "-1993000000", "incomeTaxExpense": "99000000", "interestAndDebtExpense": "None", "netIncomeFromContinuingOperations": "-2092000000", "comprehensiveIncomeNetOfTax": "None", "ebit": "-1785000000", "ebitda": "-881000000", "netIncome": "-2094000000"}, {"fiscalDateEnding": "2020-09-30", "reportedCurrency": "USD", "grossProfit": "7916000000", "totalRevenue": "10929000000", "costOfRevenue": "3013000000", "costofGoodsAndServicesSold": "3013000000", "operatingIncome": "2672000000", "sellingGeneralAndAdministrative": "2450000000", "researchAndDevelopment": "3349000000", "operatingExpenses": "5409000000", "investmentIncomeNet": "None", "netInterestIncome": "-194000000", "interestIncome": "156000000", "interestExpense": "203000000", "nonInterestIncome": "None", "otherNonOperatingIncome": "312000000", "depreciation": "None", "depreciationAndAmortization": "807000000", "incomeBeforeTax": "3428000000", "incomeTaxExpense": "483000000", "interestAndDebtExpense": "None", "netIncomeFromContinuingOperations": "2945000000", "comprehensiveIncomeNetOfTax": "None", "ebit": "2909000000", "ebitda": "3716000000", "netIncome": "2941000000"}, {"fiscalDateEnding": "2020-06-30", "reportedCurrency": "USD", "grossProfit": "6606000000", "totalRevenue": "9353000000", "costOfRevenue": "2747000000", "costofGoodsAndServicesSold": "2747000000", "operatingIncome": "2505000000", "sellingGeneralAndAdministrative": "2378000000", "researchAndDevelopment": "2085000000", "operatingExpenses": "4170000000", "investmentIncomeNet": "None", "netInterestIncome": "-195000000", "interestIncome": "14000000", "interestExpense": "209000000", "nonInterestIncome": "None", "otherNonOperatingIncome": "390000000", "depreciation": "None", "depreciationAndAmortization": "975000000", "incomeBeforeTax": "3519000000", "incomeTaxExpense": "509000000", "interestAndDebtExpense": "None", "netIncomeFromContinuingOperations": "3010000000", "comprehensiveIncomeNetOfTax": "None", "ebit": "2505000000", "ebitda": "3480000000", "netIncome": "3002000000"}, {"fiscalDateEnding": "2020-03-31", "reportedCurrency": "USD", "grossProfit": "8745000000", "totalRevenue": "12057000000", "costOfRevenue": "3312000000", "costofGoodsAndServicesSold": "3312000000", "operatingIncome": "4124000000", "sellingGeneralAndAdministrative": "2555000000", "researchAndDevelopment": "2209000000", "operatingExpenses": "4764000000", "investmentIncomeNet": "None", "netInterestIncome": "-187000000", "interestIncome": "25000000", "interestExpense": "212000000", "nonInterestIncome": "None", "otherNonOperatingIncome": "-71000000", "depreciation": "None", "depreciationAndAmortization": "821000000", "incomeBeforeTax": "3838000000", "incomeTaxExpense": "619000000", "interestAndDebtExpense": "None", "netIncomeFromContinuingOperations": "3219000000", "comprehensiveIncomeNetOfTax": "None", "ebit": "4050000000", "ebitda": "4871000000", "netIncome": "3219000000"}, {"fiscalDateEnding": "2019-12-31", "reportedCurrency": "USD", "grossProfit": "8199000000", "totalRevenue": "11868000000", "costOfRevenue": "3669000000", "costofGoodsAndServicesSold": "3669000000", "operatingIncome": "3105000000", "sellingGeneralAndAdministrative": "789000000", "researchAndDevelopment": "2548000000", "operatingExpenses": "5437000000", "investmentIncomeNet": "None", "netInterestIncome": "-170000000", "interestIncome": "49000000", "interestExpense": "219000000", "nonInterestIncome": "None", "otherNonOperatingIncome": "224000000", "depreciation": "None", "depreciationAndAmortization": "936000000", "incomeBeforeTax": "2792000000", "incomeTaxExpense": "428000000", "interestAndDebtExpense": "None", "netIncomeFromContinuingOperations": "2364000000", "comprehensiveIncomeNetOfTax": "None", "ebit": "3012000000", "ebitda": "3948000000", "netIncome": "2356000000"}, {"fiscalDateEnding": "2019-09-30", "reportedCurrency": "USD", "grossProfit": "8407000000", "totalRevenue": "12397000000", "costOfRevenue": "3990000000", "costofGoodsAndServicesSold": "3990000000", "operatingIncome": "2832000000", "sellingGeneralAndAdministrative": "2589000000", "researchAndDevelopment": "3204000000", "operatingExpenses": "5793000000", "investmentIncomeNet": "None", "netInterestIncome": "-170000000", "interestIncome": "61000000", "interestExpense": "231000000", "nonInterestIncome": "None", "otherNonOperatingIncome": "-35000000", "depreciation": "None", "depreciationAndAmortization": "845000000", "incomeBeforeTax": "2347000000", "incomeTaxExpense": "440000000", "interestAndDebtExpense": "None", "netIncomeFromContinuingOperations": "1907000000", "comprehensiveIncomeNetOfTax": "None", "ebit": "2578000000", "ebitda": "3423000000", "netIncome": "1901000000"}, {"fiscalDateEnding": "2019-06-30", "reportedCurrency": "USD", "grossProfit": "8359000000", "totalRevenue": "11760000000", "costOfRevenue": "3401000000", "costofGoodsAndServicesSold": "3401000000", "operatingIncome": "3520000000", "sellingGeneralAndAdministrative": "2712000000", "researchAndDevelopment": "2189000000", "operatingExpenses": "4901000000", "investmentIncomeNet": "None", "netInterestIncome": "-158000000", "interestIncome": "75000000", "interestExpense": "233000000", "nonInterestIncome": "None", "otherNonOperatingIncome": "-140000000", "depreciation": "None", "depreciationAndAmortization": "973000000", "incomeBeforeTax": "3259000000", "incomeTaxExpense": "615000000", "interestAndDebtExpense": "None", "netIncomeFromContinuingOperations": "2644000000", "comprehensiveIncomeNetOfTax": "None", "ebit": "3492000000", "ebitda": "4465000000", "netIncome": "2670000000"}, {"fiscalDateEnding": "2019-03-31", "reportedCurrency": "USD", "grossProfit": "7764000000", "totalRevenue": "10816000000", "costOfRevenue": "3052000000", "costofGoodsAndServicesSold": "3052000000", "operatingIncome": "3555000000", "sellingGeneralAndAdministrative": "2425000000", "researchAndDevelopment": "1931000000", "operatingExpenses": "4356000000", "investmentIncomeNet": "None", "netInterestIncome": "-120000000", "interestIncome": "246000000", "interestExpense": "209000000", "nonInterestIncome": "None", "otherNonOperatingIncome": "-188000000", "depreciation": "None", "depreciationAndAmortization": "898000000", "incomeBeforeTax": "3067000000", "incomeTaxExpense": "205000000", "interestAndDebtExpense": "None", "netIncomeFromContinuingOperations": "2862000000", "comprehensiveIncomeNetOfTax": "None", "ebit": "3593000000", "ebitda": "4491000000", "netIncome": "2915000000"}, {"fiscalDateEnding": "2018-12-31", "reportedCurrency": "USD", "grossProfit": "7709000000", "totalRevenue": "10998000000", "costOfRevenue": "3289000000", "costofGoodsAndServicesSold": "3289000000", "operatingIncome": "2647000000", "sellingGeneralAndAdministrative": "543000000", "researchAndDevelopment": "2214000000", "operatingExpenses": "4857000000", "investmentIncomeNet": "None", "netInterestIncome": "None", "interestIncome": "None", "interestExpense": "203000000", "nonInterestIncome": "None", "otherNonOperatingIncome": "-109000000", "depreciation": "None", "depreciationAndAmortization": "1095000000", "incomeBeforeTax": "2604000000", "incomeTaxExpense": "826000000", "interestAndDebtExpense": "None", "netIncomeFromContinuingOperations": "1778000000", "comprehensiveIncomeNetOfTax": "None", "ebit": "2807000000", "ebitda": "3902000000", "netIncome": "1827000000"}, {"fiscalDateEnding": "2018-09-30", "reportedCurrency": "USD", "grossProfit": "7175000000", "totalRevenue": "10794000000", "costOfRevenue": "3619000000", "costofGoodsAndServicesSold": "3619000000", "operatingIncome": "2870000000", "sellingGeneralAndAdministrative": "2443000000", "researchAndDevelopment": "2068000000", "operatingExpenses": "4511000000", "investmentIncomeNet": "None", "netInterestIncome": "None", "interestIncome": "None", "interestExpense": "190000000", "nonInterestIncome": "None", "otherNonOperatingIncome": "172000000", "depreciation": "None", "depreciationAndAmortization": "1094000000", "incomeBeforeTax": "2665000000", "incomeTaxExpense": "707000000", "interestAndDebtExpense": "None", "netIncomeFromContinuingOperations": "1958000000", "comprehensiveIncomeNetOfTax": "None", "ebit": "2822000000", "ebitda": "3916000000", "netIncome": "1950000000"}, {"fiscalDateEnding": "2018-06-30", "reportedCurrency": "USD", "grossProfit": "7048000000", "totalRevenue": "10465000000", "costOfRevenue": "3417000000", "costofGoodsAndServicesSold": "3417000000", "operatingIncome": "2426000000", "sellingGeneralAndAdministrative": "2508000000", "researchAndDevelopment": "2274000000", "operatingExpenses": "4782000000", "investmentIncomeNet": "None", "netInterestIncome": "None", "interestIncome": "None", "interestExpense": "194000000", "nonInterestIncome": "None", "otherNonOperatingIncome": "48000000", "depreciation": "None", "depreciationAndAmortization": "1290000000", "incomeBeforeTax": "2086000000", "incomeTaxExpense": "370000000", "interestAndDebtExpense": "None", "netIncomeFromContinuingOperations": "1716000000", "comprehensiveIncomeNetOfTax": "None", "ebit": "2526000000", "ebitda": "3816000000", "netIncome": "1707000000"}, {"fiscalDateEnding": "2018-03-31", "reportedCurrency": "USD", "grossProfit": "6853000000", "totalRevenue": "10037000000", "costOfRevenue": "3184000000", "costofGoodsAndServicesSold": "3184000000", "operatingIncome": "1607000000", "sellingGeneralAndAdministrative": "2508000000", "researchAndDevelopment": "3196000000", "operatingExpenses": "5704000000", "investmentIncomeNet": "None", "netInterestIncome": "None", "interestIncome": "None", "interestExpense": "185000000", "nonInterestIncome": "None", "otherNonOperatingIncome": "291000000", "depreciation": "None", "depreciationAndAmortization": "1137000000", "incomeBeforeTax": "1345000000", "incomeTaxExpense": "604000000", "interestAndDebtExpense": "None", "netIncomeFromContinuingOperations": "741000000", "comprehensiveIncomeNetOfTax": "None", "ebit": "1530000000", "ebitda": "2667000000", "netIncome": "736000000"}, {"fiscalDateEnding": "2017-12-31", "reportedCurrency": "USD", "grossProfit": "7027000000", "totalRevenue": "10433000000", "costOfRevenue": "3406000000", "costofGoodsAndServicesSold": "3406000000", "operatingIncome": "2359000000", "sellingGeneralAndAdministrative": "2580000000", "researchAndDevelopment": "2281000000", "operatingExpenses": "4860000000", "investmentIncomeNet": "None", "netInterestIncome": "None", "interestIncome": "None", "interestExpense": "190000000", "nonInterestIncome": "None", "otherNonOperatingIncome": "18000000", "depreciation": "None", "depreciationAndAmortization": "1128000000", "incomeBeforeTax": "2105000000", "incomeTaxExpense": "2969000000", "interestAndDebtExpense": "None", "netIncomeFromContinuingOperations": "-1038000000", "comprehensiveIncomeNetOfTax": "None", "ebit": "2069000000", "ebitda": "3197000000", "netIncome": "-872000000"}, {"fiscalDateEnding": "2017-09-30", "reportedCurrency": "USD", "grossProfit": "7018000000", "totalRevenue": "10325000000", "costOfRevenue": "3307000000", "costofGoodsAndServicesSold": "3307000000", "operatingIncome": "536000000", "sellingGeneralAndAdministrative": "2401000000", "researchAndDevelopment": "4413000000", "operatingExpenses": "6872000000", "investmentIncomeNet": "None", "netInterestIncome": "None", "interestIncome": "None", "interestExpense": "189000000", "nonInterestIncome": "None", "otherNonOperatingIncome": "86000000", "depreciation": "None", "depreciationAndAmortization": "1154000000", "incomeBeforeTax": "200000000", "incomeTaxExpense": "251000000", "interestAndDebtExpense": "None", "netIncomeFromContinuingOperations": "-51000000", "comprehensiveIncomeNetOfTax": "None", "ebit": "389000000", "ebitda": "1543000000", "netIncome": "-56000000"}, {"fiscalDateEnding": "2017-06-30", "reportedCurrency": "USD", "grossProfit": "6814000000", "totalRevenue": "9930000000", "costOfRevenue": "3116000000", "costofGoodsAndServicesSold": "3116000000", "operatingIncome": "2817000000", "sellingGeneralAndAdministrative": "2438000000", "researchAndDevelopment": "1782000000", "operatingExpenses": "4282000000", "investmentIncomeNet": "None", "netInterestIncome": "None", "interestIncome": "None", "interestExpense": "193000000", "nonInterestIncome": "None", "otherNonOperatingIncome": "-58000000", "depreciation": "None", "depreciationAndAmortization": "1162000000", "incomeBeforeTax": "2439000000", "incomeTaxExpense": "488000000", "interestAndDebtExpense": "None", "netIncomeFromContinuingOperations": "1951000000", "comprehensiveIncomeNetOfTax": "None", "ebit": "2632000000", "ebitda": "3794000000", "netIncome": "1946000000"}, {"fiscalDateEnding": "2017-03-31", "reportedCurrency": "USD", "grossProfit": "6385000000", "totalRevenue": "9434000000", "costOfRevenue": "3049000000", "costofGoodsAndServicesSold": "3049000000", "operatingIncome": "2328000000", "sellingGeneralAndAdministrative": "2411000000", "researchAndDevelopment": "1830000000", "operatingExpenses": "4302000000", "investmentIncomeNet": "None", "netInterestIncome": "None", "interestIncome": "None", "interestExpense": "182000000", "nonInterestIncome": "None", "otherNonOperatingIncome": "-58000000", "depreciation": "None", "depreciationAndAmortization": "1193000000", "incomeBeforeTax": "2003000000", "incomeTaxExpense": "447000000", "interestAndDebtExpense": "None", "netIncomeFromContinuingOperations": "1556000000", "comprehensiveIncomeNetOfTax": "None", "ebit": "2328000000", "ebitda": "3521000000", "netIncome": "1551000000"}, {"fiscalDateEnding": "2016-12-31", "reportedCurrency": "USD", "grossProfit": "6783000000", "totalRevenue": "10115000000", "costOfRevenue": "3332000000", "costofGoodsAndServicesSold": "3332000000", "operatingIncome": "-816000000", "sellingGeneralAndAdministrative": "2593000000", "researchAndDevelopment": "4649000000", "operatingExpenses": "7242000000", "investmentIncomeNet": "None", "netInterestIncome": "None", "interestIncome": "None", "interestExpense": "180000000", "nonInterestIncome": "None", "otherNonOperatingIncome": "-631000000", "depreciation": "None", "depreciationAndAmortization": "1155000000", "incomeBeforeTax": "1484000000", "incomeTaxExpense": "300000000", "interestAndDebtExpense": "None", "netIncomeFromContinuingOperations": "-586000000", "comprehensiveIncomeNetOfTax": "None", "ebit": "-1176000000", "ebitda": "-21000000", "netIncome": "1177000000"}, {"fiscalDateEnding": "2016-09-30", "reportedCurrency": "USD", "grossProfit": "7127000000", "totalRevenue": "10536000000", "costOfRevenue": "3409000000", "costofGoodsAndServicesSold": "3409000000", "operatingIncome": "3221000000", "sellingGeneralAndAdministrative": "2393000000", "researchAndDevelopment": "1664000000", "operatingExpenses": "4057000000", "investmentIncomeNet": "None", "netInterestIncome": "None", "interestIncome": "None", "interestExpense": "170000000", "nonInterestIncome": "None", "otherNonOperatingIncome": "-22000000", "depreciation": "None", "depreciationAndAmortization": "1175000000", "incomeBeforeTax": "2887000000", "incomeTaxExpense": "699000000", "interestAndDebtExpense": "None", "netIncomeFromContinuingOperations": "2188000000", "comprehensiveIncomeNetOfTax": "None", "ebit": "3057000000", "ebitda": "4232000000", "netIncome": "2184000000"}, {"fiscalDateEnding": "2016-06-30", "reportedCurrency": "USD", "grossProfit": "6266000000", "totalRevenue": "9844000000", "costOfRevenue": "3578000000", "costofGoodsAndServicesSold": "3578000000", "operatingIncome": "1846000000", "sellingGeneralAndAdministrative": "2458000000", "researchAndDevelopment": "2151000000", "operatingExpenses": "4609000000", "investmentIncomeNet": "None", "netInterestIncome": "None", "interestIncome": "None", "interestExpense": "171000000", "nonInterestIncome": "None", "otherNonOperatingIncome": "-19000000", "depreciation": "None", "depreciationAndAmortization": "1550000000", "incomeBeforeTax": "1504000000", "incomeTaxExpense": "295000000", "interestAndDebtExpense": "None", "netIncomeFromContinuingOperations": "1209000000", "comprehensiveIncomeNetOfTax": "None", "ebit": "1675000000", "ebitda": "3225000000", "netIncome": "1205000000"}, {"fiscalDateEnding": "2016-03-31", "reportedCurrency": "USD", "grossProfit": "5740000000", "totalRevenue": "9312000000", "costOfRevenue": "3572000000", "costofGoodsAndServicesSold": "3572000000", "operatingIncome": "1925000000", "sellingGeneralAndAdministrative": "2318000000", "researchAndDevelopment": "1659000000", "operatingExpenses": "3977000000", "investmentIncomeNet": "None", "netInterestIncome": "None", "interestIncome": "None", "interestExpense": "172000000", "nonInterestIncome": "None", "otherNonOperatingIncome": "-48000000", "depreciation": "None", "depreciationAndAmortization": "1561000000", "incomeBeforeTax": "1624000000", "incomeTaxExpense": "494000000", "interestAndDebtExpense": "None", "netIncomeFromContinuingOperations": "1130000000", "comprehensiveIncomeNetOfTax": "None", "ebit": "1925000000", "ebitda": "3486000000", "netIncome": "1125000000"}, {"fiscalDateEnding": "2015-12-31", "reportedCurrency": "USD", "grossProfit": "6365000000", "totalRevenue": "10215000000", "costOfRevenue": "3850000000", "costofGoodsAndServicesSold": "3850000000", "operatingIncome": "1457000000", "sellingGeneralAndAdministrative": "2616000000", "researchAndDevelopment": "1798000000", "operatingExpenses": "4413000000", "investmentIncomeNet": "None", "netInterestIncome": "None", "interestIncome": "None", "interestExpense": "169000000", "nonInterestIncome": "None", "otherNonOperatingIncome": "-903000000", "depreciation": "None", "depreciationAndAmortization": "1560000000", "incomeBeforeTax": "815000000", "incomeTaxExpense": "-166000000", "interestAndDebtExpense": "None", "netIncomeFromContinuingOperations": "982000000", "comprehensiveIncomeNetOfTax": "None", "ebit": "1457000000", "ebitda": "3017000000", "netIncome": "977000000"}, {"fiscalDateEnding": "2015-09-30", "reportedCurrency": "USD", "grossProfit": "6312000000", "totalRevenue": "10073000000", "costOfRevenue": "3761000000", "costofGoodsAndServicesSold": "3761000000", "operatingIncome": "2903000000", "sellingGeneralAndAdministrative": "2472000000", "researchAndDevelopment": "1500000000", "operatingExpenses": "3972000000", "investmentIncomeNet": "None", "netInterestIncome": "None", "interestIncome": "None", "interestExpense": "165000000", "nonInterestIncome": "None", "otherNonOperatingIncome": "170000000", "depreciation": "None", "depreciationAndAmortization": "1570000000", "incomeBeforeTax": "2397000000", "incomeTaxExpense": "566000000", "interestAndDebtExpense": "None", "netIncomeFromContinuingOperations": "1831000000", "comprehensiveIncomeNetOfTax": "None", "ebit": "2562000000", "ebitda": "4132000000", "netIncome": "1826000000"}, {"fiscalDateEnding": "2015-06-30", "reportedCurrency": "USD", "grossProfit": "6031000000", "totalRevenue": "9785000000", "costOfRevenue": "3754000000", "costofGoodsAndServicesSold": "3754000000", "operatingIncome": "1888000000", "sellingGeneralAndAdministrative": "2624000000", "researchAndDevelopment": "1670000000", "operatingExpenses": "4294000000", "investmentIncomeNet": "None", "netInterestIncome": "None", "interestIncome": "None", "interestExpense": "174000000", "nonInterestIncome": "None", "otherNonOperatingIncome": "-739000000", "depreciation": "None", "depreciationAndAmortization": "1608000000", "incomeBeforeTax": "807000000", "incomeTaxExpense": "119000000", "interestAndDebtExpense": "None", "netIncomeFromContinuingOperations": "688000000", "comprehensiveIncomeNetOfTax": "None", "ebit": "981000000", "ebitda": "2589000000", "netIncome": "687000000"}, {"fiscalDateEnding": "2015-03-31", "reportedCurrency": "USD", "grossProfit": "5856000000", "totalRevenue": "9425000000", "costOfRevenue": "3569000000", "costofGoodsAndServicesSold": "3569000000", "operatingIncome": "1722000000", "sellingGeneralAndAdministrative": "2601000000", "researchAndDevelopment": "1737000000", "operatingExpenses": "4338000000", "investmentIncomeNet": "None", "netInterestIncome": "None", "interestIncome": "None", "interestExpense": "164000000", "nonInterestIncome": "None", "otherNonOperatingIncome": "-55000000", "depreciation": "None", "depreciationAndAmortization": "1637000000", "incomeBeforeTax": "1381000000", "incomeTaxExpense": "423000000", "interestAndDebtExpense": "None", "netIncomeFromContinuingOperations": "958000000", "comprehensiveIncomeNetOfTax": "None", "ebit": "1545000000", "ebitda": "3182000000", "netIncome": "953000000"}, {"fiscalDateEnding": "2014-12-31", "reportedCurrency": "USD", "grossProfit": "6733000000", "totalRevenue": "10482000000", "costOfRevenue": "3749000000", "costofGoodsAndServicesSold": "3749000000", "operatingIncome": "12391000000", "sellingGeneralAndAdministrative": "2924000000", "researchAndDevelopment": "2283000000", "operatingExpenses": "5208000000", "investmentIncomeNet": "None", "netInterestIncome": "None", "interestIncome": "None", "interestExpense": "165000000", "nonInterestIncome": "None", "otherNonOperatingIncome": "10634000000", "depreciation": "None", "depreciationAndAmortization": "1573000000", "incomeBeforeTax": "11811000000", "incomeTaxExpense": "4484000000", "interestAndDebtExpense": "None", "netIncomeFromContinuingOperations": "7328000000", "comprehensiveIncomeNetOfTax": "None", "ebit": "11976000000", "ebitda": "13549000000", "netIncome": "7316000000"}, {"fiscalDateEnding": "2014-09-30", "reportedCurrency": "USD", "grossProfit": "6334000000", "totalRevenue": "10557000000", "costOfRevenue": "4223000000", "costofGoodsAndServicesSold": "4223000000", "operatingIncome": "2118000000", "sellingGeneralAndAdministrative": "2975000000", "researchAndDevelopment": "1659000000", "operatingExpenses": "4634000000", "investmentIncomeNet": "None", "netInterestIncome": "None", "interestIncome": "None", "interestExpense": "191000000", "nonInterestIncome": "None", "otherNonOperatingIncome": "166000000", "depreciation": "None", "depreciationAndAmortization": "1611000000", "incomeBeforeTax": "1490000000", "incomeTaxExpense": "648000000", "interestAndDebtExpense": "None", "netIncomeFromContinuingOperations": "842000000", "comprehensiveIncomeNetOfTax": "None", "ebit": "1681000000", "ebitda": "3292000000", "netIncome": "895000000"}, {"fiscalDateEnding": "2014-06-30", "reportedCurrency": "USD", "grossProfit": "6041000000", "totalRevenue": "10934000000", "costOfRevenue": "4893000000", "costofGoodsAndServicesSold": "4893000000", "operatingIncome": "2262000000", "sellingGeneralAndAdministrative": "2973000000", "researchAndDevelopment": "1664000000", "operatingExpenses": "4637000000", "investmentIncomeNet": "None", "netInterestIncome": "None", "interestIncome": "None", "interestExpense": "188000000", "nonInterestIncome": "None", "otherNonOperatingIncome": "650000000", "depreciation": "None", "depreciationAndAmortization": "1753000000", "incomeBeforeTax": "1891000000", "incomeTaxExpense": "-142000000", "interestAndDebtExpense": "None", "netIncomeFromContinuingOperations": "2033000000", "comprehensiveIncomeNetOfTax": "None", "ebit": "2079000000", "ebitda": "3832000000", "netIncome": "2004000000"}, {"fiscalDateEnding": "2014-03-31", "reportedCurrency": "USD", "grossProfit": "6361000000", "totalRevenue": "10264000000", "costOfRevenue": "3903000000", "costofGoodsAndServicesSold": "3903000000", "operatingIncome": "2438000000", "sellingGeneralAndAdministrative": "2734000000", "researchAndDevelopment": "1574000000", "operatingExpenses": "4308000000", "investmentIncomeNet": "None", "netInterestIncome": "None", "interestIncome": "None", "interestExpense": "188000000", "nonInterestIncome": "None", "otherNonOperatingIncome": "163000000", "depreciation": "None", "depreciationAndAmortization": "1754000000", "incomeBeforeTax": "2091000000", "incomeTaxExpense": "360000000", "interestAndDebtExpense": "None", "netIncomeFromContinuingOperations": "1731000000", "comprehensiveIncomeNetOfTax": "None", "ebit": "2279000000", "ebitda": "4033000000", "netIncome": "1705000000"}, {"fiscalDateEnding": "2013-12-31", "reportedCurrency": "USD", "grossProfit": "6713000000", "totalRevenue": "11320000000", "costOfRevenue": "4607000000", "costofGoodsAndServicesSold": "4607000000", "operatingIncome": "2003000000", "sellingGeneralAndAdministrative": "2981000000", "researchAndDevelopment": "1835000000", "operatingExpenses": "4817000000", "investmentIncomeNet": "None", "netInterestIncome": "None", "interestIncome": "None", "interestExpense": "201000000", "nonInterestIncome": "None", "otherNonOperatingIncome": "-107000000", "depreciation": "None", "depreciationAndAmortization": "1954000000", "incomeBeforeTax": "1225000000", "incomeTaxExpense": "410000000", "interestAndDebtExpense": "None", "netIncomeFromContinuingOperations": "816000000", "comprehensiveIncomeNetOfTax": "None", "ebit": "2003000000", "ebitda": "3957000000", "netIncome": "781000000"}, {"fiscalDateEnding": "2013-09-30", "reportedCurrency": "USD", "grossProfit": "6928000000", "totalRevenue": "11032000000", "costOfRevenue": "4104000000", "costofGoodsAndServicesSold": "4104000000", "operatingIncome": "2621000000", "sellingGeneralAndAdministrative": "2803000000", "researchAndDevelopment": "1660000000", "operatingExpenses": "4463000000", "investmentIncomeNet": "None", "netInterestIncome": "None", "interestIncome": "None", "interestExpense": "215000000", "nonInterestIncome": "None", "otherNonOperatingIncome": "-70000000", "depreciation": "None", "depreciationAndAmortization": "1705000000", "incomeBeforeTax": "1525000000", "incomeTaxExpense": "375000000", "interestAndDebtExpense": "None", "netIncomeFromContinuingOperations": "1150000000", "comprehensiveIncomeNetOfTax": "None", "ebit": "1740000000", "ebitda": "3445000000", "netIncome": "1124000000"}, {"fiscalDateEnding": "2013-06-30", "reportedCurrency": "USD", "grossProfit": "6726000000", "totalRevenue": "11010000000", "costOfRevenue": "4284000000", "costofGoodsAndServicesSold": "4284000000", "operatingIncome": "1656000000", "sellingGeneralAndAdministrative": "3140000000", "researchAndDevelopment": "2101000000", "operatingExpenses": "5241000000", "investmentIncomeNet": "None", "netInterestIncome": "None", "interestIncome": "None", "interestExpense": "201000000", "nonInterestIncome": "None", "otherNonOperatingIncome": "-85000000", "depreciation": "None", "depreciationAndAmortization": "1655000000", "incomeBeforeTax": "1245000000", "incomeTaxExpense": "310000000", "interestAndDebtExpense": "None", "netIncomeFromContinuingOperations": "935000000", "comprehensiveIncomeNetOfTax": "None", "ebit": "1446000000", "ebitda": "3101000000", "netIncome": "906000000"}, {"fiscalDateEnding": "2013-03-31", "reportedCurrency": "USD", "grossProfit": "6712000000", "totalRevenue": "10671000000", "costOfRevenue": "3959000000", "costofGoodsAndServicesSold": "3959000000", "operatingIncome": "2065000000", "sellingGeneralAndAdministrative": "2987000000", "researchAndDevelopment": "1907000000", "operatingExpenses": "4894000000", "investmentIncomeNet": "None", "netInterestIncome": "None", "interestIncome": "None", "interestExpense": "184000000", "nonInterestIncome": "None", "otherNonOperatingIncome": "-149000000", "depreciation": "None", "depreciationAndAmortization": "1674000000", "incomeBeforeTax": "1550000000", "incomeTaxExpense": "-66000000", "interestAndDebtExpense": "None", "netIncomeFromContinuingOperations": "1616000000", "comprehensiveIncomeNetOfTax": "None", "ebit": "1734000000", "ebitda": "3408000000", "netIncome": "1593000000"}, {"fiscalDateEnding": "2012-12-31", "reportedCurrency": "USD", "grossProfit": "7577000000", "totalRevenue": "11737000000", "costOfRevenue": "4160000000", "costofGoodsAndServicesSold": "4160000000", "operatingIncome": "1801000000", "sellingGeneralAndAdministrative": "3390000000", "researchAndDevelopment": "2224000000", "operatingExpenses": "5614000000", "investmentIncomeNet": "None", "netInterestIncome": "None", "interestIncome": "None", "interestExpense": "190000000", "nonInterestIncome": "None", "otherNonOperatingIncome": "-439000000", "depreciation": "None", "depreciationAndAmortization": "1661000000", "incomeBeforeTax": "1828000000", "incomeTaxExpense": "385000000", "interestAndDebtExpense": "None", "netIncomeFromContinuingOperations": "949000000", "comprehensiveIncomeNetOfTax": "None", "ebit": "1801000000", "ebitda": "3462000000", "netIncome": "1401000000"}, {"fiscalDateEnding": "2012-09-30", "reportedCurrency": "USD", "grossProfit": "7351000000", "totalRevenue": "11488000000", "costOfRevenue": "4137000000", "costofGoodsAndServicesSold": "4137000000", "operatingIncome": "2556000000", "sellingGeneralAndAdministrative": "3063000000", "researchAndDevelopment": "1918000000", "operatingExpenses": "4981000000", "investmentIncomeNet": "None", "netInterestIncome": "None", "interestIncome": "None", "interestExpense": "178000000", "nonInterestIncome": "None", "otherNonOperatingIncome": "-42000000", "depreciation": "None", "depreciationAndAmortization": "1723000000", "incomeBeforeTax": "2507000000", "incomeTaxExpense": "740000000", "interestAndDebtExpense": "None", "netIncomeFromContinuingOperations": "1763000000", "comprehensiveIncomeNetOfTax": "None", "ebit": "2396000000", "ebitda": "4119000000", "netIncome": "1729000000"}, {"fiscalDateEnding": "2012-06-30", "reportedCurrency": "USD", "grossProfit": "8199000000", "totalRevenue": "12311000000", "costOfRevenue": "4112000000", "costofGoodsAndServicesSold": "4112000000", "operatingIncome": "3009000000", "sellingGeneralAndAdministrative": "3249000000", "researchAndDevelopment": "2165000000", "operatingExpenses": "5414000000", "investmentIncomeNet": "None", "netInterestIncome": "None", "interestIncome": "None", "interestExpense": "172000000", "nonInterestIncome": "None", "otherNonOperatingIncome": "39000000", "depreciation": "None", "depreciationAndAmortization": "1804000000", "incomeBeforeTax": "2507000000", "incomeTaxExpense": "740000000", "interestAndDebtExpense": "None", "netIncomeFromContinuingOperations": "1820000000", "comprehensiveIncomeNetOfTax": "None", "ebit": "2852000000", "ebitda": "4656000000", "netIncome": "1792000000"}, {"fiscalDateEnding": "2012-03-31", "reportedCurrency": "USD", "grossProfit": "7694000000", "totalRevenue": "11731000000", "costOfRevenue": "4037000000", "costofGoodsAndServicesSold": "4037000000", "operatingIncome": "2968000000", "sellingGeneralAndAdministrative": "3074000000", "researchAndDevelopment": "1862000000", "operatingExpenses": "4936000000", "investmentIncomeNet": "None", "netInterestIncome": "None", "interestIncome": "None", "interestExpense": "175000000", "nonInterestIncome": "None", "otherNonOperatingIncome": "-32000000", "depreciation": "None", "depreciationAndAmortization": "1790000000", "incomeBeforeTax": "2507000000", "incomeTaxExpense": "740000000", "interestAndDebtExpense": "None", "netIncomeFromContinuingOperations": "1767000000", "comprehensiveIncomeNetOfTax": "None", "ebit": "2682000000", "ebitda": "4472000000", "netIncome": "1736000000"}, {"fiscalDateEnding": "2011-12-31", "reportedCurrency": "USD", "grossProfit": "8118000000", "totalRevenue": "12294000000", "costOfRevenue": "4176000000", "costofGoodsAndServicesSold": "4176000000", "operatingIncome": "2313000000", "sellingGeneralAndAdministrative": "3704000000", "researchAndDevelopment": "2419000000", "operatingExpenses": "6123000000", "investmentIncomeNet": "None", "netInterestIncome": "None", "interestIncome": "None", "interestExpense": "192000000", "nonInterestIncome": "None", "otherNonOperatingIncome": "119000000", "depreciation": "None", "depreciationAndAmortization": "1861000000", "incomeBeforeTax": "1580000000", "incomeTaxExpense": "37000000", "interestAndDebtExpense": "None", "netIncomeFromContinuingOperations": "1543000000", "comprehensiveIncomeNetOfTax": "None", "ebit": "2313000000", "ebitda": "4174000000", "netIncome": "1512000000"}, {"fiscalDateEnding": "2011-09-30", "reportedCurrency": "USD", "grossProfit": "7670000000", "totalRevenue": "12022000000", "costOfRevenue": "4352000000", "costofGoodsAndServicesSold": "4352000000", "operatingIncome": "2569000000", "sellingGeneralAndAdministrative": "3340000000", "researchAndDevelopment": "1954000000", "operatingExpenses": "5294000000", "investmentIncomeNet": "None", "netInterestIncome": "None", "interestIncome": "None", "interestExpense": "176000000", "nonInterestIncome": "None", "otherNonOperatingIncome": "95000000", "depreciation": "None", "depreciationAndAmortization": "1903000000", "incomeBeforeTax": "2352000000", "incomeTaxExpense": "628000000", "interestAndDebtExpense": "None", "netIncomeFromContinuingOperations": "1724000000", "comprehensiveIncomeNetOfTax": "None", "ebit": "2528000000", "ebitda": "4431000000", "netIncome": "1692000000"}, {"fiscalDateEnding": "2011-06-30", "reportedCurrency": "USD", "grossProfit": "7867000000", "totalRevenue": "12151000000", "costOfRevenue": "4284000000", "costofGoodsAndServicesSold": "4284000000", "operatingIncome": "2500000000", "sellingGeneralAndAdministrative": "3525000000", "researchAndDevelopment": "1936000000", "operatingExpenses": "5406000000", "investmentIncomeNet": "None", "netInterestIncome": "None", "interestIncome": "None", "interestExpense": "170000000", "nonInterestIncome": "None", "otherNonOperatingIncome": "-66000000", "depreciation": "None", "depreciationAndAmortization": "1832000000", "incomeBeforeTax": "1672000000", "incomeTaxExpense": "-382000000", "interestAndDebtExpense": "None", "netIncomeFromContinuingOperations": "2054000000", "comprehensiveIncomeNetOfTax": "None", "ebit": "1842000000", "ebitda": "3674000000", "netIncome": "2024000000"}, {"fiscalDateEnding": "2011-03-31", "reportedCurrency": "USD", "grossProfit": "7521000000", "totalRevenue": "11580000000", "costOfRevenue": "4059000000", "costofGoodsAndServicesSold": "4059000000", "operatingIncome": "2378000000", "sellingGeneralAndAdministrative": "3164000000", "researchAndDevelopment": "2158000000", "operatingExpenses": "5322000000", "investmentIncomeNet": "None", "netInterestIncome": "None", "interestIncome": "None", "interestExpense": "186000000", "nonInterestIncome": "None", "otherNonOperatingIncome": "-484000000", "depreciation": "None", "depreciationAndAmortization": "1831000000", "incomeBeforeTax": "1729000000", "incomeTaxExpense": "658000000", "interestAndDebtExpense": "None", "netIncomeFromContinuingOperations": "1071000000", "comprehensiveIncomeNetOfTax": "None", "ebit": "1915000000", "ebitda": "3746000000", "netIncome": "1043000000"}, {"fiscalDateEnding": "2010-12-31", "reportedCurrency": "USD", "grossProfit": "7653600000", "totalRevenue": "12093700000", "costOfRevenue": "4440100000", "costofGoodsAndServicesSold": "4440100000", "operatingIncome": "-245100000", "sellingGeneralAndAdministrative": "3578200000", "researchAndDevelopment": "4517000000", "operatingExpenses": "8095200000", "investmentIncomeNet": "None", "netInterestIncome": "None", "interestIncome": "None", "interestExpense": "176400000", "nonInterestIncome": "None", "otherNonOperatingIncome": "-138200000", "depreciation": "None", "depreciationAndAmortization": "1866000000", "incomeBeforeTax": "-701200000", "incomeTaxExpense": "-201200000", "interestAndDebtExpense": "None", "netIncomeFromContinuingOperations": "-500100000", "comprehensiveIncomeNetOfTax": "None", "ebit": "-245100000", "ebitda": "1620900000", "netIncome": "-531700000"}, {"fiscalDateEnding": "2010-09-30", "reportedCurrency": "USD", "grossProfit": "6934000000", "totalRevenue": "11125000000", "costOfRevenue": "4191000000", "costofGoodsAndServicesSold": "4191000000", "operatingIncome": "1679000000", "sellingGeneralAndAdministrative": "3192000000", "researchAndDevelopment": "2322000000", "operatingExpenses": "5514000000", "investmentIncomeNet": "None", "netInterestIncome": "None", "interestIncome": "None", "interestExpense": "173000000", "nonInterestIncome": "None", "otherNonOperatingIncome": "-871900000", "depreciation": "None", "depreciationAndAmortization": "1880000000", "incomeBeforeTax": "497700000", "incomeTaxExpense": "126000000", "interestAndDebtExpense": "None", "netIncomeFromContinuingOperations": "371700000", "comprehensiveIncomeNetOfTax": "None", "ebit": "671000000", "ebitda": "2551000000", "netIncome": "342000000"}, {"fiscalDateEnding": "2010-06-30", "reportedCurrency": "USD", "grossProfit": "6797000000", "totalRevenue": "11346000000", "costOfRevenue": "4549000000", "costofGoodsAndServicesSold": "4549000000", "operatingIncome": "1508000000", "sellingGeneralAndAdministrative": "3202700000", "researchAndDevelopment": "2179000000", "operatingExpenses": "5354000000", "investmentIncomeNet": "None", "netInterestIncome": "None", "interestIncome": "None", "interestExpense": "185000000", "nonInterestIncome": "None", "otherNonOperatingIncome": "323300000", "depreciation": "None", "depreciationAndAmortization": "1948000000", "incomeBeforeTax": "1240800000", "incomeTaxExpense": "460600000", "interestAndDebtExpense": "None", "netIncomeFromContinuingOperations": "780200000", "comprehensiveIncomeNetOfTax": "None", "ebit": "1426000000", "ebitda": "3374000000", "netIncome": "752000000"}, {"fiscalDateEnding": "2010-03-31", "reportedCurrency": "USD", "grossProfit": "6206000000", "totalRevenue": "11422000000", "costOfRevenue": "5216000000", "costofGoodsAndServicesSold": "5216000000", "operatingIncome": "1083000000", "sellingGeneralAndAdministrative": "3246200000", "researchAndDevelopment": "2051000000", "operatingExpenses": "5273000000", "investmentIncomeNet": "None", "netInterestIncome": "None", "interestIncome": "None", "interestExpense": "181000000", "nonInterestIncome": "None", "otherNonOperatingIncome": "-30200000", "depreciation": "None", "depreciationAndAmortization": "1687000000", "incomeBeforeTax": "615800000", "incomeTaxExpense": "285600000", "interestAndDebtExpense": "None", "netIncomeFromContinuingOperations": "330200000", "comprehensiveIncomeNetOfTax": "None", "ebit": "797000000", "ebitda": "2484000000", "netIncome": "299000000"}, {"fiscalDateEnding": "2009-12-31", "reportedCurrency": "USD", "grossProfit": "5192600000", "totalRevenue": "10093500000", "costOfRevenue": "4900900000", "costofGoodsAndServicesSold": "4900900000", "operatingIncome": "150300000", "sellingGeneralAndAdministrative": "3455200000", "researchAndDevelopment": "1971500000", "operatingExpenses": "5426700000", "investmentIncomeNet": "None", "netInterestIncome": "None", "interestIncome": "None", "interestExpense": "167100000", "nonInterestIncome": "None", "otherNonOperatingIncome": "None", "depreciation": "None", "depreciationAndAmortization": "1249700000", "incomeBeforeTax": "6464700000", "incomeTaxExpense": "-60100000", "interestAndDebtExpense": "None", "netIncomeFromContinuingOperations": "0", "comprehensiveIncomeNetOfTax": "None", "ebit": "150300000", "ebitda": "1400000000", "netIncome": "6495700000"}, {"fiscalDateEnding": "2009-09-30", "reportedCurrency": "USD", "grossProfit": "4619400000", "totalRevenue": "6049700000", "costOfRevenue": "1430300000", "costofGoodsAndServicesSold": "1430300000", "operatingIncome": "2361500000", "sellingGeneralAndAdministrative": "1725500000", "researchAndDevelopment": "1254000000", "operatingExpenses": "2979500000", "investmentIncomeNet": "None", "netInterestIncome": "None", "interestIncome": "None", "interestExpense": "130700000", "nonInterestIncome": "None", "otherNonOperatingIncome": "285000000", "depreciation": "None", "depreciationAndAmortization": "393700000", "incomeBeforeTax": "5076800000", "incomeTaxExpense": "1621500000", "interestAndDebtExpense": "None", "netIncomeFromContinuingOperations": "544000000", "comprehensiveIncomeNetOfTax": "None", "ebit": "2361500000", "ebitda": "2755200000", "netIncome": "3424300000"}, {"fiscalDateEnding": "2009-06-30", "reportedCurrency": "USD", "grossProfit": "4546000000", "totalRevenue": "5899900000", "costOfRevenue": "1353900000", "costofGoodsAndServicesSold": "1353900000", "operatingIncome": "2078300000", "sellingGeneralAndAdministrative": "1729500000", "researchAndDevelopment": "1395300000", "operatingExpenses": "3124800000", "investmentIncomeNet": "None", "netInterestIncome": "None", "interestIncome": "None", "interestExpense": "99500000", "nonInterestIncome": "None", "otherNonOperatingIncome": "264000000", "depreciation": "None", "depreciationAndAmortization": "489300000", "incomeBeforeTax": "1967300000", "incomeTaxExpense": "379000000", "interestAndDebtExpense": "None", "netIncomeFromContinuingOperations": "700000000", "comprehensiveIncomeNetOfTax": "None", "ebit": "2066800000", "ebitda": "2556100000", "netIncome": "1556300000"}, {"fiscalDateEnding": "2009-03-31", "reportedCurrency": "USD", "grossProfit": "4051400000", "totalRevenue": "5385200000", "costOfRevenue": "1333800000", "costofGoodsAndServicesSold": "1333800000", "operatingIncome": "1876400000", "sellingGeneralAndAdministrative": "1632900000", "researchAndDevelopment": "1224200000", "operatingExpenses": "2857100000", "investmentIncomeNet": "None", "netInterestIncome": "None", "interestIncome": "None", "interestExpense": "60700000", "nonInterestIncome": "None", "otherNonOperatingIncome": "None", "depreciation": "None", "depreciationAndAmortization": "443300000", "incomeBeforeTax": "1783000000", "incomeTaxExpense": "327200000", "interestAndDebtExpense": "None", "netIncomeFromContinuingOperations": "0", "comprehensiveIncomeNetOfTax": "None", "ebit": "1843700000", "ebitda": "2287000000", "netIncome": "1425000000"}, {"fiscalDateEnding": "2008-12-31", "reportedCurrency": "USD", "grossProfit": "4562400000", "totalRevenue": "6032400000", "costOfRevenue": "1470000000", "costofGoodsAndServicesSold": "1470000000", "operatingIncome": "1480600000", "sellingGeneralAndAdministrative": "1862000000", "researchAndDevelopment": "1386600000", "operatingExpenses": "3248600000", "investmentIncomeNet": "None", "netInterestIncome": "None", "interestIncome": "None", "interestExpense": "56700000", "nonInterestIncome": "None", "otherNonOperatingIncome": "None", "depreciation": "None", "depreciationAndAmortization": "474000000", "incomeBeforeTax": "1927400000", "incomeTaxExpense": "282600000", "interestAndDebtExpense": "None", "netIncomeFromContinuingOperations": "0", "comprehensiveIncomeNetOfTax": "None", "ebit": "1480600000", "ebitda": "1954600000", "netIncome": "1644800000"}, {"fiscalDateEnding": "2008-09-30", "reportedCurrency": "USD", "grossProfit": "4466000000", "totalRevenue": "5943900000", "costOfRevenue": "1477900000", "costofGoodsAndServicesSold": "1477900000", "operatingIncome": "2401500000", "sellingGeneralAndAdministrative": "1730300000", "researchAndDevelopment": "1171100000", "operatingExpenses": "2901400000", "investmentIncomeNet": "None", "netInterestIncome": "None", "interestIncome": "None", "interestExpense": "71400000", "nonInterestIncome": "None", "otherNonOperatingIncome": "None", "depreciation": "None", "depreciationAndAmortization": "391200000", "incomeBeforeTax": "1410900000", "incomeTaxExpense": "318200000", "interestAndDebtExpense": "None", "netIncomeFromContinuingOperations": "0", "comprehensiveIncomeNetOfTax": "None", "ebit": "1513500000", "ebitda": "1904700000", "netIncome": "1092700000"}, {"fiscalDateEnding": "2008-06-30", "reportedCurrency": "USD", "grossProfit": "4655300000", "totalRevenue": "6051800000", "costOfRevenue": "1396500000", "costofGoodsAndServicesSold": "1396500000", "operatingIncome": "2222200000", "sellingGeneralAndAdministrative": "1930200000", "researchAndDevelopment": "1169300000", "operatingExpenses": "3099500000", "investmentIncomeNet": "None", "netInterestIncome": "None", "interestIncome": "None", "interestExpense": "50600000", "nonInterestIncome": "None", "otherNonOperatingIncome": "None", "depreciation": "None", "depreciationAndAmortization": "374900000", "incomeBeforeTax": "2058500000", "incomeTaxExpense": "290200000", "interestAndDebtExpense": "None", "netIncomeFromContinuingOperations": "0", "comprehensiveIncomeNetOfTax": "None", "ebit": "2140000000", "ebitda": "2514900000", "netIncome": "1768300000"}, {"fiscalDateEnding": "2008-03-31", "reportedCurrency": "USD", "grossProfit": "4584000000", "totalRevenue": "5822100000", "costOfRevenue": "1238100000", "costofGoodsAndServicesSold": "1238100000", "operatingIncome": "2472900000", "sellingGeneralAndAdministrative": "1854400000", "researchAndDevelopment": "1078300000", "operatingExpenses": "2932700000", "investmentIncomeNet": "None", "netInterestIncome": "None", "interestIncome": "None", "interestExpense": "72600000", "nonInterestIncome": "None", "otherNonOperatingIncome": "None", "depreciation": "None", "depreciationAndAmortization": "391100000", "incomeBeforeTax": "4411000000", "incomeTaxExpense": "1108400000", "interestAndDebtExpense": "None", "netIncomeFromContinuingOperations": "0", "comprehensiveIncomeNetOfTax": "None", "ebit": "2472900000", "ebitda": "2864000000", "netIncome": "3302600000"}, {"fiscalDateEnding": "2007-12-31", "reportedCurrency": "USD", "grossProfit": "4698100000", "totalRevenue": "6242900000", "costOfRevenue": "1544800000", "costofGoodsAndServicesSold": "1544800000", "operatingIncome": "7254100000", "sellingGeneralAndAdministrative": "1719500000", "researchAndDevelopment": "1381800000", "operatingExpenses": "3101300000", "investmentIncomeNet": "None", "netInterestIncome": "None", "interestIncome": "None", "interestExpense": "87100000", "nonInterestIncome": "None", "otherNonOperatingIncome": "None", "depreciation": "None", "depreciationAndAmortization": "499000000", "incomeBeforeTax": "-3180500000", "incomeTaxExpense": "-1549600000", "interestAndDebtExpense": "None", "netIncomeFromContinuingOperations": "0", "comprehensiveIncomeNetOfTax": "None", "ebit": "7254100000", "ebitda": "7753100000", "netIncome": "-1630900000"}, {"fiscalDateEnding": "2007-09-30", "reportedCurrency": "USD", "grossProfit": "4556400000", "totalRevenue": "6074100000", "costOfRevenue": "1517700000", "costofGoodsAndServicesSold": "1517700000", "operatingIncome": "1097700000", "sellingGeneralAndAdministrative": "1951400000", "researchAndDevelopment": "1440500000", "operatingExpenses": "3391900000", "investmentIncomeNet": "None", "netInterestIncome": "None", "interestIncome": "None", "interestExpense": "91500000", "nonInterestIncome": "None", "otherNonOperatingIncome": "None", "depreciation": "None", "depreciationAndAmortization": "488700000", "incomeBeforeTax": "2064600000", "incomeTaxExpense": "539100000", "interestAndDebtExpense": "None", "netIncomeFromContinuingOperations": "0", "comprehensiveIncomeNetOfTax": "None", "ebit": "1097700000", "ebitda": "1586400000", "netIncome": "1525500000"}, {"fiscalDateEnding": "2007-06-30", "reportedCurrency": "USD", "grossProfit": "4559100000", "totalRevenue": "6111400000", "costOfRevenue": "1552300000", "costofGoodsAndServicesSold": "1552300000", "operatingIncome": "1454900000", "sellingGeneralAndAdministrative": "2083700000", "researchAndDevelopment": "1030500000", "operatingExpenses": "3114200000", "investmentIncomeNet": "None", "netInterestIncome": "None", "interestIncome": "None", "interestExpense": "103300000", "nonInterestIncome": "None", "otherNonOperatingIncome": "None", "depreciation": "None", "depreciationAndAmortization": "500100000", "incomeBeforeTax": "2232200000", "incomeTaxExpense": "555800000", "interestAndDebtExpense": "None", "netIncomeFromContinuingOperations": "0", "comprehensiveIncomeNetOfTax": "None", "ebit": "1454900000", "ebitda": "1955000000", "netIncome": "1676400000"}, {"fiscalDateEnding": "2007-03-31", "reportedCurrency": "USD", "grossProfit": "4243600000", "totalRevenue": "5769400000", "costOfRevenue": "1525800000", "costofGoodsAndServicesSold": "1525800000", "operatingIncome": "1270100000", "sellingGeneralAndAdministrative": "1802000000", "researchAndDevelopment": "1030000000", "operatingExpenses": "2832000000", "investmentIncomeNet": "None", "netInterestIncome": "None", "interestIncome": "None", "interestExpense": "102400000", "nonInterestIncome": "None", "otherNonOperatingIncome": "None", "depreciation": "None", "depreciationAndAmortization": "500400000", "incomeBeforeTax": "2254400000", "incomeTaxExpense": "550100000", "interestAndDebtExpense": "None", "netIncomeFromContinuingOperations": "0", "comprehensiveIncomeNetOfTax": "None", "ebit": "1270100000", "ebitda": "1770500000", "netIncome": "1704300000"}, {"fiscalDateEnding": "2006-12-31", "reportedCurrency": "USD", "grossProfit": "4375000000", "totalRevenue": "6044100000", "costOfRevenue": "1669100000", "costofGoodsAndServicesSold": "1669100000", "operatingIncome": "357300000", "sellingGeneralAndAdministrative": "2345800000", "researchAndDevelopment": "1723000000", "operatingExpenses": "4068800000", "investmentIncomeNet": "None", "netInterestIncome": "None", "interestIncome": "None", "interestExpense": "97300000", "nonInterestIncome": "None", "otherNonOperatingIncome": "None", "depreciation": "None", "depreciationAndAmortization": "543000000", "incomeBeforeTax": "911900000", "incomeTaxExpense": "438000000", "interestAndDebtExpense": "None", "netIncomeFromContinuingOperations": "0", "comprehensiveIncomeNetOfTax": "None", "ebit": "357300000", "ebitda": "900300000", "netIncome": "473900000"}, {"fiscalDateEnding": "2006-09-30", "reportedCurrency": "USD", "grossProfit": "3866300000", "totalRevenue": "5410400000", "costOfRevenue": "1544100000", "costofGoodsAndServicesSold": "1544100000", "operatingIncome": "541800000", "sellingGeneralAndAdministrative": "2370600000", "researchAndDevelopment": "945400000", "operatingExpenses": "3316000000", "investmentIncomeNet": "None", "netInterestIncome": "None", "interestIncome": "None", "interestExpense": "87700000", "nonInterestIncome": "None", "otherNonOperatingIncome": "None", "depreciation": "None", "depreciationAndAmortization": "563300000", "incomeBeforeTax": "1230800000", "incomeTaxExpense": "290200000", "interestAndDebtExpense": "None", "netIncomeFromContinuingOperations": "0", "comprehensiveIncomeNetOfTax": "None", "ebit": "541800000", "ebitda": "1105100000", "netIncome": "940600000"}, {"fiscalDateEnding": "2006-06-30", "reportedCurrency": "USD", "grossProfit": "4326500000", "totalRevenue": "5771700000", "costOfRevenue": "1445200000", "costofGoodsAndServicesSold": "1445200000", "operatingIncome": "1409000000", "sellingGeneralAndAdministrative": "1734000000", "researchAndDevelopment": "1172500000", "operatingExpenses": "2906500000", "investmentIncomeNet": "None", "netInterestIncome": "None", "interestIncome": "None", "interestExpense": "91900000", "nonInterestIncome": "None", "otherNonOperatingIncome": "None", "depreciation": "None", "depreciationAndAmortization": "538700000", "incomeBeforeTax": "2108300000", "incomeTaxExpense": "609000000", "interestAndDebtExpense": "None", "netIncomeFromContinuingOperations": "0", "comprehensiveIncomeNetOfTax": "None", "ebit": "1409000000", "ebitda": "1947700000", "netIncome": "1499300000"}, {"fiscalDateEnding": "2006-03-31", "reportedCurrency": "USD", "grossProfit": "4067100000", "totalRevenue": "5409800000", "costOfRevenue": "1342700000", "costofGoodsAndServicesSold": "1342700000", "operatingIncome": "1406800000", "sellingGeneralAndAdministrative": "1715000000", "researchAndDevelopment": "942000000", "operatingExpenses": "2657000000", "investmentIncomeNet": "None", "netInterestIncome": "None", "interestIncome": "None", "interestExpense": "98200000", "nonInterestIncome": "None", "otherNonOperatingIncome": "None", "depreciation": "None", "depreciationAndAmortization": "623400000", "incomeBeforeTax": "1970400000", "incomeTaxExpense": "450400000", "interestAndDebtExpense": "None", "netIncomeFromContinuingOperations": "0", "comprehensiveIncomeNetOfTax": "None", "ebit": "1406800000", "ebitda": "2030200000", "netIncome": "1520000000"}, {"fiscalDateEnding": "2005-12-31", "reportedCurrency": "USD", "grossProfit": "4287200000", "totalRevenue": "5765900000", "costOfRevenue": "1478700000", "costofGoodsAndServicesSold": "1478700000", "operatingIncome": "1353300000", "sellingGeneralAndAdministrative": "2045700000", "researchAndDevelopment": "1112000000", "operatingExpenses": "3157700000", "investmentIncomeNet": "None", "netInterestIncome": "None", "interestIncome": "None", "interestExpense": "108300000", "nonInterestIncome": "None", "otherNonOperatingIncome": "None", "depreciation": "None", "depreciationAndAmortization": "505900000", "incomeBeforeTax": "1519900000", "incomeTaxExpense": "400200000", "interestAndDebtExpense": "None", "netIncomeFromContinuingOperations": "0", "comprehensiveIncomeNetOfTax": "None", "ebit": "1353300000", "ebitda": "1859200000", "netIncome": "1119700000"}, {"fiscalDateEnding": "2005-09-30", "reportedCurrency": "USD", "grossProfit": "4177400000", "totalRevenue": "5416200000", "costOfRevenue": "1238800000", "costofGoodsAndServicesSold": "1238800000", "operatingIncome": "1460700000", "sellingGeneralAndAdministrative": "1741200000", "researchAndDevelopment": "942600000", "operatingExpenses": "2683800000", "investmentIncomeNet": "None", "netInterestIncome": "None", "interestIncome": "None", "interestExpense": "99600000", "nonInterestIncome": "None", "otherNonOperatingIncome": "None", "depreciation": "None", "depreciationAndAmortization": "423100000", "incomeBeforeTax": "1998400000", "incomeTaxExpense": "577500000", "interestAndDebtExpense": "None", "netIncomeFromContinuingOperations": "0", "comprehensiveIncomeNetOfTax": "None", "ebit": "1460700000", "ebitda": "1883800000", "netIncome": "1420900000"}, {"fiscalDateEnding": "2005-06-30", "reportedCurrency": "USD", "grossProfit": "4306900000", "totalRevenue": "5467500000", "costOfRevenue": "1160600000", "costofGoodsAndServicesSold": "1160600000", "operatingIncome": "1594100000", "sellingGeneralAndAdministrative": "1755300000", "researchAndDevelopment": "946800000", "operatingExpenses": "2702100000", "investmentIncomeNet": "None", "netInterestIncome": "None", "interestIncome": "None", "interestExpense": "93100000", "nonInterestIncome": "None", "otherNonOperatingIncome": "None", "depreciation": "None", "depreciationAndAmortization": "399300000", "incomeBeforeTax": "1924900000", "incomeTaxExpense": "1204300000", "interestAndDebtExpense": "None", "netIncomeFromContinuingOperations": "0", "comprehensiveIncomeNetOfTax": "None", "ebit": "1594100000", "ebitda": "1993400000", "netIncome": "720600000"}, {"fiscalDateEnding": "2005-03-31", "reportedCurrency": "USD", "grossProfit": "4090800000", "totalRevenue": "5362200000", "costOfRevenue": "1271400000", "costofGoodsAndServicesSold": "1271400000", "operatingIncome": "1651900000", "sellingGeneralAndAdministrative": "1613300000", "researchAndDevelopment": "846600000", "operatingExpenses": "2452100000", "investmentIncomeNet": "None", "netInterestIncome": "None", "interestIncome": "None", "interestExpense": "84500000", "nonInterestIncome": "None", "otherNonOperatingIncome": "None", "depreciation": "None", "depreciationAndAmortization": "379800000", "incomeBeforeTax": "1920700000", "incomeTaxExpense": "550600000", "interestAndDebtExpense": "None", "netIncomeFromContinuingOperations": "0", "comprehensiveIncomeNetOfTax": "None", "ebit": "1651900000", "ebitda": "2031700000", "netIncome": "1370100000"}, {"fiscalDateEnding": "2004-12-31", "reportedCurrency": "USD", "grossProfit": "4464300000", "totalRevenue": "5747900000", "costOfRevenue": "1283600000", "costofGoodsAndServicesSold": "1283600000", "operatingIncome": "859100000", "sellingGeneralAndAdministrative": "4980500000", "researchAndDevelopment": "1108600000", "operatingExpenses": "3474400000", "investmentIncomeNet": "None", "netInterestIncome": "None", "interestIncome": "None", "interestExpense": "76900000", "nonInterestIncome": "None", "otherNonOperatingIncome": "None", "depreciation": "None", "depreciationAndAmortization": "399400000", "incomeBeforeTax": "1379800000", "incomeTaxExpense": "278700000", "interestAndDebtExpense": "None", "netIncomeFromContinuingOperations": "0", "comprehensiveIncomeNetOfTax": "None", "ebit": "859100000", "ebitda": "1258500000", "netIncome": "1101100000"}]}