{"symbol": "GL", "annualReports": [{"fiscalDateEnding": "2024-12-31", "reportedCurrency": "USD", "grossProfit": "5778069000", "totalRevenue": "5778069000", "costOfRevenue": "None", "costofGoodsAndServicesSold": "None", "operatingIncome": "1326637000", "sellingGeneralAndAdministrative": "382548000", "researchAndDevelopment": "None", "operatingExpenses": "4451432000", "investmentIncomeNet": "None", "netInterestIncome": "-127092000", "interestIncome": "None", "interestExpense": "127092000", "nonInterestIncome": "None", "otherNonOperatingIncome": "None", "depreciation": "None", "depreciationAndAmortization": "None", "incomeBeforeTax": "1326637000", "incomeTaxExpense": "255875000", "interestAndDebtExpense": "None", "netIncomeFromContinuingOperations": "1070762000", "comprehensiveIncomeNetOfTax": "None", "ebit": "None", "ebitda": "None", "netIncome": "1070762000"}, {"fiscalDateEnding": "2023-12-31", "reportedCurrency": "USD", "grossProfit": "5099700000", "totalRevenue": "5447533000", "costOfRevenue": "347833000", "costofGoodsAndServicesSold": "347833000", "operatingIncome": "1316987000", "sellingGeneralAndAdministrative": "331897000", "researchAndDevelopment": "None", "operatingExpenses": "5447533000", "investmentIncomeNet": "None", "netInterestIncome": "-102316000", "interestIncome": "None", "interestExpense": "102316000", "nonInterestIncome": "None", "otherNonOperatingIncome": "None", "depreciation": "None", "depreciationAndAmortization": "21000000", "incomeBeforeTax": "1194266000", "incomeTaxExpense": "223511000", "interestAndDebtExpense": "None", "netIncomeFromContinuingOperations": "970755000", "comprehensiveIncomeNetOfTax": "None", "ebit": "-124216000", "ebitda": "-103216000", "netIncome": "970755000"}, {"fiscalDateEnding": "2022-12-31", "reportedCurrency": "USD", "grossProfit": "4860952000", "totalRevenue": "5214906000", "costOfRevenue": "353954000", "costofGoodsAndServicesSold": "353954000", "operatingIncome": "996706000", "sellingGeneralAndAdministrative": "334991000", "researchAndDevelopment": "None", "operatingExpenses": "-3864246000", "investmentIncomeNet": "None", "netInterestIncome": "-90395000", "interestIncome": "90395000", "interestExpense": "90395000", "nonInterestIncome": "None", "otherNonOperatingIncome": "None", "depreciation": "None", "depreciationAndAmortization": "21000000", "incomeBeforeTax": "906311000", "incomeTaxExpense": "166607000", "interestAndDebtExpense": "None", "netIncomeFromContinuingOperations": "739704000", "comprehensiveIncomeNetOfTax": "None", "ebit": "996706000", "ebitda": "996706000", "netIncome": "739704000"}, {"fiscalDateEnding": "2021-12-31", "reportedCurrency": "USD", "grossProfit": "4790840000", "totalRevenue": "5112869000", "costOfRevenue": "322029000", "costofGoodsAndServicesSold": "322029000", "operatingIncome": "911174000", "sellingGeneralAndAdministrative": "301903000", "researchAndDevelopment": "None", "operatingExpenses": "-4201695000", "investmentIncomeNet": "None", "netInterestIncome": "-83486000", "interestIncome": "83486000", "interestExpense": "83486000", "nonInterestIncome": "None", "otherNonOperatingIncome": "None", "depreciation": "None", "depreciationAndAmortization": "20000000", "incomeBeforeTax": "912390000", "incomeTaxExpense": "167431000", "interestAndDebtExpense": "None", "netIncomeFromContinuingOperations": "744959000", "comprehensiveIncomeNetOfTax": "None", "ebit": "911174000", "ebitda": "911174000", "netIncome": "744959000"}, {"fiscalDateEnding": "2020-12-31", "reportedCurrency": "USD", "grossProfit": "4436883000", "totalRevenue": "4737921000", "costOfRevenue": "301038000", "costofGoodsAndServicesSold": "301038000", "operatingIncome": "895359000", "sellingGeneralAndAdministrative": "286839000", "researchAndDevelopment": "None", "operatingExpenses": "-3842562000", "investmentIncomeNet": "None", "netInterestIncome": "-86704000", "interestIncome": "86704000", "interestExpense": "86704000", "nonInterestIncome": "None", "otherNonOperatingIncome": "None", "depreciation": "None", "depreciationAndAmortization": "17000000", "incomeBeforeTax": "896684000", "incomeTaxExpense": "164911000", "interestAndDebtExpense": "None", "netIncomeFromContinuingOperations": "731773000", "comprehensiveIncomeNetOfTax": "None", "ebit": "895359000", "ebitda": "895359000", "netIncome": "731773000"}, {"fiscalDateEnding": "2019-12-31", "reportedCurrency": "USD", "grossProfit": "4222707000", "totalRevenue": "4527532000", "costOfRevenue": "304825000", "costofGoodsAndServicesSold": "304825000", "operatingIncome": "929869000", "sellingGeneralAndAdministrative": "304825000", "researchAndDevelopment": "None", "operatingExpenses": "-3597663000", "investmentIncomeNet": "None", "netInterestIncome": "-84306000", "interestIncome": "84306000", "interestExpense": "84306000", "nonInterestIncome": "None", "otherNonOperatingIncome": "None", "depreciation": "None", "depreciationAndAmortization": "16000000", "incomeBeforeTax": "931279000", "incomeTaxExpense": "170397000", "interestAndDebtExpense": "None", "netIncomeFromContinuingOperations": "760882000", "comprehensiveIncomeNetOfTax": "None", "ebit": "929869000", "ebitda": "929869000", "netIncome": "760790000"}, {"fiscalDateEnding": "2018-12-31", "reportedCurrency": "USD", "grossProfit": "4024415000", "totalRevenue": "4304000000", "costOfRevenue": "279585000", "costofGoodsAndServicesSold": "279585000", "operatingIncome": "953703000", "sellingGeneralAndAdministrative": "280000000", "researchAndDevelopment": "None", "operatingExpenses": "3350000000", "investmentIncomeNet": "None", "netInterestIncome": "-90076000", "interestIncome": "90076000", "interestExpense": "90000000", "nonInterestIncome": "None", "otherNonOperatingIncome": "None", "depreciation": "None", "depreciationAndAmortization": "13000000", "incomeBeforeTax": "864000000", "incomeTaxExpense": "162000000", "interestAndDebtExpense": "None", "netIncomeFromContinuingOperations": "701510000", "comprehensiveIncomeNetOfTax": "None", "ebit": "953703000", "ebitda": "953703000", "netIncome": "701000000"}, {"fiscalDateEnding": "2017-12-31", "reportedCurrency": "USD", "grossProfit": "3898745000", "totalRevenue": "4156000000", "costOfRevenue": "257255000", "costofGoodsAndServicesSold": "257255000", "operatingIncome": "1458263000", "sellingGeneralAndAdministrative": "257000000", "researchAndDevelopment": "None", "operatingExpenses": "3240000000", "investmentIncomeNet": "None", "netInterestIncome": "-84532000", "interestIncome": "84532000", "interestExpense": "85000000", "nonInterestIncome": "None", "otherNonOperatingIncome": "None", "depreciation": "None", "depreciationAndAmortization": "10500000", "incomeBeforeTax": "831000000", "incomeTaxExpense": "-628000000", "interestAndDebtExpense": "None", "netIncomeFromContinuingOperations": "1458263000", "comprehensiveIncomeNetOfTax": "None", "ebit": "915180000", "ebitda": "925680000", "netIncome": "1454000000"}, {"fiscalDateEnding": "2016-12-31", "reportedCurrency": "USD", "grossProfit": "3701936000", "totalRevenue": "3934000000", "costOfRevenue": "232064000", "costofGoodsAndServicesSold": "232064000", "operatingIncome": "539590000", "sellingGeneralAndAdministrative": "232000000", "researchAndDevelopment": "None", "operatingExpenses": "3079000000", "investmentIncomeNet": "None", "netInterestIncome": "-83345000", "interestIncome": "83345000", "interestExpense": "83000000", "nonInterestIncome": "None", "otherNonOperatingIncome": "None", "depreciation": "None", "depreciationAndAmortization": "9800000", "incomeBeforeTax": "772000000", "incomeTaxExpense": "233000000", "interestAndDebtExpense": "None", "netIncomeFromContinuingOperations": "539590000", "comprehensiveIncomeNetOfTax": "None", "ebit": "855580000", "ebitda": "865380000", "netIncome": "550000000"}, {"fiscalDateEnding": "2015-12-31", "reportedCurrency": "USD", "grossProfit": "3542207000", "totalRevenue": "3766065000", "costOfRevenue": "223858000", "costofGoodsAndServicesSold": "223858000", "operatingIncome": "516293000", "sellingGeneralAndAdministrative": "214855000", "researchAndDevelopment": "None", "operatingExpenses": "2923000000", "investmentIncomeNet": "None", "netInterestIncome": "None", "interestIncome": "76642000", "interestExpense": "76642000", "nonInterestIncome": "None", "otherNonOperatingIncome": "None", "depreciation": "None", "depreciationAndAmortization": "337343000", "incomeBeforeTax": "766187000", "incomeTaxExpense": "249894000", "interestAndDebtExpense": "None", "netIncomeFromContinuingOperations": "516293000", "comprehensiveIncomeNetOfTax": "None", "ebit": "513486000", "ebitda": "850829000", "netIncome": "527100000"}, {"fiscalDateEnding": "2014-12-31", "reportedCurrency": "USD", "grossProfit": "3741900000", "totalRevenue": "3964554000", "costOfRevenue": "222654000", "costofGoodsAndServicesSold": "222654000", "operatingIncome": "854594000", "sellingGeneralAndAdministrative": "212158000", "researchAndDevelopment": "None", "operatingExpenses": "2759000000", "investmentIncomeNet": "None", "netInterestIncome": "None", "interestIncome": "None", "interestExpense": "76126000", "nonInterestIncome": "None", "otherNonOperatingIncome": "None", "depreciation": "None", "depreciationAndAmortization": "-863140000", "incomeBeforeTax": "778468000", "incomeTaxExpense": "235529000", "interestAndDebtExpense": "None", "netIncomeFromContinuingOperations": "None", "comprehensiveIncomeNetOfTax": "None", "ebit": "854594000", "ebitda": "854594000", "netIncome": "542939000"}, {"fiscalDateEnding": "2013-12-31", "reportedCurrency": "USD", "grossProfit": "3557248000", "totalRevenue": "3771938000", "costOfRevenue": "214690000", "costofGoodsAndServicesSold": "214690000", "operatingIncome": "528472000", "sellingGeneralAndAdministrative": "204540000", "researchAndDevelopment": "None", "operatingExpenses": "2658000000", "investmentIncomeNet": "None", "netInterestIncome": "None", "interestIncome": "None", "interestExpense": "80461000", "nonInterestIncome": "None", "otherNonOperatingIncome": "None", "depreciation": "None", "depreciationAndAmortization": "315115000", "incomeBeforeTax": "763126000", "incomeTaxExpense": "234654000", "interestAndDebtExpense": "None", "netIncomeFromContinuingOperations": "528472000", "comprehensiveIncomeNetOfTax": "None", "ebit": "534872000", "ebitda": "849987000", "netIncome": "528472000"}, {"fiscalDateEnding": "2012-12-31", "reportedCurrency": "USD", "grossProfit": "3391340000", "totalRevenue": "3589516000", "costOfRevenue": "198176000", "costofGoodsAndServicesSold": "198176000", "operatingIncome": "529324000", "sellingGeneralAndAdministrative": "187010000", "researchAndDevelopment": "None", "operatingExpenses": "2743000000", "investmentIncomeNet": "None", "netInterestIncome": "None", "interestIncome": "None", "interestExpense": "80512000", "nonInterestIncome": "None", "otherNonOperatingIncome": "None", "depreciation": "None", "depreciationAndAmortization": "317181000", "incomeBeforeTax": "765993000", "incomeTaxExpense": "236669000", "interestAndDebtExpense": "None", "netIncomeFromContinuingOperations": "529324000", "comprehensiveIncomeNetOfTax": "None", "ebit": "529324000", "ebitda": "846505000", "netIncome": "529324000"}, {"fiscalDateEnding": "2011-12-31", "reportedCurrency": "USD", "grossProfit": "3175765000", "totalRevenue": "3377401000", "costOfRevenue": "201636000", "costofGoodsAndServicesSold": "201636000", "operatingIncome": "518340000", "sellingGeneralAndAdministrative": "None", "researchAndDevelopment": "None", "operatingExpenses": "2576000000", "investmentIncomeNet": "None", "netInterestIncome": "None", "interestIncome": "None", "interestExpense": "77908000", "nonInterestIncome": "None", "otherNonOperatingIncome": "None", "depreciation": "None", "depreciationAndAmortization": "314779000", "incomeBeforeTax": "755666000", "incomeTaxExpense": "237326000", "interestAndDebtExpense": "None", "netIncomeFromContinuingOperations": "None", "comprehensiveIncomeNetOfTax": "None", "ebit": "493711000", "ebitda": "808490000", "netIncome": "517885000"}, {"fiscalDateEnding": "2010-12-31", "reportedCurrency": "USD", "grossProfit": "3191360000", "totalRevenue": "3367632000", "costOfRevenue": "176272000", "costofGoodsAndServicesSold": "176272000", "operatingIncome": "522293000", "sellingGeneralAndAdministrative": "None", "researchAndDevelopment": "None", "operatingExpenses": "2542000000", "investmentIncomeNet": "None", "netInterestIncome": "None", "interestIncome": "None", "interestExpense": "75529000", "nonInterestIncome": "None", "otherNonOperatingIncome": "None", "depreciation": "None", "depreciationAndAmortization": "326574000", "incomeBeforeTax": "778567000", "incomeTaxExpense": "256274000", "interestAndDebtExpense": "None", "netIncomeFromContinuingOperations": "None", "comprehensiveIncomeNetOfTax": "None", "ebit": "533522000", "ebitda": "860096000", "netIncome": "517064000"}, {"fiscalDateEnding": "2009-12-31", "reportedCurrency": "USD", "grossProfit": "3048308000", "totalRevenue": "3222397000", "costOfRevenue": "174089000", "costofGoodsAndServicesSold": "174089000", "operatingIncome": "675125000", "sellingGeneralAndAdministrative": "None", "researchAndDevelopment": "None", "operatingExpenses": "2468000000", "investmentIncomeNet": "None", "netInterestIncome": "None", "interestIncome": "None", "interestExpense": "69932000", "nonInterestIncome": "None", "otherNonOperatingIncome": "None", "depreciation": "None", "depreciationAndAmortization": "None", "incomeBeforeTax": "605193000", "incomeTaxExpense": "200240000", "interestAndDebtExpense": "None", "netIncomeFromContinuingOperations": "None", "comprehensiveIncomeNetOfTax": "None", "ebit": "675125000", "ebitda": "675125000", "netIncome": "404953000"}, {"fiscalDateEnding": "2008-12-31", "reportedCurrency": "USD", "grossProfit": "3141706000", "totalRevenue": "3326918000", "costOfRevenue": "185212000", "costofGoodsAndServicesSold": "185212000", "operatingIncome": "724486000", "sellingGeneralAndAdministrative": "None", "researchAndDevelopment": "None", "operatingExpenses": "2505000000", "investmentIncomeNet": "None", "netInterestIncome": "None", "interestIncome": "None", "interestExpense": "63229000", "nonInterestIncome": "None", "otherNonOperatingIncome": "None", "depreciation": "None", "depreciationAndAmortization": "None", "incomeBeforeTax": "661257000", "incomeTaxExpense": "208998000", "interestAndDebtExpense": "None", "netIncomeFromContinuingOperations": "None", "comprehensiveIncomeNetOfTax": "None", "ebit": "724486000", "ebitda": "724486000", "netIncome": "452259000"}, {"fiscalDateEnding": "2007-12-31", "reportedCurrency": "USD", "grossProfit": "3313291000", "totalRevenue": "3486697000", "costOfRevenue": "173406000", "costofGoodsAndServicesSold": "173406000", "operatingIncome": "864369000", "sellingGeneralAndAdministrative": "None", "researchAndDevelopment": "None", "operatingExpenses": "2622000000", "investmentIncomeNet": "None", "netInterestIncome": "None", "interestIncome": "None", "interestExpense": "67564000", "nonInterestIncome": "None", "otherNonOperatingIncome": "None", "depreciation": "None", "depreciationAndAmortization": "391011000", "incomeBeforeTax": "796805000", "incomeTaxExpense": "269270000", "interestAndDebtExpense": "None", "netIncomeFromContinuingOperations": "None", "comprehensiveIncomeNetOfTax": "None", "ebit": "477658000", "ebitda": "868669000", "netIncome": "527535000"}, {"fiscalDateEnding": "2006-12-31", "reportedCurrency": "USD", "grossProfit": "3251410000", "totalRevenue": "3421178000", "costOfRevenue": "169768000", "costofGoodsAndServicesSold": "169768000", "operatingIncome": "846706000", "sellingGeneralAndAdministrative": "None", "researchAndDevelopment": "None", "operatingExpenses": "2574000000", "investmentIncomeNet": "None", "netInterestIncome": "None", "interestIncome": "None", "interestExpense": "73136000", "nonInterestIncome": "None", "otherNonOperatingIncome": "None", "depreciation": "None", "depreciationAndAmortization": "377490000", "incomeBeforeTax": "773570000", "incomeTaxExpense": "254939000", "interestAndDebtExpense": "None", "netIncomeFromContinuingOperations": "None", "comprehensiveIncomeNetOfTax": "None", "ebit": "474416000", "ebitda": "851906000", "netIncome": "518631000"}, {"fiscalDateEnding": "2005-12-31", "reportedCurrency": "USD", "grossProfit": "2953051000", "totalRevenue": "3125910000", "costOfRevenue": "172859000", "costofGoodsAndServicesSold": "172859000", "operatingIncome": "792455000", "sellingGeneralAndAdministrative": "None", "researchAndDevelopment": "None", "operatingExpenses": "2333000000", "investmentIncomeNet": "None", "netInterestIncome": "None", "interestIncome": "None", "interestExpense": "60934000", "nonInterestIncome": "None", "otherNonOperatingIncome": "None", "depreciation": "None", "depreciationAndAmortization": "349959000", "incomeBeforeTax": "731521000", "incomeTaxExpense": "236131000", "interestAndDebtExpense": "None", "netIncomeFromContinuingOperations": "None", "comprehensiveIncomeNetOfTax": "None", "ebit": "447296000", "ebitda": "797255000", "netIncome": "495390000"}], "quarterlyReports": [{"fiscalDateEnding": "2024-12-31", "reportedCurrency": "USD", "grossProfit": "1466277000", "totalRevenue": "1466277000", "costOfRevenue": "None", "costofGoodsAndServicesSold": "None", "operatingIncome": "312433000", "sellingGeneralAndAdministrative": "97122000", "researchAndDevelopment": "None", "operatingExpenses": "1153844000", "investmentIncomeNet": "None", "netInterestIncome": "-35679000", "interestIncome": "None", "interestExpense": "35698000", "nonInterestIncome": "None", "otherNonOperatingIncome": "None", "depreciation": "None", "depreciationAndAmortization": "None", "incomeBeforeTax": "312433000", "incomeTaxExpense": "57237000", "interestAndDebtExpense": "None", "netIncomeFromContinuingOperations": "255196000", "comprehensiveIncomeNetOfTax": "None", "ebit": "None", "ebitda": "None", "netIncome": "255196000"}, {"fiscalDateEnding": "2024-09-30", "reportedCurrency": "USD", "grossProfit": "1350533000", "totalRevenue": "1455407000", "costOfRevenue": "104874000", "costofGoodsAndServicesSold": "104874000", "operatingIncome": "408346000", "sellingGeneralAndAdministrative": "None", "researchAndDevelopment": "None", "operatingExpenses": "1455407000", "investmentIncomeNet": "None", "netInterestIncome": "-31388000", "interestIncome": "None", "interestExpense": "31388000", "nonInterestIncome": "None", "otherNonOperatingIncome": "None", "depreciation": "None", "depreciationAndAmortization": "None", "incomeBeforeTax": "376958000", "incomeTaxExpense": "73964000", "interestAndDebtExpense": "None", "netIncomeFromContinuingOperations": "302994000", "comprehensiveIncomeNetOfTax": "None", "ebit": "None", "ebitda": "408346000", "netIncome": "302994000"}, {"fiscalDateEnding": "2024-06-30", "reportedCurrency": "USD", "grossProfit": "1341064000", "totalRevenue": "1440172000", "costOfRevenue": "99108000", "costofGoodsAndServicesSold": "99108000", "operatingIncome": "1239149000", "sellingGeneralAndAdministrative": "None", "researchAndDevelopment": "None", "operatingExpenses": "201023000", "investmentIncomeNet": "None", "netInterestIncome": "-31404000", "interestIncome": "None", "interestExpense": "31404000", "nonInterestIncome": "None", "otherNonOperatingIncome": "None", "depreciation": "None", "depreciationAndAmortization": "-353727000", "incomeBeforeTax": "322323000", "incomeTaxExpense": "63968000", "interestAndDebtExpense": "None", "netIncomeFromContinuingOperations": "258355000", "comprehensiveIncomeNetOfTax": "None", "ebit": "322323000", "ebitda": "-31404000", "netIncome": "258355000"}, {"fiscalDateEnding": "2024-03-31", "reportedCurrency": "USD", "grossProfit": "1322925000", "totalRevenue": "1416139000", "costOfRevenue": "93214000", "costofGoodsAndServicesSold": "93214000", "operatingIncome": "343544000", "sellingGeneralAndAdministrative": "89678000", "researchAndDevelopment": "None", "operatingExpenses": "186709000", "investmentIncomeNet": "None", "netInterestIncome": "-28621000", "interestIncome": "None", "interestExpense": "28621000", "nonInterestIncome": "None", "otherNonOperatingIncome": "None", "depreciation": "None", "depreciationAndAmortization": "-343544000", "incomeBeforeTax": "314923000", "incomeTaxExpense": "60706000", "interestAndDebtExpense": "None", "netIncomeFromContinuingOperations": "254217000", "comprehensiveIncomeNetOfTax": "None", "ebit": "314923000", "ebitda": "-28621000", "netIncome": "254217000"}, {"fiscalDateEnding": "2023-12-31", "reportedCurrency": "USD", "grossProfit": "1323932000", "totalRevenue": "1415691000", "costOfRevenue": "91759000", "costofGoodsAndServicesSold": "91759000", "operatingIncome": "1226391000", "sellingGeneralAndAdministrative": "85214000", "researchAndDevelopment": "None", "operatingExpenses": "189300000", "investmentIncomeNet": "None", "netInterestIncome": "-25676000", "interestIncome": "None", "interestExpense": "25676000", "nonInterestIncome": "None", "otherNonOperatingIncome": "None", "depreciation": "None", "depreciationAndAmortization": "-363287000", "incomeBeforeTax": "336711000", "incomeTaxExpense": "61909000", "interestAndDebtExpense": "None", "netIncomeFromContinuingOperations": "274802000", "comprehensiveIncomeNetOfTax": "None", "ebit": "336711000", "ebitda": "-26576000", "netIncome": "274802000"}, {"fiscalDateEnding": "2023-09-30", "reportedCurrency": "USD", "grossProfit": "1298248000", "totalRevenue": "1384118000", "costOfRevenue": "85870000", "costofGoodsAndServicesSold": "85870000", "operatingIncome": "318765000", "sellingGeneralAndAdministrative": "84733000", "researchAndDevelopment": "None", "operatingExpenses": "-1065353000", "investmentIncomeNet": "None", "netInterestIncome": "-25955000", "interestIncome": "25955000", "interestExpense": "25955000", "nonInterestIncome": "None", "otherNonOperatingIncome": "None", "depreciation": "None", "depreciationAndAmortization": "-344770000", "incomeBeforeTax": "318815000", "incomeTaxExpense": "61732000", "interestAndDebtExpense": "None", "netIncomeFromContinuingOperations": "257083000", "comprehensiveIncomeNetOfTax": "None", "ebit": "663535000", "ebitda": "318765000", "netIncome": "257083000"}, {"fiscalDateEnding": "2023-06-30", "reportedCurrency": "USD", "grossProfit": "1240373000", "totalRevenue": "1326406000", "costOfRevenue": "86033000", "costofGoodsAndServicesSold": "86033000", "operatingIncome": "264421000", "sellingGeneralAndAdministrative": "86033000", "researchAndDevelopment": "None", "operatingExpenses": "-1061985000", "investmentIncomeNet": "None", "netInterestIncome": "-25818000", "interestIncome": "25818000", "interestExpense": "25818000", "nonInterestIncome": "None", "otherNonOperatingIncome": "None", "depreciation": "None", "depreciationAndAmortization": "-290324000", "incomeBeforeTax": "264506000", "incomeTaxExpense": "49246000", "interestAndDebtExpense": "None", "netIncomeFromContinuingOperations": "215260000", "comprehensiveIncomeNetOfTax": "None", "ebit": "554745000", "ebitda": "264421000", "netIncome": "215260000"}, {"fiscalDateEnding": "2023-03-31", "reportedCurrency": "USD", "grossProfit": "1093468000", "totalRevenue": "1093468000", "costOfRevenue": "84171000", "costofGoodsAndServicesSold": "84171000", "operatingIncome": "299101000", "sellingGeneralAndAdministrative": "81586000", "researchAndDevelopment": "None", "operatingExpenses": "1093468000", "investmentIncomeNet": "None", "netInterestIncome": "-24867000", "interestIncome": "24867000", "interestExpense": "24867000", "nonInterestIncome": "None", "otherNonOperatingIncome": "None", "depreciation": "None", "depreciationAndAmortization": "-299101000", "incomeBeforeTax": "274234000", "incomeTaxExpense": "50624000", "interestAndDebtExpense": "None", "netIncomeFromContinuingOperations": "223610000", "comprehensiveIncomeNetOfTax": "None", "ebit": "598202000", "ebitda": "299101000", "netIncome": "223610000"}, {"fiscalDateEnding": "2022-12-31", "reportedCurrency": "USD", "grossProfit": "2259988000", "totalRevenue": "1322669000", "costOfRevenue": "-937319000", "costofGoodsAndServicesSold": "-937319000", "operatingIncome": "2437786000", "sellingGeneralAndAdministrative": "87075000", "researchAndDevelopment": "None", "operatingExpenses": "-177798000", "investmentIncomeNet": "None", "netInterestIncome": "-24658000", "interestIncome": "24658000", "interestExpense": "24658000", "nonInterestIncome": "None", "otherNonOperatingIncome": "None", "depreciation": "None", "depreciationAndAmortization": "-322448000", "incomeBeforeTax": "257717000", "incomeTaxExpense": "46157000", "interestAndDebtExpense": "None", "netIncomeFromContinuingOperations": "211560000", "comprehensiveIncomeNetOfTax": "None", "ebit": "604823000", "ebitda": "282375000", "netIncome": "211560000"}, {"fiscalDateEnding": "2022-09-30", "reportedCurrency": "USD", "grossProfit": "1203133000", "totalRevenue": "1291273000", "costOfRevenue": "88140000", "costofGoodsAndServicesSold": "88140000", "operatingIncome": "253948000", "sellingGeneralAndAdministrative": "86724000", "researchAndDevelopment": "None", "operatingExpenses": "88140000", "investmentIncomeNet": "None", "netInterestIncome": "-23965000", "interestIncome": "23965000", "interestExpense": "23965000", "nonInterestIncome": "None", "otherNonOperatingIncome": "None", "depreciation": "None", "depreciationAndAmortization": "-260156999", "incomeBeforeTax": "229983000", "incomeTaxExpense": "43204000", "interestAndDebtExpense": "None", "netIncomeFromContinuingOperations": "186779000", "comprehensiveIncomeNetOfTax": "None", "ebit": "253948000", "ebitda": "312794000", "netIncome": "190586000"}, {"fiscalDateEnding": "2022-06-30", "reportedCurrency": "USD", "grossProfit": "1202106000", "totalRevenue": "1291764000", "costOfRevenue": "89658000", "costofGoodsAndServicesSold": "89658000", "operatingIncome": "298277000", "sellingGeneralAndAdministrative": "85041000", "researchAndDevelopment": "None", "operatingExpenses": "993486999", "investmentIncomeNet": "None", "netInterestIncome": "-21828000", "interestIncome": "21828000", "interestExpense": "21828000", "nonInterestIncome": "None", "otherNonOperatingIncome": "None", "depreciation": "None", "depreciationAndAmortization": "-298277000", "incomeBeforeTax": "276449000", "incomeTaxExpense": "52476000", "interestAndDebtExpense": "None", "netIncomeFromContinuingOperations": "177004000", "comprehensiveIncomeNetOfTax": "None", "ebit": "537101000", "ebitda": "238824000", "netIncome": "223973000"}, {"fiscalDateEnding": "2022-03-31", "reportedCurrency": "USD", "grossProfit": "1224004000", "totalRevenue": "1308356000", "costOfRevenue": "84352000", "costofGoodsAndServicesSold": "84352000", "operatingIncome": "221559000", "sellingGeneralAndAdministrative": "81600000", "researchAndDevelopment": "None", "operatingExpenses": "-1086797000", "investmentIncomeNet": "None", "netInterestIncome": "-19944000", "interestIncome": "19944000", "interestExpense": "19944000", "nonInterestIncome": "None", "otherNonOperatingIncome": "None", "depreciation": "None", "depreciationAndAmortization": "-314120000", "incomeBeforeTax": "201615000", "incomeTaxExpense": "37254000", "interestAndDebtExpense": "None", "netIncomeFromContinuingOperations": "164361000", "comprehensiveIncomeNetOfTax": "None", "ebit": "535679000", "ebitda": "221559000", "netIncome": "164361000"}, {"fiscalDateEnding": "2021-12-31", "reportedCurrency": "USD", "grossProfit": "4800154000", "totalRevenue": "1297360000", "costOfRevenue": "-3502794000", "costofGoodsAndServicesSold": "-3502794000", "operatingIncome": "237211000", "sellingGeneralAndAdministrative": "75890000", "researchAndDevelopment": "None", "operatingExpenses": "4045881000", "investmentIncomeNet": "None", "netInterestIncome": "-19653000", "interestIncome": "19653000", "interestExpense": "19653000", "nonInterestIncome": "None", "otherNonOperatingIncome": "None", "depreciation": "None", "depreciationAndAmortization": "-240261000", "incomeBeforeTax": "217558000", "incomeTaxExpense": "39605000", "interestAndDebtExpense": "None", "netIncomeFromContinuingOperations": "177953000", "comprehensiveIncomeNetOfTax": "None", "ebit": "477472000", "ebitda": "237211000", "netIncome": "177953000"}, {"fiscalDateEnding": "2021-09-30", "reportedCurrency": "USD", "grossProfit": "1197453000", "totalRevenue": "1277838000", "costOfRevenue": "80385000", "costofGoodsAndServicesSold": "80385000", "operatingIncome": "251681000", "sellingGeneralAndAdministrative": "77988000", "researchAndDevelopment": "None", "operatingExpenses": "-945772000", "investmentIncomeNet": "None", "netInterestIncome": "-20886000", "interestIncome": "20886000", "interestExpense": "20886000", "nonInterestIncome": "None", "otherNonOperatingIncome": "None", "depreciation": "None", "depreciationAndAmortization": "-251681000", "incomeBeforeTax": "230795000", "incomeTaxExpense": "41924000", "interestAndDebtExpense": "None", "netIncomeFromContinuingOperations": "188871000", "comprehensiveIncomeNetOfTax": "None", "ebit": "503362000", "ebitda": "251681000", "netIncome": "188871000"}, {"fiscalDateEnding": "2021-06-30", "reportedCurrency": "USD", "grossProfit": "1191956000", "totalRevenue": "1271111000", "costOfRevenue": "79155000", "costofGoodsAndServicesSold": "79155000", "operatingIncome": "267012000", "sellingGeneralAndAdministrative": "78894000", "researchAndDevelopment": "None", "operatingExpenses": "-924944000", "investmentIncomeNet": "None", "netInterestIncome": "-21769000", "interestIncome": "21769000", "interestExpense": "21769000", "nonInterestIncome": "None", "otherNonOperatingIncome": "None", "depreciation": "None", "depreciationAndAmortization": "-267273000", "incomeBeforeTax": "245243000", "incomeTaxExpense": "45625000", "interestAndDebtExpense": "None", "netIncomeFromContinuingOperations": "199618000", "comprehensiveIncomeNetOfTax": "None", "ebit": "534285000", "ebitda": "267012000", "netIncome": "199618000"}, {"fiscalDateEnding": "2021-03-31", "reportedCurrency": "USD", "grossProfit": "1185350000", "totalRevenue": "1266560000", "costOfRevenue": "81210000", "costofGoodsAndServicesSold": "81210000", "operatingIncome": "239972000", "sellingGeneralAndAdministrative": "74064000", "researchAndDevelopment": "None", "operatingExpenses": "-945378000", "investmentIncomeNet": "None", "netInterestIncome": "-21178000", "interestIncome": "21178000", "interestExpense": "21178000", "nonInterestIncome": "None", "otherNonOperatingIncome": "None", "depreciation": "None", "depreciationAndAmortization": "-244800000", "incomeBeforeTax": "218794000", "incomeTaxExpense": "40277000", "interestAndDebtExpense": "None", "netIncomeFromContinuingOperations": "178517000", "comprehensiveIncomeNetOfTax": "None", "ebit": "484772000", "ebitda": "239972000", "netIncome": "178517000"}, {"fiscalDateEnding": "2020-12-31", "reportedCurrency": "USD", "grossProfit": "4437517000", "totalRevenue": "1228941000", "costOfRevenue": "-3208576000", "costofGoodsAndServicesSold": "-3208576000", "operatingIncome": "731773000", "sellingGeneralAndAdministrative": "71990000", "researchAndDevelopment": "None", "operatingExpenses": "1850110000", "investmentIncomeNet": "None", "netInterestIncome": "-21409000", "interestIncome": "21409000", "interestExpense": "21409000", "nonInterestIncome": "None", "otherNonOperatingIncome": "None", "depreciation": "None", "depreciationAndAmortization": "-271393000", "incomeBeforeTax": "249984000", "incomeTaxExpense": "45744000", "interestAndDebtExpense": "None", "netIncomeFromContinuingOperations": "204240000", "comprehensiveIncomeNetOfTax": "None", "ebit": "542786000", "ebitda": "271393000", "netIncome": "204240000"}, {"fiscalDateEnding": "2020-09-30", "reportedCurrency": "USD", "grossProfit": "1119645000", "totalRevenue": "1195042000", "costOfRevenue": "75397000", "costofGoodsAndServicesSold": "75397000", "operatingIncome": "188945000", "sellingGeneralAndAdministrative": "72385000", "researchAndDevelopment": "None", "operatingExpenses": "930700000", "investmentIncomeNet": "None", "netInterestIncome": "-21674000", "interestIncome": "21674000", "interestExpense": "21674000", "nonInterestIncome": "None", "otherNonOperatingIncome": "None", "depreciation": "None", "depreciationAndAmortization": "-253212000", "incomeBeforeTax": "231538000", "incomeTaxExpense": "42593000", "interestAndDebtExpense": "None", "netIncomeFromContinuingOperations": "188945000", "comprehensiveIncomeNetOfTax": "None", "ebit": "506424000", "ebitda": "253212000", "netIncome": "188945000"}, {"fiscalDateEnding": "2020-06-30", "reportedCurrency": "USD", "grossProfit": "1108170000", "totalRevenue": "1180884000", "costOfRevenue": "72714000", "costofGoodsAndServicesSold": "72714000", "operatingIncome": "173048000", "sellingGeneralAndAdministrative": "70198000", "researchAndDevelopment": "None", "operatingExpenses": "946000000", "investmentIncomeNet": "None", "netInterestIncome": "-22813000", "interestIncome": "22813000", "interestExpense": "22813000", "nonInterestIncome": "None", "otherNonOperatingIncome": "None", "depreciation": "None", "depreciationAndAmortization": "-235054000", "incomeBeforeTax": "212241000", "incomeTaxExpense": "39193000", "interestAndDebtExpense": "None", "netIncomeFromContinuingOperations": "173048000", "comprehensiveIncomeNetOfTax": "None", "ebit": "470108000", "ebitda": "235054000", "netIncome": "173048000"}, {"fiscalDateEnding": "2020-03-31", "reportedCurrency": "USD", "grossProfit": "1086326000", "totalRevenue": "1164908000", "costOfRevenue": "78582000", "costofGoodsAndServicesSold": "78582000", "operatingIncome": "165540000", "sellingGeneralAndAdministrative": "72976000", "researchAndDevelopment": "None", "operatingExpenses": "909000000", "investmentIncomeNet": "None", "netInterestIncome": "-20808000", "interestIncome": "20808000", "interestExpense": "20808000", "nonInterestIncome": "None", "otherNonOperatingIncome": "None", "depreciation": "None", "depreciationAndAmortization": "-227004000", "incomeBeforeTax": "202921000", "incomeTaxExpense": "37381000", "interestAndDebtExpense": "None", "netIncomeFromContinuingOperations": "165540000", "comprehensiveIncomeNetOfTax": "None", "ebit": "450733000", "ebitda": "223729000", "netIncome": "165540000"}, {"fiscalDateEnding": "2019-12-31", "reportedCurrency": "USD", "grossProfit": "4222707000", "totalRevenue": "1136576000", "costOfRevenue": "-3086131000", "costofGoodsAndServicesSold": "-3086131000", "operatingIncome": "760882000", "sellingGeneralAndAdministrative": "78413000", "researchAndDevelopment": "None", "operatingExpenses": "889000000", "investmentIncomeNet": "None", "netInterestIncome": "-20502000", "interestIncome": "20502000", "interestExpense": "20502000", "nonInterestIncome": "None", "otherNonOperatingIncome": "None", "depreciation": "None", "depreciationAndAmortization": "-250448000", "incomeBeforeTax": "227088000", "incomeTaxExpense": "40027000", "interestAndDebtExpense": "None", "netIncomeFromContinuingOperations": "187061000", "comprehensiveIncomeNetOfTax": "None", "ebit": "498038000", "ebitda": "247590000", "netIncome": "187061000"}, {"fiscalDateEnding": "2019-09-30", "reportedCurrency": "USD", "grossProfit": "1066704000", "totalRevenue": "1141279000", "costOfRevenue": "74575000", "costofGoodsAndServicesSold": "74575000", "operatingIncome": "201818000", "sellingGeneralAndAdministrative": "74575000", "researchAndDevelopment": "None", "operatingExpenses": "873000000", "investmentIncomeNet": "None", "netInterestIncome": "-21094000", "interestIncome": "21094000", "interestExpense": "21094000", "nonInterestIncome": "None", "otherNonOperatingIncome": "None", "depreciation": "None", "depreciationAndAmortization": "-268423999", "incomeBeforeTax": "247330000", "incomeTaxExpense": "45512000", "interestAndDebtExpense": "None", "netIncomeFromContinuingOperations": "201818000", "comprehensiveIncomeNetOfTax": "None", "ebit": "536847999", "ebitda": "268424000", "netIncome": "201818000"}, {"fiscalDateEnding": "2019-06-30", "reportedCurrency": "USD", "grossProfit": "1051417000", "totalRevenue": "1130461000", "costOfRevenue": "79044000", "costofGoodsAndServicesSold": "79044000", "operatingIncome": "186609000", "sellingGeneralAndAdministrative": "79044000", "researchAndDevelopment": "None", "operatingExpenses": "880000000", "investmentIncomeNet": "None", "netInterestIncome": "-21432000", "interestIncome": "21432000", "interestExpense": "21432000", "nonInterestIncome": "None", "otherNonOperatingIncome": "None", "depreciation": "None", "depreciationAndAmortization": "-255692000", "incomeBeforeTax": "228760000", "incomeTaxExpense": "42151000", "interestAndDebtExpense": "None", "netIncomeFromContinuingOperations": "186609000", "comprehensiveIncomeNetOfTax": "None", "ebit": "505884000", "ebitda": "250192000", "netIncome": "186566000"}, {"fiscalDateEnding": "2019-03-31", "reportedCurrency": "USD", "grossProfit": "1046207000", "totalRevenue": "1119000000", "costOfRevenue": "72793000", "costofGoodsAndServicesSold": "72793000", "operatingIncome": "185394000", "sellingGeneralAndAdministrative": "73000000", "researchAndDevelopment": "None", "operatingExpenses": "870000000", "investmentIncomeNet": "None", "netInterestIncome": "-21278000", "interestIncome": "None", "interestExpense": "21000000", "nonInterestIncome": "None", "otherNonOperatingIncome": "None", "depreciation": "None", "depreciationAndAmortization": "-249379000", "incomeBeforeTax": "228000000", "incomeTaxExpense": "43000000", "interestAndDebtExpense": "None", "netIncomeFromContinuingOperations": "185394000", "comprehensiveIncomeNetOfTax": "None", "ebit": "498758000", "ebitda": "249379000", "netIncome": "185345000"}, {"fiscalDateEnding": "2018-12-31", "reportedCurrency": "USD", "grossProfit": "4023429000", "totalRevenue": "1064000000", "costOfRevenue": "-2959429000", "costofGoodsAndServicesSold": "-2959429000", "operatingIncome": "701510000", "sellingGeneralAndAdministrative": "70000000", "researchAndDevelopment": "None", "operatingExpenses": "837000000", "investmentIncomeNet": "None", "netInterestIncome": "None", "interestIncome": "None", "interestExpense": "24000000", "nonInterestIncome": "None", "otherNonOperatingIncome": "None", "depreciation": "None", "depreciationAndAmortization": "-474254000", "incomeBeforeTax": "204000000", "incomeTaxExpense": "39000000", "interestAndDebtExpense": "None", "netIncomeFromContinuingOperations": "164706000", "comprehensiveIncomeNetOfTax": "None", "ebit": "701499000", "ebitda": "227245000", "netIncome": "164717000"}, {"fiscalDateEnding": "2018-09-30", "reportedCurrency": "USD", "grossProfit": "1009941000", "totalRevenue": "1084000000", "costOfRevenue": "74059000", "costofGoodsAndServicesSold": "74059000", "operatingIncome": "178700000", "sellingGeneralAndAdministrative": "74000000", "researchAndDevelopment": "None", "operatingExpenses": "841000000", "investmentIncomeNet": "None", "netInterestIncome": "None", "interestIncome": "None", "interestExpense": "22000000", "nonInterestIncome": "None", "otherNonOperatingIncome": "None", "depreciation": "None", "depreciationAndAmortization": "64087000", "incomeBeforeTax": "220000000", "incomeTaxExpense": "42000000", "interestAndDebtExpense": "None", "netIncomeFromContinuingOperations": "178700000", "comprehensiveIncomeNetOfTax": "None", "ebit": "178676000", "ebitda": "242763000", "netIncome": "178724000"}, {"fiscalDateEnding": "2018-06-30", "reportedCurrency": "USD", "grossProfit": "1016380000", "totalRevenue": "1085000000", "costOfRevenue": "68620000", "costofGoodsAndServicesSold": "68620000", "operatingIncome": "184393000", "sellingGeneralAndAdministrative": "69000000", "researchAndDevelopment": "None", "operatingExpenses": "836000000", "investmentIncomeNet": "None", "netInterestIncome": "None", "interestIncome": "None", "interestExpense": "22000000", "nonInterestIncome": "None", "otherNonOperatingIncome": "None", "depreciation": "None", "depreciationAndAmortization": "64914000", "incomeBeforeTax": "227000000", "incomeTaxExpense": "42000000", "interestAndDebtExpense": "None", "netIncomeFromContinuingOperations": "184393000", "comprehensiveIncomeNetOfTax": "None", "ebit": "184361000", "ebitda": "249275000", "netIncome": "184425000"}, {"fiscalDateEnding": "2018-03-31", "reportedCurrency": "USD", "grossProfit": "1003176000", "totalRevenue": "1070000000", "costOfRevenue": "66824000", "costofGoodsAndServicesSold": "66824000", "operatingIncome": "173711000", "sellingGeneralAndAdministrative": "67000000", "researchAndDevelopment": "None", "operatingExpenses": "836000000", "investmentIncomeNet": "None", "netInterestIncome": "None", "interestIncome": "None", "interestExpense": "22000000", "nonInterestIncome": "None", "otherNonOperatingIncome": "None", "depreciation": "None", "depreciationAndAmortization": "60642000", "incomeBeforeTax": "213000000", "incomeTaxExpense": "39000000", "interestAndDebtExpense": "None", "netIncomeFromContinuingOperations": "173711000", "comprehensiveIncomeNetOfTax": "None", "ebit": "173822000", "ebitda": "234464000", "netIncome": "173600000"}, {"fiscalDateEnding": "2017-12-31", "reportedCurrency": "USD", "grossProfit": "3898419000", "totalRevenue": "1057000000", "costOfRevenue": "-2841419000", "costofGoodsAndServicesSold": "-2841419000", "operatingIncome": "1458263000", "sellingGeneralAndAdministrative": "69000000", "researchAndDevelopment": "None", "operatingExpenses": "819000000", "investmentIncomeNet": "None", "netInterestIncome": "None", "interestIncome": "None", "interestExpense": "22000000", "nonInterestIncome": "None", "otherNonOperatingIncome": "None", "depreciation": "None", "depreciationAndAmortization": "-1220215000", "incomeBeforeTax": "216000000", "incomeTaxExpense": "-811000000", "interestAndDebtExpense": "None", "netIncomeFromContinuingOperations": "None", "comprehensiveIncomeNetOfTax": "None", "ebit": "1458293000", "ebitda": "238078000", "netIncome": "1027346000"}, {"fiscalDateEnding": "2017-09-30", "reportedCurrency": "USD", "grossProfit": "982981000", "totalRevenue": "1046000000", "costOfRevenue": "63019000", "costofGoodsAndServicesSold": "63019000", "operatingIncome": "153346000", "sellingGeneralAndAdministrative": "63000000", "researchAndDevelopment": "None", "operatingExpenses": "804000000", "investmentIncomeNet": "None", "netInterestIncome": "None", "interestIncome": "None", "interestExpense": "21000000", "nonInterestIncome": "None", "otherNonOperatingIncome": "None", "depreciation": "None", "depreciationAndAmortization": "88222000", "incomeBeforeTax": "221000000", "incomeTaxExpense": "67000000", "interestAndDebtExpense": "None", "netIncomeFromContinuingOperations": "153346000", "comprehensiveIncomeNetOfTax": "None", "ebit": "153358000", "ebitda": "241580000", "netIncome": "153334000"}, {"fiscalDateEnding": "2017-06-30", "reportedCurrency": "USD", "grossProfit": "966572000", "totalRevenue": "1029000000", "costOfRevenue": "62428000", "costofGoodsAndServicesSold": "62428000", "operatingIncome": "140363000", "sellingGeneralAndAdministrative": "62000000", "researchAndDevelopment": "None", "operatingExpenses": "806000000", "investmentIncomeNet": "None", "netInterestIncome": "None", "interestIncome": "None", "interestExpense": "21000000", "nonInterestIncome": "None", "otherNonOperatingIncome": "None", "depreciation": "None", "depreciationAndAmortization": "82629000", "incomeBeforeTax": "202000000", "incomeTaxExpense": "62000000", "interestAndDebtExpense": "None", "netIncomeFromContinuingOperations": "140363000", "comprehensiveIncomeNetOfTax": "None", "ebit": "140453000", "ebitda": "223082000", "netIncome": "140273000"}, {"fiscalDateEnding": "2017-03-31", "reportedCurrency": "USD", "grossProfit": "960659000", "totalRevenue": "1023000000", "costOfRevenue": "62341000", "costofGoodsAndServicesSold": "62341000", "operatingIncome": "137178000", "sellingGeneralAndAdministrative": "62000000", "researchAndDevelopment": "None", "operatingExpenses": "811000000", "investmentIncomeNet": "None", "netInterestIncome": "None", "interestIncome": "None", "interestExpense": "21000000", "nonInterestIncome": "None", "otherNonOperatingIncome": "None", "depreciation": "None", "depreciationAndAmortization": "71625000", "incomeBeforeTax": "192000000", "incomeTaxExpense": "55000000", "interestAndDebtExpense": "None", "netIncomeFromContinuingOperations": "137178000", "comprehensiveIncomeNetOfTax": "None", "ebit": "140815000", "ebitda": "212440000", "netIncome": "133541000"}, {"fiscalDateEnding": "2016-12-31", "reportedCurrency": "USD", "grossProfit": "3702220000", "totalRevenue": "975000000", "costOfRevenue": "-2727220000", "costofGoodsAndServicesSold": "-2727220000", "operatingIncome": "539590000", "sellingGeneralAndAdministrative": "59000000", "researchAndDevelopment": "None", "operatingExpenses": "779000000", "investmentIncomeNet": "None", "netInterestIncome": "None", "interestIncome": "None", "interestExpense": "20000000", "nonInterestIncome": "None", "otherNonOperatingIncome": "None", "depreciation": "None", "depreciationAndAmortization": "-332487000", "incomeBeforeTax": "176000000", "incomeTaxExpense": "51000000", "interestAndDebtExpense": "None", "netIncomeFromContinuingOperations": "None", "comprehensiveIncomeNetOfTax": "None", "ebit": "528954000", "ebitda": "196467000", "netIncome": "135448000"}, {"fiscalDateEnding": "2016-09-30", "reportedCurrency": "USD", "grossProfit": "931195000", "totalRevenue": "989000000", "costOfRevenue": "57805000", "costofGoodsAndServicesSold": "57805000", "operatingIncome": "141910000", "sellingGeneralAndAdministrative": "58000000", "researchAndDevelopment": "None", "operatingExpenses": "768000000", "investmentIncomeNet": "None", "netInterestIncome": "None", "interestIncome": "None", "interestExpense": "20000000", "nonInterestIncome": "None", "otherNonOperatingIncome": "None", "depreciation": "None", "depreciationAndAmortization": "89891000", "incomeBeforeTax": "201000000", "incomeTaxExpense": "60000000", "interestAndDebtExpense": "None", "netIncomeFromContinuingOperations": "141910000", "comprehensiveIncomeNetOfTax": "None", "ebit": "131951000", "ebitda": "221842000", "netIncome": "151869000"}, {"fiscalDateEnding": "2016-06-30", "reportedCurrency": "USD", "grossProfit": "934154000", "totalRevenue": "992000000", "costOfRevenue": "57846000", "costofGoodsAndServicesSold": "57846000", "operatingIncome": "139294000", "sellingGeneralAndAdministrative": "58000000", "researchAndDevelopment": "None", "operatingExpenses": "769000000", "investmentIncomeNet": "None", "netInterestIncome": "None", "interestIncome": "None", "interestExpense": "23000000", "nonInterestIncome": "None", "otherNonOperatingIncome": "None", "depreciation": "None", "depreciationAndAmortization": "82295000", "incomeBeforeTax": "199000000", "incomeTaxExpense": "60000000", "interestAndDebtExpense": "None", "netIncomeFromContinuingOperations": "139294000", "comprehensiveIncomeNetOfTax": "None", "ebit": "56999000", "ebitda": "139294000", "netIncome": "138429000"}, {"fiscalDateEnding": "2016-03-31", "reportedCurrency": "USD", "grossProfit": "920198000", "totalRevenue": "977627000", "costOfRevenue": "57429000", "costofGoodsAndServicesSold": "57429000", "operatingIncome": "133574000", "sellingGeneralAndAdministrative": "55403000", "researchAndDevelopment": "None", "operatingExpenses": "763000000", "investmentIncomeNet": "None", "netInterestIncome": "None", "interestIncome": "None", "interestExpense": "19369000", "nonInterestIncome": "None", "otherNonOperatingIncome": "None", "depreciation": "None", "depreciationAndAmortization": "71702000", "incomeBeforeTax": "195448000", "incomeTaxExpense": "61874000", "interestAndDebtExpense": "None", "netIncomeFromContinuingOperations": "None", "comprehensiveIncomeNetOfTax": "None", "ebit": "61872000", "ebitda": "133574000", "netIncome": "124033000"}, {"fiscalDateEnding": "2015-12-31", "reportedCurrency": "USD", "grossProfit": "3542207000", "totalRevenue": "711080000", "costOfRevenue": "-2831127000", "costofGoodsAndServicesSold": "-2831127000", "operatingIncome": "516293000", "sellingGeneralAndAdministrative": "50149000", "researchAndDevelopment": "None", "operatingExpenses": "739000000", "investmentIncomeNet": "None", "netInterestIncome": "None", "interestIncome": "None", "interestExpense": "19222000", "nonInterestIncome": "None", "otherNonOperatingIncome": "None", "depreciation": "None", "depreciationAndAmortization": "-305641000", "incomeBeforeTax": "180623000", "incomeTaxExpense": "58474000", "interestAndDebtExpense": "None", "netIncomeFromContinuingOperations": "None", "comprehensiveIncomeNetOfTax": "None", "ebit": "516293000", "ebitda": "210652000", "netIncome": "132956000"}, {"fiscalDateEnding": "2015-09-30", "reportedCurrency": "USD", "grossProfit": "940980000", "totalRevenue": "998759000", "costOfRevenue": "57779000", "costofGoodsAndServicesSold": "57779000", "operatingIncome": "235990000", "sellingGeneralAndAdministrative": "57779000", "researchAndDevelopment": "None", "operatingExpenses": "729000000", "investmentIncomeNet": "None", "netInterestIncome": "None", "interestIncome": "None", "interestExpense": "19246000", "nonInterestIncome": "None", "otherNonOperatingIncome": "None", "depreciation": "None", "depreciationAndAmortization": "-218255000", "incomeBeforeTax": "216744000", "incomeTaxExpense": "71358000", "interestAndDebtExpense": "None", "netIncomeFromContinuingOperations": "145386000", "comprehensiveIncomeNetOfTax": "None", "ebit": "454245000", "ebitda": "235990000", "netIncome": "145386000"}, {"fiscalDateEnding": "2015-06-30", "reportedCurrency": "USD", "grossProfit": "976717000", "totalRevenue": "1033694000", "costOfRevenue": "56977000", "costofGoodsAndServicesSold": "56977000", "operatingIncome": "207502000", "sellingGeneralAndAdministrative": "56977000", "researchAndDevelopment": "None", "operatingExpenses": "735000000", "investmentIncomeNet": "None", "netInterestIncome": "None", "interestIncome": "None", "interestExpense": "19114000", "nonInterestIncome": "None", "otherNonOperatingIncome": "None", "depreciation": "None", "depreciationAndAmortization": "-215837000", "incomeBeforeTax": "188388000", "incomeTaxExpense": "61278000", "interestAndDebtExpense": "None", "netIncomeFromContinuingOperations": "127110000", "comprehensiveIncomeNetOfTax": "None", "ebit": "423339000", "ebitda": "207502000", "netIncome": "127110000"}, {"fiscalDateEnding": "2015-03-31", "reportedCurrency": "USD", "grossProfit": "965920000", "totalRevenue": "1022532000", "costOfRevenue": "56612000", "costofGoodsAndServicesSold": "56612000", "operatingIncome": "199492000", "sellingGeneralAndAdministrative": "54439000", "researchAndDevelopment": "None", "operatingExpenses": "721000000", "investmentIncomeNet": "None", "netInterestIncome": "None", "interestIncome": "None", "interestExpense": "19060000", "nonInterestIncome": "None", "otherNonOperatingIncome": "None", "depreciation": "None", "depreciationAndAmortization": "-213537000", "incomeBeforeTax": "180432000", "incomeTaxExpense": "58784000", "interestAndDebtExpense": "None", "netIncomeFromContinuingOperations": "None", "comprehensiveIncomeNetOfTax": "None", "ebit": "413029000", "ebitda": "199492000", "netIncome": "121648000"}, {"fiscalDateEnding": "2014-12-31", "reportedCurrency": "USD", "grossProfit": "3741900000", "totalRevenue": "996450000", "costOfRevenue": "-2745450000", "costofGoodsAndServicesSold": "-2745450000", "operatingIncome": "3906164000", "sellingGeneralAndAdministrative": "52021000", "researchAndDevelopment": "None", "operatingExpenses": "415000000", "investmentIncomeNet": "None", "netInterestIncome": "None", "interestIncome": "None", "interestExpense": "19007000", "nonInterestIncome": "None", "otherNonOperatingIncome": "None", "depreciation": "None", "depreciationAndAmortization": "-3675498000", "incomeBeforeTax": "211659000", "incomeTaxExpense": "64911000", "interestAndDebtExpense": "None", "netIncomeFromContinuingOperations": "None", "comprehensiveIncomeNetOfTax": "None", "ebit": "3906164000", "ebitda": "230666000", "netIncome": "146748000"}, {"fiscalDateEnding": "2014-09-30", "reportedCurrency": "USD", "grossProfit": "911599000", "totalRevenue": "967001000", "costOfRevenue": "55402000", "costofGoodsAndServicesSold": "55402000", "operatingIncome": "208597000", "sellingGeneralAndAdministrative": "55402000", "researchAndDevelopment": "None", "operatingExpenses": "758000000", "investmentIncomeNet": "None", "netInterestIncome": "None", "interestIncome": "None", "interestExpense": "19033000", "nonInterestIncome": "None", "otherNonOperatingIncome": "None", "depreciation": "None", "depreciationAndAmortization": "-216084000", "incomeBeforeTax": "189564000", "incomeTaxExpense": "57152000", "interestAndDebtExpense": "None", "netIncomeFromContinuingOperations": "None", "comprehensiveIncomeNetOfTax": "None", "ebit": "424681000", "ebitda": "208597000", "netIncome": "132412000"}, {"fiscalDateEnding": "2014-06-30", "reportedCurrency": "USD", "grossProfit": "927583000", "totalRevenue": "983983000", "costOfRevenue": "56400000", "costofGoodsAndServicesSold": "56400000", "operatingIncome": "205795000", "sellingGeneralAndAdministrative": "56400000", "researchAndDevelopment": "None", "operatingExpenses": "778000000", "investmentIncomeNet": "None", "netInterestIncome": "None", "interestIncome": "None", "interestExpense": "19037000", "nonInterestIncome": "None", "otherNonOperatingIncome": "None", "depreciation": "None", "depreciationAndAmortization": "-212848000", "incomeBeforeTax": "186758000", "incomeTaxExpense": "55835000", "interestAndDebtExpense": "None", "netIncomeFromContinuingOperations": "None", "comprehensiveIncomeNetOfTax": "None", "ebit": "418643000", "ebitda": "205795000", "netIncome": "130923000"}, {"fiscalDateEnding": "2014-03-31", "reportedCurrency": "USD", "grossProfit": "960164000", "totalRevenue": "1017120000", "costOfRevenue": "56956000", "costofGoodsAndServicesSold": "56956000", "operatingIncome": "209536000", "sellingGeneralAndAdministrative": "52720000", "researchAndDevelopment": "None", "operatingExpenses": "808000000", "investmentIncomeNet": "None", "netInterestIncome": "None", "interestIncome": "None", "interestExpense": "19049000", "nonInterestIncome": "None", "otherNonOperatingIncome": "None", "depreciation": "None", "depreciationAndAmortization": "-219080000", "incomeBeforeTax": "190487000", "incomeTaxExpense": "57631000", "interestAndDebtExpense": "None", "netIncomeFromContinuingOperations": "132856000", "comprehensiveIncomeNetOfTax": "None", "ebit": "428616000", "ebitda": "209536000", "netIncome": "132856000"}, {"fiscalDateEnding": "2013-12-31", "reportedCurrency": "USD", "grossProfit": "715904000", "totalRevenue": "930594000", "costOfRevenue": "214690000", "costofGoodsAndServicesSold": "214690000", "operatingIncome": "528472000", "sellingGeneralAndAdministrative": "50929000", "researchAndDevelopment": "None", "operatingExpenses": "435000000", "investmentIncomeNet": "None", "netInterestIncome": "None", "interestIncome": "None", "interestExpense": "19080000", "nonInterestIncome": "None", "otherNonOperatingIncome": "None", "depreciation": "None", "depreciationAndAmortization": "-302963000", "incomeBeforeTax": "206429000", "incomeTaxExpense": "63612000", "interestAndDebtExpense": "None", "netIncomeFromContinuingOperations": "None", "comprehensiveIncomeNetOfTax": "None", "ebit": "528472000", "ebitda": "225509000", "netIncome": "142817000"}, {"fiscalDateEnding": "2013-09-30", "reportedCurrency": "USD", "grossProfit": "879544000", "totalRevenue": "932789000", "costOfRevenue": "53245000", "costofGoodsAndServicesSold": "53245000", "operatingIncome": "210526000", "sellingGeneralAndAdministrative": "53245000", "researchAndDevelopment": "None", "operatingExpenses": "722000000", "investmentIncomeNet": "None", "netInterestIncome": "None", "interestIncome": "None", "interestExpense": "19676000", "nonInterestIncome": "None", "otherNonOperatingIncome": "None", "depreciation": "None", "depreciationAndAmortization": "-210526000", "incomeBeforeTax": "190850000", "incomeTaxExpense": "58728000", "interestAndDebtExpense": "None", "netIncomeFromContinuingOperations": "132122000", "comprehensiveIncomeNetOfTax": "None", "ebit": "421052000", "ebitda": "210526000", "netIncome": "132122000"}, {"fiscalDateEnding": "2013-06-30", "reportedCurrency": "USD", "grossProfit": "895047000", "totalRevenue": "950339000", "costOfRevenue": "55292000", "costofGoodsAndServicesSold": "55292000", "operatingIncome": "213612000", "sellingGeneralAndAdministrative": "55292000", "researchAndDevelopment": "None", "operatingExpenses": "737000000", "investmentIncomeNet": "None", "netInterestIncome": "None", "interestIncome": "None", "interestExpense": "20828000", "nonInterestIncome": "None", "otherNonOperatingIncome": "None", "depreciation": "None", "depreciationAndAmortization": "-214112000", "incomeBeforeTax": "192784000", "incomeTaxExpense": "58883000", "interestAndDebtExpense": "None", "netIncomeFromContinuingOperations": "133901000", "comprehensiveIncomeNetOfTax": "None", "ebit": "213612000", "ebitda": "-500000", "netIncome": "133901000"}, {"fiscalDateEnding": "2013-03-31", "reportedCurrency": "USD", "grossProfit": "905908000", "totalRevenue": "958216000", "costOfRevenue": "52308000", "costofGoodsAndServicesSold": "52308000", "operatingIncome": "193940000", "sellingGeneralAndAdministrative": "50188000", "researchAndDevelopment": "None", "operatingExpenses": "764000000", "investmentIncomeNet": "None", "netInterestIncome": "None", "interestIncome": "None", "interestExpense": "20877000", "nonInterestIncome": "None", "otherNonOperatingIncome": "None", "depreciation": "None", "depreciationAndAmortization": "-193940000", "incomeBeforeTax": "173063000", "incomeTaxExpense": "53431000", "interestAndDebtExpense": "None", "netIncomeFromContinuingOperations": "119632000", "comprehensiveIncomeNetOfTax": "None", "ebit": "387880000", "ebitda": "193940000", "netIncome": "119632000"}, {"fiscalDateEnding": "2012-12-31", "reportedCurrency": "USD", "grossProfit": "730522000", "totalRevenue": "928698000", "costOfRevenue": "198176000", "costofGoodsAndServicesSold": "198176000", "operatingIncome": "529324000", "sellingGeneralAndAdministrative": "38756000", "researchAndDevelopment": "None", "operatingExpenses": "687000000", "investmentIncomeNet": "None", "netInterestIncome": "None", "interestIncome": "None", "interestExpense": "21349000", "nonInterestIncome": "None", "otherNonOperatingIncome": "None", "depreciation": "None", "depreciationAndAmortization": "-287388000", "incomeBeforeTax": "220587000", "incomeTaxExpense": "69600000", "interestAndDebtExpense": "None", "netIncomeFromContinuingOperations": "None", "comprehensiveIncomeNetOfTax": "None", "ebit": "529324000", "ebitda": "241936000", "netIncome": "150987000"}, {"fiscalDateEnding": "2012-09-30", "reportedCurrency": "USD", "grossProfit": "828667000", "totalRevenue": "877100000", "costOfRevenue": "48433000", "costofGoodsAndServicesSold": "48433000", "operatingIncome": "130672000", "sellingGeneralAndAdministrative": "48433000", "researchAndDevelopment": "None", "operatingExpenses": "668000000", "investmentIncomeNet": "None", "netInterestIncome": "None", "interestIncome": "None", "interestExpense": "19843000", "nonInterestIncome": "None", "otherNonOperatingIncome": "None", "depreciation": "None", "depreciationAndAmortization": "77962000", "incomeBeforeTax": "188791000", "incomeTaxExpense": "58119000", "interestAndDebtExpense": "None", "netIncomeFromContinuingOperations": "None", "comprehensiveIncomeNetOfTax": "None", "ebit": "130672000", "ebitda": "208634000", "netIncome": "130672000"}, {"fiscalDateEnding": "2012-06-30", "reportedCurrency": "USD", "grossProfit": "838037000", "totalRevenue": "885795000", "costOfRevenue": "47758000", "costofGoodsAndServicesSold": "47758000", "operatingIncome": "128988000", "sellingGeneralAndAdministrative": "47758000", "researchAndDevelopment": "None", "operatingExpenses": "680000000", "investmentIncomeNet": "None", "netInterestIncome": "None", "interestIncome": "None", "interestExpense": "19649000", "nonInterestIncome": "None", "otherNonOperatingIncome": "None", "depreciation": "None", "depreciationAndAmortization": "77041000", "incomeBeforeTax": "186380000", "incomeTaxExpense": "57392000", "interestAndDebtExpense": "None", "netIncomeFromContinuingOperations": "None", "comprehensiveIncomeNetOfTax": "None", "ebit": "51947000", "ebitda": "128988000", "netIncome": "128988000"}, {"fiscalDateEnding": "2012-03-31", "reportedCurrency": "USD", "grossProfit": "849807000", "totalRevenue": "897923000", "costOfRevenue": "48116000", "costofGoodsAndServicesSold": "48116000", "operatingIncome": "118677000", "sellingGeneralAndAdministrative": "46195000", "researchAndDevelopment": "None", "operatingExpenses": "708000000", "investmentIncomeNet": "None", "netInterestIncome": "None", "interestIncome": "None", "interestExpense": "19671000", "nonInterestIncome": "None", "otherNonOperatingIncome": "None", "depreciation": "None", "depreciationAndAmortization": "71229000", "incomeBeforeTax": "170235000", "incomeTaxExpense": "51558000", "interestAndDebtExpense": "None", "netIncomeFromContinuingOperations": "None", "comprehensiveIncomeNetOfTax": "None", "ebit": "47448000", "ebitda": "118677000", "netIncome": "118677000"}, {"fiscalDateEnding": "2011-12-31", "reportedCurrency": "USD", "grossProfit": "631918000", "totalRevenue": "833554000", "costOfRevenue": "201636000", "costofGoodsAndServicesSold": "201636000", "operatingIncome": "518340000", "sellingGeneralAndAdministrative": "None", "researchAndDevelopment": "None", "operatingExpenses": "637000000", "investmentIncomeNet": "None", "netInterestIncome": "None", "interestIncome": "None", "interestExpense": "19527000", "nonInterestIncome": "None", "otherNonOperatingIncome": "None", "depreciation": "None", "depreciationAndAmortization": "-316309000", "incomeBeforeTax": "182504000", "incomeTaxExpense": "56147000", "interestAndDebtExpense": "None", "netIncomeFromContinuingOperations": "None", "comprehensiveIncomeNetOfTax": "None", "ebit": "518340000", "ebitda": "202031000", "netIncome": "126357000"}, {"fiscalDateEnding": "2011-09-30", "reportedCurrency": "USD", "grossProfit": "791973000", "totalRevenue": "837241000", "costOfRevenue": "45268000", "costofGoodsAndServicesSold": "45268000", "operatingIncome": "136911000", "sellingGeneralAndAdministrative": "None", "researchAndDevelopment": "None", "operatingExpenses": "628000000", "investmentIncomeNet": "None", "netInterestIncome": "None", "interestIncome": "None", "interestExpense": "19510000", "nonInterestIncome": "None", "otherNonOperatingIncome": "None", "depreciation": "None", "depreciationAndAmortization": "81565000", "incomeBeforeTax": "198822000", "incomeTaxExpense": "61911000", "interestAndDebtExpense": "None", "netIncomeFromContinuingOperations": "None", "comprehensiveIncomeNetOfTax": "None", "ebit": "55346000", "ebitda": "136911000", "netIncome": "131400000"}, {"fiscalDateEnding": "2011-06-30", "reportedCurrency": "USD", "grossProfit": "830820000", "totalRevenue": "877334000", "costOfRevenue": "46514000", "costofGoodsAndServicesSold": "46514000", "operatingIncome": "148940000", "sellingGeneralAndAdministrative": "None", "researchAndDevelopment": "None", "operatingExpenses": "649000000", "investmentIncomeNet": "None", "netInterestIncome": "None", "interestIncome": "None", "interestExpense": "19411000", "nonInterestIncome": "None", "otherNonOperatingIncome": "None", "depreciation": "None", "depreciationAndAmortization": "88999000", "incomeBeforeTax": "218528000", "incomeTaxExpense": "69588000", "interestAndDebtExpense": "None", "netIncomeFromContinuingOperations": "None", "comprehensiveIncomeNetOfTax": "None", "ebit": "59941000", "ebitda": "148940000", "netIncome": "142781000"}, {"fiscalDateEnding": "2011-03-31", "reportedCurrency": "USD", "grossProfit": "779085000", "totalRevenue": "829272000", "costOfRevenue": "50187000", "costofGoodsAndServicesSold": "50187000", "operatingIncome": "106132000", "sellingGeneralAndAdministrative": "None", "researchAndDevelopment": "None", "operatingExpenses": "662000000", "investmentIncomeNet": "None", "netInterestIncome": "None", "interestIncome": "None", "interestExpense": "19460000", "nonInterestIncome": "None", "otherNonOperatingIncome": "None", "depreciation": "None", "depreciationAndAmortization": "68541000", "incomeBeforeTax": "155812000", "incomeTaxExpense": "49680000", "interestAndDebtExpense": "None", "netIncomeFromContinuingOperations": "None", "comprehensiveIncomeNetOfTax": "None", "ebit": "106132000", "ebitda": "174673000", "netIncome": "100141000"}, {"fiscalDateEnding": "2010-12-31", "reportedCurrency": "USD", "grossProfit": "670899000", "totalRevenue": "847171000", "costOfRevenue": "176272000", "costofGoodsAndServicesSold": "176272000", "operatingIncome": "522293000", "sellingGeneralAndAdministrative": "None", "researchAndDevelopment": "None", "operatingExpenses": "641000000", "investmentIncomeNet": "None", "netInterestIncome": "None", "interestIncome": "None", "interestExpense": "18990000", "nonInterestIncome": "None", "otherNonOperatingIncome": "None", "depreciation": "None", "depreciationAndAmortization": "-281970000", "incomeBeforeTax": "215480000", "incomeTaxExpense": "66525000", "interestAndDebtExpense": "None", "netIncomeFromContinuingOperations": "None", "comprehensiveIncomeNetOfTax": "None", "ebit": "522293000", "ebitda": "240323000", "netIncome": "154808000"}, {"fiscalDateEnding": "2010-09-30", "reportedCurrency": "USD", "grossProfit": "795734000", "totalRevenue": "838888000", "costOfRevenue": "43154000", "costofGoodsAndServicesSold": "43154000", "operatingIncome": "138097000", "sellingGeneralAndAdministrative": "None", "researchAndDevelopment": "None", "operatingExpenses": "612000000", "investmentIncomeNet": "None", "netInterestIncome": "None", "interestIncome": "None", "interestExpense": "18790000", "nonInterestIncome": "None", "otherNonOperatingIncome": "None", "depreciation": "None", "depreciationAndAmortization": "65440000", "incomeBeforeTax": "208313000", "incomeTaxExpense": "70216000", "interestAndDebtExpense": "None", "netIncomeFromContinuingOperations": "None", "comprehensiveIncomeNetOfTax": "None", "ebit": "72657000", "ebitda": "138097000", "netIncome": "114531000"}, {"fiscalDateEnding": "2010-06-30", "reportedCurrency": "USD", "grossProfit": "819137000", "totalRevenue": "864977000", "costOfRevenue": "45840000", "costofGoodsAndServicesSold": "45840000", "operatingIncome": "208786000", "sellingGeneralAndAdministrative": "None", "researchAndDevelopment": "None", "operatingExpenses": "636000000", "investmentIncomeNet": "None", "netInterestIncome": "None", "interestIncome": "None", "interestExpense": "18812000", "nonInterestIncome": "None", "otherNonOperatingIncome": "None", "depreciation": "None", "depreciationAndAmortization": "None", "incomeBeforeTax": "189974000", "incomeTaxExpense": "63925000", "interestAndDebtExpense": "None", "netIncomeFromContinuingOperations": "None", "comprehensiveIncomeNetOfTax": "None", "ebit": "189974000", "ebitda": "208786000", "netIncome": "126049000"}, {"fiscalDateEnding": "2010-03-31", "reportedCurrency": "USD", "grossProfit": "831375000", "totalRevenue": "874805000", "costOfRevenue": "43430000", "costofGoodsAndServicesSold": "43430000", "operatingIncome": "202372000", "sellingGeneralAndAdministrative": "None", "researchAndDevelopment": "None", "operatingExpenses": "653000000", "investmentIncomeNet": "None", "netInterestIncome": "None", "interestIncome": "None", "interestExpense": "18937000", "nonInterestIncome": "None", "otherNonOperatingIncome": "None", "depreciation": "None", "depreciationAndAmortization": "None", "incomeBeforeTax": "183435000", "incomeTaxExpense": "61759000", "interestAndDebtExpense": "None", "netIncomeFromContinuingOperations": "None", "comprehensiveIncomeNetOfTax": "None", "ebit": "183435000", "ebitda": "202372000", "netIncome": "121676000"}, {"fiscalDateEnding": "2009-12-31", "reportedCurrency": "USD", "grossProfit": "3048308000", "totalRevenue": "808171000", "costOfRevenue": "-2240137000", "costofGoodsAndServicesSold": "-2240137000", "operatingIncome": "3145091000", "sellingGeneralAndAdministrative": "None", "researchAndDevelopment": "None", "operatingExpenses": "558000000", "investmentIncomeNet": "None", "netInterestIncome": "None", "interestIncome": "None", "interestExpense": "19009000", "nonInterestIncome": "None", "otherNonOperatingIncome": "None", "depreciation": "None", "depreciationAndAmortization": "-2954649000", "incomeBeforeTax": "171433000", "incomeTaxExpense": "58104000", "interestAndDebtExpense": "None", "netIncomeFromContinuingOperations": "None", "comprehensiveIncomeNetOfTax": "None", "ebit": "3145091000", "ebitda": "190442000", "netIncome": "113329000"}, {"fiscalDateEnding": "2009-09-30", "reportedCurrency": "USD", "grossProfit": "742241000", "totalRevenue": "784854000", "costOfRevenue": "42613000", "costofGoodsAndServicesSold": "42613000", "operatingIncome": "167400000", "sellingGeneralAndAdministrative": "None", "researchAndDevelopment": "None", "operatingExpenses": "598000000", "investmentIncomeNet": "None", "netInterestIncome": "None", "interestIncome": "None", "interestExpense": "20343000", "nonInterestIncome": "None", "otherNonOperatingIncome": "None", "depreciation": "None", "depreciationAndAmortization": "None", "incomeBeforeTax": "147057000", "incomeTaxExpense": "46257000", "interestAndDebtExpense": "None", "netIncomeFromContinuingOperations": "None", "comprehensiveIncomeNetOfTax": "None", "ebit": "147057000", "ebitda": "167400000", "netIncome": "100800000"}, {"fiscalDateEnding": "2009-06-30", "reportedCurrency": "USD", "grossProfit": "774498000", "totalRevenue": "819734000", "costOfRevenue": "45236000", "costofGoodsAndServicesSold": "45236000", "operatingIncome": "175323000", "sellingGeneralAndAdministrative": "None", "researchAndDevelopment": "None", "operatingExpenses": "644000000", "investmentIncomeNet": "None", "netInterestIncome": "None", "interestIncome": "None", "interestExpense": "14916000", "nonInterestIncome": "None", "otherNonOperatingIncome": "None", "depreciation": "None", "depreciationAndAmortization": "None", "incomeBeforeTax": "160407000", "incomeTaxExpense": "46289000", "interestAndDebtExpense": "None", "netIncomeFromContinuingOperations": "None", "comprehensiveIncomeNetOfTax": "None", "ebit": "160407000", "ebitda": "175323000", "netIncome": "114118000"}, {"fiscalDateEnding": "2009-03-31", "reportedCurrency": "USD", "grossProfit": "765848000", "totalRevenue": "809638000", "costOfRevenue": "43790000", "costofGoodsAndServicesSold": "43790000", "operatingIncome": "141960000", "sellingGeneralAndAdministrative": "None", "researchAndDevelopment": "None", "operatingExpenses": "668000000", "investmentIncomeNet": "None", "netInterestIncome": "None", "interestIncome": "None", "interestExpense": "15664000", "nonInterestIncome": "None", "otherNonOperatingIncome": "None", "depreciation": "None", "depreciationAndAmortization": "None", "incomeBeforeTax": "126296000", "incomeTaxExpense": "49590000", "interestAndDebtExpense": "None", "netIncomeFromContinuingOperations": "None", "comprehensiveIncomeNetOfTax": "None", "ebit": "126296000", "ebitda": "141960000", "netIncome": "76706000"}, {"fiscalDateEnding": "2008-12-31", "reportedCurrency": "USD", "grossProfit": "3141706000", "totalRevenue": "840641000", "costOfRevenue": "-2301065000", "costofGoodsAndServicesSold": "-2301065000", "operatingIncome": "3214289000", "sellingGeneralAndAdministrative": "None", "researchAndDevelopment": "None", "operatingExpenses": "533000000", "investmentIncomeNet": "None", "netInterestIncome": "None", "interestIncome": "None", "interestExpense": "16732000", "nonInterestIncome": "None", "otherNonOperatingIncome": "None", "depreciation": "None", "depreciationAndAmortization": "-3004967000", "incomeBeforeTax": "192590000", "incomeTaxExpense": "55381000", "interestAndDebtExpense": "None", "netIncomeFromContinuingOperations": "None", "comprehensiveIncomeNetOfTax": "None", "ebit": "3214289000", "ebitda": "209322000", "netIncome": "137209000"}, {"fiscalDateEnding": "2008-09-30", "reportedCurrency": "USD", "grossProfit": "708317000", "totalRevenue": "753352000", "costOfRevenue": "45035000", "costofGoodsAndServicesSold": "45035000", "operatingIncome": "121138000", "sellingGeneralAndAdministrative": "None", "researchAndDevelopment": "None", "operatingExpenses": "632000000", "investmentIncomeNet": "None", "netInterestIncome": "None", "interestIncome": "None", "interestExpense": "15507000", "nonInterestIncome": "None", "otherNonOperatingIncome": "None", "depreciation": "None", "depreciationAndAmortization": "None", "incomeBeforeTax": "105631000", "incomeTaxExpense": "42480000", "interestAndDebtExpense": "None", "netIncomeFromContinuingOperations": "None", "comprehensiveIncomeNetOfTax": "None", "ebit": "105631000", "ebitda": "121138000", "netIncome": "63151000"}, {"fiscalDateEnding": "2008-06-30", "reportedCurrency": "USD", "grossProfit": "816525000", "totalRevenue": "860492000", "costOfRevenue": "43967000", "costofGoodsAndServicesSold": "43967000", "operatingIncome": "199424000", "sellingGeneralAndAdministrative": "None", "researchAndDevelopment": "None", "operatingExpenses": "661000000", "investmentIncomeNet": "None", "netInterestIncome": "None", "interestIncome": "None", "interestExpense": "14818000", "nonInterestIncome": "None", "otherNonOperatingIncome": "None", "depreciation": "None", "depreciationAndAmortization": "None", "incomeBeforeTax": "184606000", "incomeTaxExpense": "50880000", "interestAndDebtExpense": "None", "netIncomeFromContinuingOperations": "None", "comprehensiveIncomeNetOfTax": "None", "ebit": "184606000", "ebitda": "199424000", "netIncome": "133726000"}, {"fiscalDateEnding": "2008-03-31", "reportedCurrency": "USD", "grossProfit": "826376000", "totalRevenue": "872433000", "costOfRevenue": "46057000", "costofGoodsAndServicesSold": "46057000", "operatingIncome": "194602000", "sellingGeneralAndAdministrative": "None", "researchAndDevelopment": "None", "operatingExpenses": "678000000", "investmentIncomeNet": "None", "netInterestIncome": "None", "interestIncome": "None", "interestExpense": "16172000", "nonInterestIncome": "None", "otherNonOperatingIncome": "None", "depreciation": "None", "depreciationAndAmortization": "None", "incomeBeforeTax": "178430000", "incomeTaxExpense": "60257000", "interestAndDebtExpense": "None", "netIncomeFromContinuingOperations": "None", "comprehensiveIncomeNetOfTax": "None", "ebit": "178430000", "ebitda": "194602000", "netIncome": "118173000"}, {"fiscalDateEnding": "2007-12-31", "reportedCurrency": "USD", "grossProfit": "3313291000", "totalRevenue": "840539000", "costOfRevenue": "-2472752000", "costofGoodsAndServicesSold": "-2472752000", "operatingIncome": "5309291000", "sellingGeneralAndAdministrative": "None", "researchAndDevelopment": "None", "operatingExpenses": "625000000", "investmentIncomeNet": "None", "netInterestIncome": "None", "interestIncome": "None", "interestExpense": "16187000", "nonInterestIncome": "None", "otherNonOperatingIncome": "None", "depreciation": "None", "depreciationAndAmortization": "-5094215000", "incomeBeforeTax": "198889000", "incomeTaxExpense": "66544000", "interestAndDebtExpense": "None", "netIncomeFromContinuingOperations": "None", "comprehensiveIncomeNetOfTax": "None", "ebit": "5309291000", "ebitda": "215076000", "netIncome": "132345000"}, {"fiscalDateEnding": "2007-09-30", "reportedCurrency": "USD", "grossProfit": "819540000", "totalRevenue": "863614000", "costOfRevenue": "44074000", "costofGoodsAndServicesSold": "44074000", "operatingIncome": "219163000", "sellingGeneralAndAdministrative": "None", "researchAndDevelopment": "None", "operatingExpenses": "644000000", "investmentIncomeNet": "None", "netInterestIncome": "None", "interestIncome": "None", "interestExpense": "17579000", "nonInterestIncome": "None", "otherNonOperatingIncome": "None", "depreciation": "None", "depreciationAndAmortization": "None", "incomeBeforeTax": "201584000", "incomeTaxExpense": "68702000", "interestAndDebtExpense": "None", "netIncomeFromContinuingOperations": "None", "comprehensiveIncomeNetOfTax": "None", "ebit": "201584000", "ebitda": "219163000", "netIncome": "132882000"}, {"fiscalDateEnding": "2007-06-30", "reportedCurrency": "USD", "grossProfit": "834363000", "totalRevenue": "876569000", "costOfRevenue": "42206000", "costofGoodsAndServicesSold": "42206000", "operatingIncome": "208578000", "sellingGeneralAndAdministrative": "None", "researchAndDevelopment": "None", "operatingExpenses": "668000000", "investmentIncomeNet": "None", "netInterestIncome": "None", "interestIncome": "None", "interestExpense": "16541000", "nonInterestIncome": "None", "otherNonOperatingIncome": "None", "depreciation": "None", "depreciationAndAmortization": "None", "incomeBeforeTax": "192037000", "incomeTaxExpense": "64920000", "interestAndDebtExpense": "None", "netIncomeFromContinuingOperations": "None", "comprehensiveIncomeNetOfTax": "None", "ebit": "192037000", "ebitda": "208578000", "netIncome": "127117000"}, {"fiscalDateEnding": "2007-03-31", "reportedCurrency": "USD", "grossProfit": "863094000", "totalRevenue": "905975000", "costOfRevenue": "42881000", "costofGoodsAndServicesSold": "42881000", "operatingIncome": "221552000", "sellingGeneralAndAdministrative": "None", "researchAndDevelopment": "None", "operatingExpenses": "684000000", "investmentIncomeNet": "None", "netInterestIncome": "None", "interestIncome": "None", "interestExpense": "17257000", "nonInterestIncome": "None", "otherNonOperatingIncome": "None", "depreciation": "None", "depreciationAndAmortization": "None", "incomeBeforeTax": "204295000", "incomeTaxExpense": "69104000", "interestAndDebtExpense": "None", "netIncomeFromContinuingOperations": "None", "comprehensiveIncomeNetOfTax": "None", "ebit": "204295000", "ebitda": "221552000", "netIncome": "135191000"}, {"fiscalDateEnding": "2006-12-31", "reportedCurrency": "USD", "grossProfit": "3251410000", "totalRevenue": "857096000", "costOfRevenue": "-2394314000", "costofGoodsAndServicesSold": "-2394314000", "operatingIncome": "5192410000", "sellingGeneralAndAdministrative": "None", "researchAndDevelopment": "None", "operatingExpenses": "633000000", "investmentIncomeNet": "None", "netInterestIncome": "None", "interestIncome": "None", "interestExpense": "18071000", "nonInterestIncome": "None", "otherNonOperatingIncome": "None", "depreciation": "None", "depreciationAndAmortization": "-4968020000", "incomeBeforeTax": "206319000", "incomeTaxExpense": "63881000", "interestAndDebtExpense": "None", "netIncomeFromContinuingOperations": "None", "comprehensiveIncomeNetOfTax": "None", "ebit": "5192410000", "ebitda": "224390000", "netIncome": "142438000"}, {"fiscalDateEnding": "2006-09-30", "reportedCurrency": "USD", "grossProfit": "797205000", "totalRevenue": "837939000", "costOfRevenue": "40734000", "costofGoodsAndServicesSold": "40734000", "operatingIncome": "210710000", "sellingGeneralAndAdministrative": "None", "researchAndDevelopment": "None", "operatingExpenses": "627000000", "investmentIncomeNet": "None", "netInterestIncome": "None", "interestIncome": "None", "interestExpense": "21437000", "nonInterestIncome": "None", "otherNonOperatingIncome": "None", "depreciation": "None", "depreciationAndAmortization": "None", "incomeBeforeTax": "189273000", "incomeTaxExpense": "60729000", "interestAndDebtExpense": "None", "netIncomeFromContinuingOperations": "None", "comprehensiveIncomeNetOfTax": "None", "ebit": "189273000", "ebitda": "210710000", "netIncome": "128544000"}, {"fiscalDateEnding": "2006-06-30", "reportedCurrency": "USD", "grossProfit": "825591000", "totalRevenue": "869135000", "costOfRevenue": "43544000", "costofGoodsAndServicesSold": "43544000", "operatingIncome": "211645000", "sellingGeneralAndAdministrative": "None", "researchAndDevelopment": "None", "operatingExpenses": "657000000", "investmentIncomeNet": "None", "netInterestIncome": "None", "interestIncome": "None", "interestExpense": "17638000", "nonInterestIncome": "None", "otherNonOperatingIncome": "None", "depreciation": "None", "depreciationAndAmortization": "None", "incomeBeforeTax": "194007000", "incomeTaxExpense": "66632000", "interestAndDebtExpense": "None", "netIncomeFromContinuingOperations": "None", "comprehensiveIncomeNetOfTax": "None", "ebit": "194007000", "ebitda": "211645000", "netIncome": "127375000"}, {"fiscalDateEnding": "2006-03-31", "reportedCurrency": "USD", "grossProfit": "812744000", "totalRevenue": "857008000", "costOfRevenue": "44264000", "costofGoodsAndServicesSold": "44264000", "operatingIncome": "199961000", "sellingGeneralAndAdministrative": "None", "researchAndDevelopment": "None", "operatingExpenses": "657000000", "investmentIncomeNet": "None", "netInterestIncome": "None", "interestIncome": "None", "interestExpense": "15990000", "nonInterestIncome": "None", "otherNonOperatingIncome": "None", "depreciation": "None", "depreciationAndAmortization": "None", "incomeBeforeTax": "183971000", "incomeTaxExpense": "63697000", "interestAndDebtExpense": "None", "netIncomeFromContinuingOperations": "None", "comprehensiveIncomeNetOfTax": "None", "ebit": "183971000", "ebitda": "199961000", "netIncome": "120274000"}, {"fiscalDateEnding": "2005-12-31", "reportedCurrency": "USD", "grossProfit": "2952957000", "totalRevenue": "769097000", "costOfRevenue": "-2183860000", "costofGoodsAndServicesSold": "-2183860000", "operatingIncome": "4701051000", "sellingGeneralAndAdministrative": "None", "researchAndDevelopment": "None", "operatingExpenses": "585000000", "investmentIncomeNet": "None", "netInterestIncome": "None", "interestIncome": "None", "interestExpense": "15567000", "nonInterestIncome": "None", "otherNonOperatingIncome": "None", "depreciation": "None", "depreciationAndAmortization": "-4517038000", "incomeBeforeTax": "168446000", "incomeTaxExpense": "42310000", "interestAndDebtExpense": "None", "netIncomeFromContinuingOperations": "None", "comprehensiveIncomeNetOfTax": "None", "ebit": "4701051000", "ebitda": "184013000", "netIncome": "126136000"}, {"fiscalDateEnding": "2005-09-30", "reportedCurrency": "USD", "grossProfit": "730604000", "totalRevenue": "769022000", "costOfRevenue": "38418000", "costofGoodsAndServicesSold": "38418000", "operatingIncome": "196673000", "sellingGeneralAndAdministrative": "None", "researchAndDevelopment": "None", "operatingExpenses": "572000000", "investmentIncomeNet": "None", "netInterestIncome": "None", "interestIncome": "None", "interestExpense": "15281000", "nonInterestIncome": "None", "otherNonOperatingIncome": "None", "depreciation": "None", "depreciationAndAmortization": "None", "incomeBeforeTax": "181392000", "incomeTaxExpense": "62346000", "interestAndDebtExpense": "None", "netIncomeFromContinuingOperations": "None", "comprehensiveIncomeNetOfTax": "None", "ebit": "181392000", "ebitda": "196673000", "netIncome": "119046000"}, {"fiscalDateEnding": "2005-06-30", "reportedCurrency": "USD", "grossProfit": "761608000", "totalRevenue": "804797000", "costOfRevenue": "43189000", "costofGoodsAndServicesSold": "43189000", "operatingIncome": "217896000", "sellingGeneralAndAdministrative": "None", "researchAndDevelopment": "None", "operatingExpenses": "587000000", "investmentIncomeNet": "None", "netInterestIncome": "None", "interestIncome": "None", "interestExpense": "15350000", "nonInterestIncome": "None", "otherNonOperatingIncome": "None", "depreciation": "None", "depreciationAndAmortization": "None", "incomeBeforeTax": "202546000", "incomeTaxExpense": "70181000", "interestAndDebtExpense": "None", "netIncomeFromContinuingOperations": "None", "comprehensiveIncomeNetOfTax": "None", "ebit": "202546000", "ebitda": "217896000", "netIncome": "132365000"}, {"fiscalDateEnding": "2005-03-31", "reportedCurrency": "USD", "grossProfit": "743900000", "totalRevenue": "782900000", "costOfRevenue": "39000000", "costofGoodsAndServicesSold": "39000000", "operatingIncome": "193800000", "sellingGeneralAndAdministrative": "None", "researchAndDevelopment": "None", "operatingExpenses": "589000000", "investmentIncomeNet": "None", "netInterestIncome": "None", "interestIncome": "None", "interestExpense": "14700000", "nonInterestIncome": "None", "otherNonOperatingIncome": "None", "depreciation": "None", "depreciationAndAmortization": "None", "incomeBeforeTax": "179100000", "incomeTaxExpense": "61300000", "interestAndDebtExpense": "None", "netIncomeFromContinuingOperations": "None", "comprehensiveIncomeNetOfTax": "None", "ebit": "179100000", "ebitda": "193800000", "netIncome": "117843000"}, {"fiscalDateEnding": "2004-12-31", "reportedCurrency": "USD", "grossProfit": "2920300000", "totalRevenue": "760800000", "costOfRevenue": "-2159500000", "costofGoodsAndServicesSold": "-2159500000", "operatingIncome": "2526570000", "sellingGeneralAndAdministrative": "None", "researchAndDevelopment": "None", "operatingExpenses": "393730000", "investmentIncomeNet": "None", "netInterestIncome": "None", "interestIncome": "None", "interestExpense": "14360000", "nonInterestIncome": "None", "otherNonOperatingIncome": "None", "depreciation": "None", "depreciationAndAmortization": "-2336277000", "incomeBeforeTax": "175870000", "incomeTaxExpense": "60377000", "interestAndDebtExpense": "None", "netIncomeFromContinuingOperations": "None", "comprehensiveIncomeNetOfTax": "None", "ebit": "2526570000", "ebitda": "190293000", "netIncome": "115556000"}]}