{"symbol": "MLM", "annualReports": [{"fiscalDateEnding": "2024-12-31", "reportedCurrency": "USD", "grossProfit": "1878000000", "totalRevenue": "6536000000", "costOfRevenue": "4658000000", "costofGoodsAndServicesSold": "4658000000", "operatingIncome": "2707000000", "sellingGeneralAndAdministrative": "447000000", "researchAndDevelopment": "None", "operatingExpenses": "-829000000", "investmentIncomeNet": "None", "netInterestIncome": "-169000000", "interestIncome": "None", "interestExpense": "169000000", "nonInterestIncome": "None", "otherNonOperatingIncome": "None", "depreciation": "None", "depreciationAndAmortization": "573000000", "incomeBeforeTax": "2596000000", "incomeTaxExpense": "600000000", "interestAndDebtExpense": "None", "netIncomeFromContinuingOperations": "1996000000", "comprehensiveIncomeNetOfTax": "None", "ebit": "2765000000", "ebitda": "3338000000", "netIncome": "1995000000"}, {"fiscalDateEnding": "2023-12-31", "reportedCurrency": "USD", "grossProfit": "2022600000", "totalRevenue": "6777200000", "costOfRevenue": "4754600000", "costofGoodsAndServicesSold": "4754600000", "operatingIncome": "1596000000", "sellingGeneralAndAdministrative": "424800000", "researchAndDevelopment": "None", "operatingExpenses": "426600000", "investmentIncomeNet": "None", "netInterestIncome": "-167700000", "interestIncome": "None", "interestExpense": "165300000", "nonInterestIncome": "None", "otherNonOperatingIncome": "None", "depreciation": "None", "depreciationAndAmortization": "513200000", "incomeBeforeTax": "1492800000", "incomeTaxExpense": "292500000", "interestAndDebtExpense": "None", "netIncomeFromContinuingOperations": "1100200000", "comprehensiveIncomeNetOfTax": "None", "ebit": "1652200000", "ebitda": "2165400000", "netIncome": "1168900000"}, {"fiscalDateEnding": "2022-12-31", "reportedCurrency": "USD", "grossProfit": "1423300000", "totalRevenue": "6160700000", "costOfRevenue": "4737400000", "costofGoodsAndServicesSold": "4737400000", "operatingIncome": "1206700000", "sellingGeneralAndAdministrative": "396700000", "researchAndDevelopment": "None", "operatingExpenses": "207500000", "investmentIncomeNet": "None", "netInterestIncome": "-169000000", "interestIncome": "169000000", "interestExpense": "169000000", "nonInterestIncome": "None", "otherNonOperatingIncome": "53400000", "depreciation": "None", "depreciationAndAmortization": "506000000", "incomeBeforeTax": "1091100000", "incomeTaxExpense": "234800000", "interestAndDebtExpense": "None", "netIncomeFromContinuingOperations": "856300000", "comprehensiveIncomeNetOfTax": "None", "ebit": "1086600000", "ebitda": "1592600000", "netIncome": "866800000"}, {"fiscalDateEnding": "2021-12-31", "reportedCurrency": "USD", "grossProfit": "1348400000", "totalRevenue": "5414000000", "costOfRevenue": "4065600000", "costofGoodsAndServicesSold": "4065600000", "operatingIncome": "973800000", "sellingGeneralAndAdministrative": "351000000", "researchAndDevelopment": "None", "operatingExpenses": "316700000", "investmentIncomeNet": "None", "netInterestIncome": "-142700000", "interestIncome": "142700000", "interestExpense": "142700000", "nonInterestIncome": "None", "otherNonOperatingIncome": "24400000", "depreciation": "None", "depreciationAndAmortization": "463600000", "incomeBeforeTax": "855500000", "incomeTaxExpense": "153200000", "interestAndDebtExpense": "None", "netIncomeFromContinuingOperations": "702300000", "comprehensiveIncomeNetOfTax": "None", "ebit": "998200000", "ebitda": "1461800000", "netIncome": "702500000"}, {"fiscalDateEnding": "2020-12-31", "reportedCurrency": "USD", "grossProfit": "1252800000", "totalRevenue": "4729900000", "costOfRevenue": "3477100000", "costofGoodsAndServicesSold": "3477100000", "operatingIncome": "1005400000", "sellingGeneralAndAdministrative": "305900000", "researchAndDevelopment": "None", "operatingExpenses": "246100000", "investmentIncomeNet": "None", "netInterestIncome": "-118100000", "interestIncome": "118100000", "interestExpense": "118100000", "nonInterestIncome": "None", "otherNonOperatingIncome": "2000000", "depreciation": "None", "depreciationAndAmortization": "408000000", "incomeBeforeTax": "889300000", "incomeTaxExpense": "168200000", "interestAndDebtExpense": "None", "netIncomeFromContinuingOperations": "721100000", "comprehensiveIncomeNetOfTax": "None", "ebit": "1007400000", "ebitda": "1415400000", "netIncome": "721000000"}, {"fiscalDateEnding": "2019-12-31", "reportedCurrency": "USD", "grossProfit": "1179007000", "totalRevenue": "4739098000", "costOfRevenue": "3560091000", "costofGoodsAndServicesSold": "3560091000", "operatingIncome": "884934000", "sellingGeneralAndAdministrative": "302700000", "researchAndDevelopment": "None", "operatingExpenses": "293606000", "investmentIncomeNet": "None", "netInterestIncome": "-129300000", "interestIncome": "129300000", "interestExpense": "129345000", "nonInterestIncome": "None", "otherNonOperatingIncome": "-7300000", "depreciation": "None", "depreciationAndAmortization": "380600000", "incomeBeforeTax": "748336000", "incomeTaxExpense": "136349000", "interestAndDebtExpense": "None", "netIncomeFromContinuingOperations": "612000000", "comprehensiveIncomeNetOfTax": "None", "ebit": "877600000", "ebitda": "1258200000", "netIncome": "611915000"}, {"fiscalDateEnding": "2018-12-31", "reportedCurrency": "USD", "grossProfit": "966577000", "totalRevenue": "4244265000", "costOfRevenue": "3277688000", "costofGoodsAndServicesSold": "3277688000", "operatingIncome": "690737000", "sellingGeneralAndAdministrative": "280554000", "researchAndDevelopment": "0", "operatingExpenses": "262361000", "investmentIncomeNet": "None", "netInterestIncome": "-137069000", "interestIncome": "137069000", "interestExpense": "137100000", "nonInterestIncome": "None", "otherNonOperatingIncome": "22413000", "depreciation": "None", "depreciationAndAmortization": "352048000", "incomeBeforeTax": "576081000", "incomeTaxExpense": "105705000", "interestAndDebtExpense": "None", "netIncomeFromContinuingOperations": "470376000", "comprehensiveIncomeNetOfTax": "None", "ebit": "713150000", "ebitda": "1065198000", "netIncome": "469998000"}, {"fiscalDateEnding": "2017-12-31", "reportedCurrency": "USD", "grossProfit": "971900000", "totalRevenue": "3965600000", "costOfRevenue": "2993700000", "costofGoodsAndServicesSold": "2993700000", "operatingIncome": "700400000", "sellingGeneralAndAdministrative": "262128000", "researchAndDevelopment": "0", "operatingExpenses": "262900000", "investmentIncomeNet": "None", "netInterestIncome": "-91487000", "interestIncome": "91487000", "interestExpense": "91500000", "nonInterestIncome": "None", "otherNonOperatingIncome": "10034000", "depreciation": "None", "depreciationAndAmortization": "305844000", "incomeBeforeTax": "618900000", "incomeTaxExpense": "-94500000", "interestAndDebtExpense": "None", "netIncomeFromContinuingOperations": "713385000", "comprehensiveIncomeNetOfTax": "None", "ebit": "710415000", "ebitda": "1016259000", "netIncome": "713300000"}, {"fiscalDateEnding": "2016-12-31", "reportedCurrency": "USD", "grossProfit": "911738000", "totalRevenue": "3818749000", "costOfRevenue": "2907011000", "costofGoodsAndServicesSold": "2907011000", "operatingIncome": "677266000", "sellingGeneralAndAdministrative": "248005000", "researchAndDevelopment": "0", "operatingExpenses": "233563000", "investmentIncomeNet": "None", "netInterestIncome": "-81677000", "interestIncome": "81677000", "interestExpense": "81677000", "nonInterestIncome": "None", "otherNonOperatingIncome": "21384000", "depreciation": "None", "depreciationAndAmortization": "294076000", "incomeBeforeTax": "607028000", "incomeTaxExpense": "181584000", "interestAndDebtExpense": "None", "netIncomeFromContinuingOperations": "425444000", "comprehensiveIncomeNetOfTax": "None", "ebit": "688705000", "ebitda": "982781000", "netIncome": "425386000"}, {"fiscalDateEnding": "2015-12-31", "reportedCurrency": "USD", "grossProfit": "721800000", "totalRevenue": "3539600000", "costOfRevenue": "2817800000", "costofGoodsAndServicesSold": "2817800000", "operatingIncome": "479400000", "sellingGeneralAndAdministrative": "218234000", "researchAndDevelopment": "0", "operatingExpenses": "233900000", "investmentIncomeNet": "None", "netInterestIncome": "None", "interestIncome": "76287000", "interestExpense": "76300000", "nonInterestIncome": "None", "otherNonOperatingIncome": "10672000", "depreciation": "None", "depreciationAndAmortization": "263600000", "incomeBeforeTax": "413800000", "incomeTaxExpense": "124900000", "interestAndDebtExpense": "None", "netIncomeFromContinuingOperations": "288938000", "comprehensiveIncomeNetOfTax": "None", "ebit": "496842000", "ebitda": "760442000", "netIncome": "288800000"}, {"fiscalDateEnding": "2014-12-31", "reportedCurrency": "USD", "grossProfit": "522400000", "totalRevenue": "2958000000", "costOfRevenue": "2435600000", "costofGoodsAndServicesSold": "2435600000", "operatingIncome": "314900000", "sellingGeneralAndAdministrative": "169245000", "researchAndDevelopment": "0", "operatingExpenses": "164600000", "investmentIncomeNet": "None", "netInterestIncome": "None", "interestIncome": "None", "interestExpense": "66100000", "nonInterestIncome": "None", "otherNonOperatingIncome": "362000", "depreciation": "None", "depreciationAndAmortization": "222700000", "incomeBeforeTax": "249200000", "incomeTaxExpense": "94900000", "interestAndDebtExpense": "None", "netIncomeFromContinuingOperations": "154331000", "comprehensiveIncomeNetOfTax": "None", "ebit": "319865000", "ebitda": "542565000", "netIncome": "155600000"}, {"fiscalDateEnding": "2013-12-31", "reportedCurrency": "USD", "grossProfit": "364000000", "totalRevenue": "2155500000", "costOfRevenue": "1791500000", "costofGoodsAndServicesSold": "1791500000", "operatingIncome": "218000000", "sellingGeneralAndAdministrative": "150091000", "researchAndDevelopment": "700000", "operatingExpenses": "146000000", "investmentIncomeNet": "None", "netInterestIncome": "None", "interestIncome": "None", "interestExpense": "53500000", "nonInterestIncome": "None", "otherNonOperatingIncome": "-295000", "depreciation": "None", "depreciationAndAmortization": "173800000", "incomeBeforeTax": "164200000", "incomeTaxExpense": "44000000", "interestAndDebtExpense": "None", "netIncomeFromContinuingOperations": "120181000", "comprehensiveIncomeNetOfTax": "None", "ebit": "221447000", "ebitda": "395247000", "netIncome": "121300000"}, {"fiscalDateEnding": "2012-12-31", "reportedCurrency": "USD", "grossProfit": "325900000", "totalRevenue": "2037600000", "costOfRevenue": "1711700000", "costofGoodsAndServicesSold": "1711700000", "operatingIncome": "155000000", "sellingGeneralAndAdministrative": "138398000", "researchAndDevelopment": "35100000", "operatingExpenses": "170900000", "investmentIncomeNet": "None", "netInterestIncome": "None", "interestIncome": "None", "interestExpense": "53300000", "nonInterestIncome": "None", "otherNonOperatingIncome": "1299000", "depreciation": "None", "depreciationAndAmortization": "177200000", "incomeBeforeTax": "102900000", "incomeTaxExpense": "16900000", "interestAndDebtExpense": "None", "netIncomeFromContinuingOperations": "85963000", "comprehensiveIncomeNetOfTax": "None", "ebit": "157480000", "ebitda": "334680000", "netIncome": "84500000"}, {"fiscalDateEnding": "2011-12-31", "reportedCurrency": "USD", "grossProfit": "302000000", "totalRevenue": "1713900000", "costOfRevenue": "1411900000", "costofGoodsAndServicesSold": "1411900000", "operatingIncome": "161000000", "sellingGeneralAndAdministrative": "124138000", "researchAndDevelopment": "18600000", "operatingExpenses": "141000000", "investmentIncomeNet": "None", "netInterestIncome": "None", "interestIncome": "None", "interestExpense": "58600000", "nonInterestIncome": "None", "otherNonOperatingIncome": "-1834000", "depreciation": "None", "depreciationAndAmortization": "173400000", "incomeBeforeTax": "100600000", "incomeTaxExpense": "21000000", "interestAndDebtExpense": "None", "netIncomeFromContinuingOperations": "79616000", "comprehensiveIncomeNetOfTax": "None", "ebit": "159182000", "ebitda": "332582000", "netIncome": "82400000"}, {"fiscalDateEnding": "2010-12-31", "reportedCurrency": "USD", "grossProfit": "322000000", "totalRevenue": "1782900000", "costOfRevenue": "1460900000", "costofGoodsAndServicesSold": "1460900000", "operatingIncome": "196400000", "sellingGeneralAndAdministrative": "133230000", "researchAndDevelopment": "200000", "operatingExpenses": "125600000", "investmentIncomeNet": "None", "netInterestIncome": "None", "interestIncome": "None", "interestExpense": "68500000", "nonInterestIncome": "None", "otherNonOperatingIncome": "-202000", "depreciation": "None", "depreciationAndAmortization": "181500000", "incomeBeforeTax": "127700000", "incomeTaxExpense": "29200000", "interestAndDebtExpense": "None", "netIncomeFromContinuingOperations": "98479000", "comprehensiveIncomeNetOfTax": "None", "ebit": "198146000", "ebitda": "379646000", "netIncome": "97000000"}, {"fiscalDateEnding": "2009-12-31", "reportedCurrency": "USD", "grossProfit": "337700000", "totalRevenue": "1702600000", "costOfRevenue": "1364900000", "costofGoodsAndServicesSold": "1364900000", "operatingIncome": "187600000", "sellingGeneralAndAdministrative": "139400000", "researchAndDevelopment": "400000", "operatingExpenses": "150100000", "investmentIncomeNet": "None", "netInterestIncome": "None", "interestIncome": "None", "interestExpense": "73500000", "nonInterestIncome": "None", "otherNonOperatingIncome": "None", "depreciation": "None", "depreciationAndAmortization": "179400000", "incomeBeforeTax": "115300000", "incomeTaxExpense": "27400000", "interestAndDebtExpense": "None", "netIncomeFromContinuingOperations": "None", "comprehensiveIncomeNetOfTax": "None", "ebit": "192732000", "ebitda": "372132000", "netIncome": "85500000"}, {"fiscalDateEnding": "2008-12-31", "reportedCurrency": "USD", "grossProfit": "470400000", "totalRevenue": "2120100000", "costOfRevenue": "1649700000", "costofGoodsAndServicesSold": "1649700000", "operatingIncome": "323300000", "sellingGeneralAndAdministrative": "151348000", "researchAndDevelopment": "600000", "operatingExpenses": "147100000", "investmentIncomeNet": "None", "netInterestIncome": "None", "interestIncome": "None", "interestExpense": "74300000", "nonInterestIncome": "None", "otherNonOperatingIncome": "None", "depreciation": "None", "depreciationAndAmortization": "171100000", "incomeBeforeTax": "243300000", "incomeTaxExpense": "71800000", "interestAndDebtExpense": "None", "netIncomeFromContinuingOperations": "None", "comprehensiveIncomeNetOfTax": "None", "ebit": "321457000", "ebitda": "492557000", "netIncome": "176300000"}, {"fiscalDateEnding": "2007-12-31", "reportedCurrency": "USD", "grossProfit": "570963000", "totalRevenue": "2207141000", "costOfRevenue": "1636178000", "costofGoodsAndServicesSold": "1636178000", "operatingIncome": "433030000", "sellingGeneralAndAdministrative": "155186000", "researchAndDevelopment": "869000", "operatingExpenses": "137933000", "investmentIncomeNet": "None", "netInterestIncome": "None", "interestIncome": "None", "interestExpense": "60893000", "nonInterestIncome": "None", "otherNonOperatingIncome": "None", "depreciation": "None", "depreciationAndAmortization": "150338000", "incomeBeforeTax": "378580000", "incomeTaxExpense": "116073000", "interestAndDebtExpense": "None", "netIncomeFromContinuingOperations": "None", "comprehensiveIncomeNetOfTax": "None", "ebit": "437317000", "ebitda": "587655000", "netIncome": "262749000"}, {"fiscalDateEnding": "2006-12-31", "reportedCurrency": "USD", "grossProfit": "522464000", "totalRevenue": "2206401000", "costOfRevenue": "1683937000", "costofGoodsAndServicesSold": "1683937000", "operatingIncome": "387986000", "sellingGeneralAndAdministrative": "146665000", "researchAndDevelopment": "736000", "operatingExpenses": "134478000", "investmentIncomeNet": "None", "netInterestIncome": "None", "interestIncome": "None", "interestExpense": "0", "nonInterestIncome": "None", "otherNonOperatingIncome": "None", "depreciation": "None", "depreciationAndAmortization": "141429000", "incomeBeforeTax": "350444000", "incomeTaxExpense": "106640000", "interestAndDebtExpense": "None", "netIncomeFromContinuingOperations": "None", "comprehensiveIncomeNetOfTax": "None", "ebit": "390549000", "ebitda": "531978000", "netIncome": "245422000"}, {"fiscalDateEnding": "2005-12-31", "reportedCurrency": "USD", "grossProfit": "423825000", "totalRevenue": "2004243000", "costOfRevenue": "1580418000", "costofGoodsAndServicesSold": "1580418000", "operatingIncome": "308707000", "sellingGeneralAndAdministrative": "130704000", "researchAndDevelopment": "662000", "operatingExpenses": "115118000", "investmentIncomeNet": "None", "netInterestIncome": "None", "interestIncome": "None", "interestExpense": "0", "nonInterestIncome": "None", "otherNonOperatingIncome": "None", "depreciation": "None", "depreciationAndAmortization": "138251000", "incomeBeforeTax": "268047000", "incomeTaxExpense": "72534000", "interestAndDebtExpense": "None", "netIncomeFromContinuingOperations": "None", "comprehensiveIncomeNetOfTax": "None", "ebit": "313801000", "ebitda": "452052000", "netIncome": "192666000"}], "quarterlyReports": [{"fiscalDateEnding": "2024-12-31", "reportedCurrency": "USD", "grossProfit": "489000000", "totalRevenue": "1632000000", "costOfRevenue": "1143000000", "costofGoodsAndServicesSold": "1143000000", "operatingIncome": "399000000", "sellingGeneralAndAdministrative": "106000000", "researchAndDevelopment": "None", "operatingExpenses": "91000000", "investmentIncomeNet": "None", "netInterestIncome": "-50000000", "interestIncome": "None", "interestExpense": "50000000", "nonInterestIncome": "None", "otherNonOperatingIncome": "None", "depreciation": "None", "depreciationAndAmortization": "149000000", "incomeBeforeTax": "353000000", "incomeTaxExpense": "59000000", "interestAndDebtExpense": "None", "netIncomeFromContinuingOperations": "294000000", "comprehensiveIncomeNetOfTax": "None", "ebit": "403000000", "ebitda": "552000000", "netIncome": "294000000"}, {"fiscalDateEnding": "2024-09-30", "reportedCurrency": "USD", "grossProfit": "599000000", "totalRevenue": "1889000000", "costOfRevenue": "1290000000", "costofGoodsAndServicesSold": "1290000000", "operatingIncome": "489000000", "sellingGeneralAndAdministrative": "105000000", "researchAndDevelopment": "None", "operatingExpenses": "105000000", "investmentIncomeNet": "None", "netInterestIncome": "-38000000", "interestIncome": "None", "interestExpense": "38000000", "nonInterestIncome": "None", "otherNonOperatingIncome": "None", "depreciation": "None", "depreciationAndAmortization": "152000000", "incomeBeforeTax": "458000000", "incomeTaxExpense": "95000000", "interestAndDebtExpense": "None", "netIncomeFromContinuingOperations": "363000000", "comprehensiveIncomeNetOfTax": "None", "ebit": "496000000", "ebitda": "648000000", "netIncome": "363000000"}, {"fiscalDateEnding": "2024-06-30", "reportedCurrency": "USD", "grossProfit": "517000000", "totalRevenue": "1764000000", "costOfRevenue": "1247000000", "costofGoodsAndServicesSold": "1247000000", "operatingIncome": "400000000", "sellingGeneralAndAdministrative": "117000000", "researchAndDevelopment": "None", "operatingExpenses": "117000000", "investmentIncomeNet": "None", "netInterestIncome": "-40000000", "interestIncome": "None", "interestExpense": "40000000", "nonInterestIncome": "None", "otherNonOperatingIncome": "None", "depreciation": "None", "depreciationAndAmortization": "142000000", "incomeBeforeTax": "372000000", "incomeTaxExpense": "78000000", "interestAndDebtExpense": "None", "netIncomeFromContinuingOperations": "294000000", "comprehensiveIncomeNetOfTax": "None", "ebit": "404000000", "ebitda": "546000000", "netIncome": "294000000"}, {"fiscalDateEnding": "2024-03-31", "reportedCurrency": "USD", "grossProfit": "272000000", "totalRevenue": "1251000000", "costOfRevenue": "979000000", "costofGoodsAndServicesSold": "979000000", "operatingIncome": "154000000", "sellingGeneralAndAdministrative": "118000000", "researchAndDevelopment": "None", "operatingExpenses": "118000000", "investmentIncomeNet": "None", "netInterestIncome": "-40000000", "interestIncome": "None", "interestExpense": "40000000", "nonInterestIncome": "None", "otherNonOperatingIncome": "None", "depreciation": "None", "depreciationAndAmortization": "130000000", "incomeBeforeTax": "1414000000", "incomeTaxExpense": "368000000", "interestAndDebtExpense": "None", "netIncomeFromContinuingOperations": "1046000000", "comprehensiveIncomeNetOfTax": "None", "ebit": "112000000", "ebitda": "242000000", "netIncome": "1045000000"}, {"fiscalDateEnding": "2023-12-31", "reportedCurrency": "USD", "grossProfit": "483500000", "totalRevenue": "1608200000", "costOfRevenue": "1124700000", "costofGoodsAndServicesSold": "1124700000", "operatingIncome": "364800000", "sellingGeneralAndAdministrative": "118700000", "researchAndDevelopment": "None", "operatingExpenses": "118700000", "investmentIncomeNet": "None", "netInterestIncome": "-40200000", "interestIncome": "None", "interestExpense": "40200000", "nonInterestIncome": "None", "otherNonOperatingIncome": "None", "depreciation": "None", "depreciationAndAmortization": "128600000", "incomeBeforeTax": "342900000", "incomeTaxExpense": "55100000", "interestAndDebtExpense": "None", "netIncomeFromContinuingOperations": "287700000", "comprehensiveIncomeNetOfTax": "None", "ebit": "361400000", "ebitda": "490000000", "netIncome": "282500000"}, {"fiscalDateEnding": "2023-09-30", "reportedCurrency": "USD", "grossProfit": "676000000", "totalRevenue": "1994100000", "costOfRevenue": "1318100000", "costofGoodsAndServicesSold": "1318100000", "operatingIncome": "566600000", "sellingGeneralAndAdministrative": "108100000", "researchAndDevelopment": "None", "operatingExpenses": "106100000", "investmentIncomeNet": "None", "netInterestIncome": "-40800000", "interestIncome": "40800000", "interestExpense": "40800000", "nonInterestIncome": "None", "otherNonOperatingIncome": "None", "depreciation": "None", "depreciationAndAmortization": "131500000", "incomeBeforeTax": "540100000", "incomeTaxExpense": "109900000", "interestAndDebtExpense": "None", "netIncomeFromContinuingOperations": "430200000", "comprehensiveIncomeNetOfTax": "None", "ebit": "580900000", "ebitda": "712400000", "netIncome": "416700000"}, {"fiscalDateEnding": "2023-06-30", "reportedCurrency": "USD", "grossProfit": "560400000", "totalRevenue": "1820800000", "costOfRevenue": "1260400000", "costofGoodsAndServicesSold": "1260400000", "operatingIncome": "463300000", "sellingGeneralAndAdministrative": "111600000", "researchAndDevelopment": "None", "operatingExpenses": "96700000", "investmentIncomeNet": "None", "netInterestIncome": "-42200000", "interestIncome": "42200000", "interestExpense": "42200000", "nonInterestIncome": "None", "otherNonOperatingIncome": "None", "depreciation": "None", "depreciationAndAmortization": "129500000", "incomeBeforeTax": "439800000", "incomeTaxExpense": "91900000", "interestAndDebtExpense": "None", "netIncomeFromContinuingOperations": "347900000", "comprehensiveIncomeNetOfTax": "None", "ebit": "482000000", "ebitda": "611500000", "netIncome": "348000000"}, {"fiscalDateEnding": "2023-03-31", "reportedCurrency": "USD", "grossProfit": "302800000", "totalRevenue": "1354100000", "costOfRevenue": "1051300000", "costofGoodsAndServicesSold": "1051300000", "operatingIncome": "196100000", "sellingGeneralAndAdministrative": "104300000", "researchAndDevelopment": "None", "operatingExpenses": "105900000", "investmentIncomeNet": "None", "netInterestIncome": "-42200000", "interestIncome": "42200000", "interestExpense": "42200000", "nonInterestIncome": "None", "otherNonOperatingIncome": "16100000", "depreciation": "None", "depreciationAndAmortization": "123600000", "incomeBeforeTax": "170000000", "incomeTaxExpense": "35500000", "interestAndDebtExpense": "None", "netIncomeFromContinuingOperations": "134500000", "comprehensiveIncomeNetOfTax": "None", "ebit": "212200000", "ebitda": "335800000", "netIncome": "121000000"}, {"fiscalDateEnding": "2022-12-31", "reportedCurrency": "USD", "grossProfit": "354200000", "totalRevenue": "1476500000", "costOfRevenue": "1122300000", "costofGoodsAndServicesSold": "1122300000", "operatingIncome": "152900000", "sellingGeneralAndAdministrative": "100700000", "researchAndDevelopment": "None", "operatingExpenses": "88900000", "investmentIncomeNet": "None", "netInterestIncome": "-42600000", "interestIncome": "42600000", "interestExpense": "42600000", "nonInterestIncome": "None", "otherNonOperatingIncome": "13300000", "depreciation": "None", "depreciationAndAmortization": "125700000", "incomeBeforeTax": "233000000", "incomeTaxExpense": "45400000", "interestAndDebtExpense": "None", "netIncomeFromContinuingOperations": "187600000", "comprehensiveIncomeNetOfTax": "None", "ebit": "271600000", "ebitda": "397300000", "netIncome": "183600000"}, {"fiscalDateEnding": "2022-09-30", "reportedCurrency": "USD", "grossProfit": "487800000", "totalRevenue": "1811700000", "costOfRevenue": "1323900000", "costofGoodsAndServicesSold": "1323900000", "operatingIncome": "405900000", "sellingGeneralAndAdministrative": "94900000", "researchAndDevelopment": "None", "operatingExpenses": "80100000", "investmentIncomeNet": "None", "netInterestIncome": "-42800000", "interestIncome": "42800000", "interestExpense": "42800000", "nonInterestIncome": "None", "otherNonOperatingIncome": "7300000", "depreciation": "None", "depreciationAndAmortization": "123700000", "incomeBeforeTax": "370400000", "incomeTaxExpense": "79200000", "interestAndDebtExpense": "None", "netIncomeFromContinuingOperations": "291200000", "comprehensiveIncomeNetOfTax": "None", "ebit": "409900000", "ebitda": "533600000", "netIncome": "295300000"}, {"fiscalDateEnding": "2022-06-30", "reportedCurrency": "USD", "grossProfit": "425200000", "totalRevenue": "1641700000", "costOfRevenue": "1216500000", "costofGoodsAndServicesSold": "1216500000", "operatingIncome": "478600000", "sellingGeneralAndAdministrative": "104100000", "researchAndDevelopment": "None", "operatingExpenses": "-56300000", "investmentIncomeNet": "None", "netInterestIncome": "-43100000", "interestIncome": "43100000", "interestExpense": "43100000", "nonInterestIncome": "None", "otherNonOperatingIncome": "22000000", "depreciation": "None", "depreciationAndAmortization": "128400000", "incomeBeforeTax": "457500000", "incomeTaxExpense": "104400000", "interestAndDebtExpense": "None", "netIncomeFromContinuingOperations": "353100000", "comprehensiveIncomeNetOfTax": "None", "ebit": "338000000", "ebitda": "466400000", "netIncome": "366500000"}, {"fiscalDateEnding": "2022-03-31", "reportedCurrency": "USD", "grossProfit": "156100000", "totalRevenue": "1230800000", "costOfRevenue": "1074700000", "costofGoodsAndServicesSold": "1074700000", "operatingIncome": "59900000", "sellingGeneralAndAdministrative": "97100000", "researchAndDevelopment": "None", "operatingExpenses": "94800000", "investmentIncomeNet": "None", "netInterestIncome": "-40500000", "interestIncome": "40500000", "interestExpense": "40500000", "nonInterestIncome": "None", "otherNonOperatingIncome": "10800000", "depreciation": "None", "depreciationAndAmortization": "128199999", "incomeBeforeTax": "30200000", "incomeTaxExpense": "5800000", "interestAndDebtExpense": "None", "netIncomeFromContinuingOperations": "24400000", "comprehensiveIncomeNetOfTax": "None", "ebit": "66300001", "ebitda": "194500000", "netIncome": "21400000"}, {"fiscalDateEnding": "2021-12-31", "reportedCurrency": "USD", "grossProfit": "346700000", "totalRevenue": "1496400000", "costOfRevenue": "1149700000", "costofGoodsAndServicesSold": "1149700000", "operatingIncome": "210000000", "sellingGeneralAndAdministrative": "102900000", "researchAndDevelopment": "None", "operatingExpenses": "96900000", "investmentIncomeNet": "None", "netInterestIncome": "-42800000", "interestIncome": "42800000", "interestExpense": "42800000", "nonInterestIncome": "None", "otherNonOperatingIncome": "600000", "depreciation": "None", "depreciationAndAmortization": "131699999", "incomeBeforeTax": "167900000", "incomeTaxExpense": "11600000", "interestAndDebtExpense": "None", "netIncomeFromContinuingOperations": "156300000", "comprehensiveIncomeNetOfTax": "None", "ebit": "245700001", "ebitda": "377400000", "netIncome": "156800000"}, {"fiscalDateEnding": "2021-09-30", "reportedCurrency": "USD", "grossProfit": "441900000", "totalRevenue": "1557300000", "costOfRevenue": "1115400000", "costofGoodsAndServicesSold": "1115400000", "operatingIncome": "356900000", "sellingGeneralAndAdministrative": "86000000", "researchAndDevelopment": "None", "operatingExpenses": "77600000", "investmentIncomeNet": "None", "netInterestIncome": "-44300000", "interestIncome": "44300000", "interestExpense": "44300000", "nonInterestIncome": "None", "otherNonOperatingIncome": "5600000", "depreciation": "None", "depreciationAndAmortization": "113500000", "incomeBeforeTax": "318200000", "incomeTaxExpense": "63600000", "interestAndDebtExpense": "None", "netIncomeFromContinuingOperations": "254600000", "comprehensiveIncomeNetOfTax": "None", "ebit": "370000000", "ebitda": "483500000", "netIncome": "254600000"}, {"fiscalDateEnding": "2021-06-30", "reportedCurrency": "USD", "grossProfit": "385100000", "totalRevenue": "1377900000", "costOfRevenue": "992800000", "costofGoodsAndServicesSold": "992800000", "operatingIncome": "307500000", "sellingGeneralAndAdministrative": "82400000", "researchAndDevelopment": "None", "operatingExpenses": "68300000", "investmentIncomeNet": "None", "netInterestIncome": "-28100000", "interestIncome": "28100000", "interestExpense": "28100000", "nonInterestIncome": "None", "otherNonOperatingIncome": "8700000", "depreciation": "None", "depreciationAndAmortization": "107900000", "incomeBeforeTax": "288100000", "incomeTaxExpense": "62300000", "interestAndDebtExpense": "None", "netIncomeFromContinuingOperations": "225800000", "comprehensiveIncomeNetOfTax": "None", "ebit": "309500000", "ebitda": "417400000", "netIncome": "225600000"}, {"fiscalDateEnding": "2021-03-31", "reportedCurrency": "USD", "grossProfit": "174700000", "totalRevenue": "982400000", "costOfRevenue": "807700000", "costofGoodsAndServicesSold": "807700000", "operatingIncome": "99300000", "sellingGeneralAndAdministrative": "79800000", "researchAndDevelopment": "None", "operatingExpenses": "74200000", "investmentIncomeNet": "None", "netInterestIncome": "-27400000", "interestIncome": "27400000", "interestExpense": "27400000", "nonInterestIncome": "None", "otherNonOperatingIncome": "9500000", "depreciation": "None", "depreciationAndAmortization": "98600000", "incomeBeforeTax": "81400000", "incomeTaxExpense": "15900000", "interestAndDebtExpense": "None", "netIncomeFromContinuingOperations": "65300000", "comprehensiveIncomeNetOfTax": "None", "ebit": "105800000", "ebitda": "204400000", "netIncome": "65200000"}, {"fiscalDateEnding": "2020-12-31", "reportedCurrency": "USD", "grossProfit": "325400000", "totalRevenue": "1179600000", "costOfRevenue": "854200000", "costofGoodsAndServicesSold": "854200000", "operatingIncome": "240600000", "sellingGeneralAndAdministrative": "84900000", "researchAndDevelopment": "None", "operatingExpenses": "84600000", "investmentIncomeNet": "None", "netInterestIncome": "-28400000", "interestIncome": "28400000", "interestExpense": "28400000", "nonInterestIncome": "None", "otherNonOperatingIncome": "-3800000", "depreciation": "None", "depreciationAndAmortization": "101300000", "incomeBeforeTax": "208300000", "incomeTaxExpense": "25300000", "interestAndDebtExpense": "None", "netIncomeFromContinuingOperations": "183200000", "comprehensiveIncomeNetOfTax": "None", "ebit": "233300000", "ebitda": "334600000", "netIncome": "182900000"}, {"fiscalDateEnding": "2020-09-30", "reportedCurrency": "USD", "grossProfit": "404500000", "totalRevenue": "1321400000", "costOfRevenue": "916900000", "costofGoodsAndServicesSold": "916900000", "operatingIncome": "400600000", "sellingGeneralAndAdministrative": "71100000", "researchAndDevelopment": "None", "operatingExpenses": "3500000", "investmentIncomeNet": "None", "netInterestIncome": "-28700000", "interestIncome": "28700000", "interestExpense": "28700000", "nonInterestIncome": "None", "otherNonOperatingIncome": "4000000", "depreciation": "None", "depreciationAndAmortization": "98800000", "incomeBeforeTax": "375900000", "incomeTaxExpense": "81500000", "interestAndDebtExpense": "None", "netIncomeFromContinuingOperations": "294400000", "comprehensiveIncomeNetOfTax": "None", "ebit": "334000000", "ebitda": "432800000", "netIncome": "294100000"}, {"fiscalDateEnding": "2020-06-30", "reportedCurrency": "USD", "grossProfit": "380500000", "totalRevenue": "1270600000", "costOfRevenue": "890100000", "costofGoodsAndServicesSold": "890100000", "operatingIncome": "306400000", "sellingGeneralAndAdministrative": "71200000", "researchAndDevelopment": "None", "operatingExpenses": "73600000", "investmentIncomeNet": "None", "netInterestIncome": "-31200000", "interestIncome": "31200000", "interestExpense": "31200000", "nonInterestIncome": "None", "otherNonOperatingIncome": "3800000", "depreciation": "None", "depreciationAndAmortization": "98400000", "incomeBeforeTax": "279000000", "incomeTaxExpense": "61400000", "interestAndDebtExpense": "None", "netIncomeFromContinuingOperations": "217600000", "comprehensiveIncomeNetOfTax": "None", "ebit": "312000000", "ebitda": "410400000", "netIncome": "217400000"}, {"fiscalDateEnding": "2020-03-31", "reportedCurrency": "USD", "grossProfit": "142400000", "totalRevenue": "958200000", "costOfRevenue": "815800000", "costofGoodsAndServicesSold": "815800000", "operatingIncome": "57800000", "sellingGeneralAndAdministrative": "78700000", "researchAndDevelopment": "None", "operatingExpenses": "84300000", "investmentIncomeNet": "None", "netInterestIncome": "-29800000", "interestIncome": "29800000", "interestExpense": "29800000", "nonInterestIncome": "None", "otherNonOperatingIncome": "-2000000", "depreciation": "None", "depreciationAndAmortization": "95000000", "incomeBeforeTax": "26000000", "incomeTaxExpense": "100000", "interestAndDebtExpense": "None", "netIncomeFromContinuingOperations": "25900000", "comprehensiveIncomeNetOfTax": "None", "ebit": "60100000", "ebitda": "155100000", "netIncome": "25900000"}, {"fiscalDateEnding": "2019-12-31", "reportedCurrency": "USD", "grossProfit": "258589000", "totalRevenue": "1100430000", "costOfRevenue": "841841000", "costofGoodsAndServicesSold": "841841000", "operatingIncome": "184569000", "sellingGeneralAndAdministrative": "73745000", "researchAndDevelopment": "None", "operatingExpenses": "73743000", "investmentIncomeNet": "None", "netInterestIncome": "-30620000", "interestIncome": "30620000", "interestExpense": "30665000", "nonInterestIncome": "None", "otherNonOperatingIncome": "2391000", "depreciation": "None", "depreciationAndAmortization": "94526000", "incomeBeforeTax": "156341000", "incomeTaxExpense": "25272000", "interestAndDebtExpense": "None", "netIncomeFromContinuingOperations": "131100000", "comprehensiveIncomeNetOfTax": "None", "ebit": "187006000", "ebitda": "281532000", "netIncome": "130985000"}, {"fiscalDateEnding": "2019-09-30", "reportedCurrency": "USD", "grossProfit": "420645000", "totalRevenue": "1420246000", "costOfRevenue": "999601000", "costofGoodsAndServicesSold": "999601000", "operatingIncome": "345263000", "sellingGeneralAndAdministrative": "78281000", "researchAndDevelopment": "None", "operatingExpenses": "75382000", "investmentIncomeNet": "None", "netInterestIncome": "-32436000", "interestIncome": "32436000", "interestExpense": "32436000", "nonInterestIncome": "None", "otherNonOperatingIncome": "1973000", "depreciation": "None", "depreciationAndAmortization": "95000000", "incomeBeforeTax": "314800000", "incomeTaxExpense": "66178000", "interestAndDebtExpense": "None", "netIncomeFromContinuingOperations": "248573000", "comprehensiveIncomeNetOfTax": "None", "ebit": "347224000", "ebitda": "442224000", "netIncome": "248300000"}, {"fiscalDateEnding": "2019-06-30", "reportedCurrency": "USD", "grossProfit": "356867000", "totalRevenue": "1279468000", "costOfRevenue": "922601000", "costofGoodsAndServicesSold": "922601000", "operatingIncome": "285882000", "sellingGeneralAndAdministrative": "72382000", "researchAndDevelopment": "None", "operatingExpenses": "70938000", "investmentIncomeNet": "None", "netInterestIncome": "-33297000", "interestIncome": "66244000", "interestExpense": "33297000", "nonInterestIncome": "None", "otherNonOperatingIncome": "-13226000", "depreciation": "None", "depreciationAndAmortization": "92800000", "incomeBeforeTax": "239359000", "incomeTaxExpense": "49890000", "interestAndDebtExpense": "None", "netIncomeFromContinuingOperations": "189474000", "comprehensiveIncomeNetOfTax": "None", "ebit": "284700000", "ebitda": "377500000", "netIncome": "189100000"}, {"fiscalDateEnding": "2019-03-31", "reportedCurrency": "USD", "grossProfit": "142907000", "totalRevenue": "938955000", "costOfRevenue": "796048000", "costofGoodsAndServicesSold": "796048000", "operatingIncome": "69221000", "sellingGeneralAndAdministrative": "78292000", "researchAndDevelopment": "None", "operatingExpenses": "73542000", "investmentIncomeNet": "None", "netInterestIncome": "-32948000", "interestIncome": "None", "interestExpense": "32948000", "nonInterestIncome": "None", "otherNonOperatingIncome": "1562000", "depreciation": "None", "depreciationAndAmortization": "89200000", "incomeBeforeTax": "37835000", "incomeTaxExpense": "-4991000", "interestAndDebtExpense": "None", "netIncomeFromContinuingOperations": "42853000", "comprehensiveIncomeNetOfTax": "None", "ebit": "64200000", "ebitda": "153400000", "netIncome": "42800000"}, {"fiscalDateEnding": "2018-12-31", "reportedCurrency": "USD", "grossProfit": "227284000", "totalRevenue": "1020218000", "costOfRevenue": "792934000", "costofGoodsAndServicesSold": "792934000", "operatingIncome": "147041000", "sellingGeneralAndAdministrative": "70922000", "researchAndDevelopment": "0", "operatingExpenses": "79689000", "investmentIncomeNet": "None", "netInterestIncome": "None", "interestIncome": "None", "interestExpense": "33542000", "nonInterestIncome": "None", "otherNonOperatingIncome": "2540000", "depreciation": "None", "depreciationAndAmortization": "90833000", "incomeBeforeTax": "116038000", "incomeTaxExpense": "21557000", "interestAndDebtExpense": "None", "netIncomeFromContinuingOperations": "94755000", "comprehensiveIncomeNetOfTax": "None", "ebit": "149581000", "ebitda": "240414000", "netIncome": "94243000"}, {"fiscalDateEnding": "2018-09-30", "reportedCurrency": "USD", "grossProfit": "312984000", "totalRevenue": "1219640000", "costOfRevenue": "906656000", "costofGoodsAndServicesSold": "906656000", "operatingIncome": "240662000", "sellingGeneralAndAdministrative": "68441000", "researchAndDevelopment": "0", "operatingExpenses": "72233000", "investmentIncomeNet": "None", "netInterestIncome": "None", "interestIncome": "None", "interestExpense": "35468000", "nonInterestIncome": "None", "otherNonOperatingIncome": "4248000", "depreciation": "None", "depreciationAndAmortization": "89655000", "incomeBeforeTax": "209442000", "incomeTaxExpense": "29089000", "interestAndDebtExpense": "None", "netIncomeFromContinuingOperations": "180221000", "comprehensiveIncomeNetOfTax": "None", "ebit": "253939000", "ebitda": "343594000", "netIncome": "179950000"}, {"fiscalDateEnding": "2018-06-30", "reportedCurrency": "USD", "grossProfit": "315917000", "totalRevenue": "1202403000", "costOfRevenue": "886486000", "costofGoodsAndServicesSold": "886486000", "operatingIncome": "263953000", "sellingGeneralAndAdministrative": "71070000", "researchAndDevelopment": "0", "operatingExpenses": "39838000", "investmentIncomeNet": "None", "netInterestIncome": "None", "interestIncome": "None", "interestExpense": "32971000", "nonInterestIncome": "None", "otherNonOperatingIncome": "7122000", "depreciation": "None", "depreciationAndAmortization": "86724000", "incomeBeforeTax": "238104000", "incomeTaxExpense": "52601000", "interestAndDebtExpense": "None", "netIncomeFromContinuingOperations": "185377000", "comprehensiveIncomeNetOfTax": "None", "ebit": "262994000", "ebitda": "349718000", "netIncome": "185060000"}, {"fiscalDateEnding": "2018-03-31", "reportedCurrency": "USD", "grossProfit": "110392000", "totalRevenue": "802004000", "costOfRevenue": "691612000", "costofGoodsAndServicesSold": "691612000", "operatingIncome": "39081000", "sellingGeneralAndAdministrative": "70121000", "researchAndDevelopment": "0", "operatingExpenses": "70600000", "investmentIncomeNet": "None", "netInterestIncome": "None", "interestIncome": "None", "interestExpense": "35087000", "nonInterestIncome": "None", "otherNonOperatingIncome": "8503000", "depreciation": "None", "depreciationAndAmortization": "76821000", "incomeBeforeTax": "12497000", "incomeTaxExpense": "2457000", "interestAndDebtExpense": "None", "netIncomeFromContinuingOperations": "10023000", "comprehensiveIncomeNetOfTax": "None", "ebit": "39281000", "ebitda": "116102000", "netIncome": "9960000"}, {"fiscalDateEnding": "2017-12-31", "reportedCurrency": "USD", "grossProfit": "259100000", "totalRevenue": "970500000", "costOfRevenue": "711400000", "costofGoodsAndServicesSold": "711400000", "operatingIncome": "183400000", "sellingGeneralAndAdministrative": "67001000", "researchAndDevelopment": "0", "operatingExpenses": "70400000", "investmentIncomeNet": "None", "netInterestIncome": "None", "interestIncome": "None", "interestExpense": "23400000", "nonInterestIncome": "None", "otherNonOperatingIncome": "3599000", "depreciation": "None", "depreciationAndAmortization": "75744000", "incomeBeforeTax": "163600000", "incomeTaxExpense": "-213700000", "interestAndDebtExpense": "None", "netIncomeFromContinuingOperations": "377298000", "comprehensiveIncomeNetOfTax": "None", "ebit": "185727000", "ebitda": "261471000", "netIncome": "376154000"}, {"fiscalDateEnding": "2017-09-30", "reportedCurrency": "USD", "grossProfit": "291678000", "totalRevenue": "1087732000", "costOfRevenue": "796054000", "costofGoodsAndServicesSold": "796054000", "operatingIncome": "226964000", "sellingGeneralAndAdministrative": "57219000", "researchAndDevelopment": "0", "operatingExpenses": "63400000", "investmentIncomeNet": "None", "netInterestIncome": "None", "interestIncome": "None", "interestExpense": "23141000", "nonInterestIncome": "None", "otherNonOperatingIncome": "479000", "depreciation": "None", "depreciationAndAmortization": "75316000", "incomeBeforeTax": "204302000", "incomeTaxExpense": "52763000", "interestAndDebtExpense": "None", "netIncomeFromContinuingOperations": "151539000", "comprehensiveIncomeNetOfTax": "None", "ebit": "225947000", "ebitda": "301263000", "netIncome": "151147000"}, {"fiscalDateEnding": "2017-06-30", "reportedCurrency": "USD", "grossProfit": "274094000", "totalRevenue": "1063524000", "costOfRevenue": "789430000", "costofGoodsAndServicesSold": "789430000", "operatingIncome": "212852000", "sellingGeneralAndAdministrative": "68373000", "researchAndDevelopment": "0", "operatingExpenses": "59260000", "investmentIncomeNet": "None", "netInterestIncome": "None", "interestIncome": "None", "interestExpense": "24045000", "nonInterestIncome": "None", "otherNonOperatingIncome": "5420000", "depreciation": "None", "depreciationAndAmortization": "75726000", "incomeBeforeTax": "194227000", "incomeTaxExpense": "51986000", "interestAndDebtExpense": "None", "netIncomeFromContinuingOperations": "142241000", "comprehensiveIncomeNetOfTax": "None", "ebit": "203540000", "ebitda": "279266000", "netIncome": "141866000"}, {"fiscalDateEnding": "2017-03-31", "reportedCurrency": "USD", "grossProfit": "147100000", "totalRevenue": "843900000", "costOfRevenue": "696800000", "costofGoodsAndServicesSold": "696800000", "operatingIncome": "77200000", "sellingGeneralAndAdministrative": "69535000", "researchAndDevelopment": "0", "operatingExpenses": "69900000", "investmentIncomeNet": "None", "netInterestIncome": "None", "interestIncome": "None", "interestExpense": "20900000", "nonInterestIncome": "None", "otherNonOperatingIncome": "536000", "depreciation": "None", "depreciationAndAmortization": "70400000", "incomeBeforeTax": "56800000", "incomeTaxExpense": "14500000", "interestAndDebtExpense": "None", "netIncomeFromContinuingOperations": "42307000", "comprehensiveIncomeNetOfTax": "None", "ebit": "77148000", "ebitda": "147548000", "netIncome": "42181000"}, {"fiscalDateEnding": "2016-12-31", "reportedCurrency": "USD", "grossProfit": "225100000", "totalRevenue": "948800000", "costOfRevenue": "723700000", "costofGoodsAndServicesSold": "723700000", "operatingIncome": "155500000", "sellingGeneralAndAdministrative": "70287000", "researchAndDevelopment": "0", "operatingExpenses": "69600000", "investmentIncomeNet": "None", "netInterestIncome": "None", "interestIncome": "None", "interestExpense": "20800000", "nonInterestIncome": "None", "otherNonOperatingIncome": "1694000", "depreciation": "None", "depreciationAndAmortization": "73253000", "incomeBeforeTax": "136400000", "incomeTaxExpense": "37600000", "interestAndDebtExpense": "None", "netIncomeFromContinuingOperations": "98798000", "comprehensiveIncomeNetOfTax": "None", "ebit": "158194000", "ebitda": "231447000", "netIncome": "98473000"}, {"fiscalDateEnding": "2016-09-30", "reportedCurrency": "USD", "grossProfit": "292600000", "totalRevenue": "1103900000", "costOfRevenue": "811300000", "costofGoodsAndServicesSold": "811300000", "operatingIncome": "240400000", "sellingGeneralAndAdministrative": "56348000", "researchAndDevelopment": "0", "operatingExpenses": "51900000", "investmentIncomeNet": "None", "netInterestIncome": "None", "interestIncome": "None", "interestExpense": "20600000", "nonInterestIncome": "None", "otherNonOperatingIncome": "10560000", "depreciation": "None", "depreciationAndAmortization": "72400000", "incomeBeforeTax": "230400000", "incomeTaxExpense": "70900000", "interestAndDebtExpense": "None", "netIncomeFromContinuingOperations": "159478000", "comprehensiveIncomeNetOfTax": "None", "ebit": "242955000", "ebitda": "315355000", "netIncome": "158842000"}, {"fiscalDateEnding": "2016-06-30", "reportedCurrency": "USD", "grossProfit": "246700000", "totalRevenue": "977300000", "costOfRevenue": "730600000", "costofGoodsAndServicesSold": "730600000", "operatingIncome": "187700000", "sellingGeneralAndAdministrative": "61509000", "researchAndDevelopment": "0", "operatingExpenses": "58100000", "investmentIncomeNet": "None", "netInterestIncome": "None", "interestIncome": "None", "interestExpense": "20300000", "nonInterestIncome": "None", "otherNonOperatingIncome": "8100000", "depreciation": "None", "depreciationAndAmortization": "71207000", "incomeBeforeTax": "175500000", "incomeTaxExpense": "53400000", "interestAndDebtExpense": "None", "netIncomeFromContinuingOperations": "122113000", "comprehensiveIncomeNetOfTax": "None", "ebit": "191096000", "ebitda": "262303000", "netIncome": "121533000"}, {"fiscalDateEnding": "2016-03-31", "reportedCurrency": "USD", "grossProfit": "144634000", "totalRevenue": "788734000", "costOfRevenue": "644100000", "costofGoodsAndServicesSold": "644100000", "operatingIncome": "83769000", "sellingGeneralAndAdministrative": "59861000", "researchAndDevelopment": "0", "operatingExpenses": "60440000", "investmentIncomeNet": "None", "netInterestIncome": "None", "interestIncome": "None", "interestExpense": "20034000", "nonInterestIncome": "None", "otherNonOperatingIncome": "1030000", "depreciation": "None", "depreciationAndAmortization": "68410000", "incomeBeforeTax": "64765000", "incomeTaxExpense": "19710000", "interestAndDebtExpense": "None", "netIncomeFromContinuingOperations": "45055000", "comprehensiveIncomeNetOfTax": "None", "ebit": "86322000", "ebitda": "154732000", "netIncome": "44696000"}, {"fiscalDateEnding": "2015-12-31", "reportedCurrency": "USD", "grossProfit": "184800000", "totalRevenue": "844600000", "costOfRevenue": "659800000", "costofGoodsAndServicesSold": "659800000", "operatingIncome": "137400000", "sellingGeneralAndAdministrative": "57114000", "researchAndDevelopment": "0", "operatingExpenses": "44700000", "investmentIncomeNet": "None", "netInterestIncome": "None", "interestIncome": "None", "interestExpense": "18900000", "nonInterestIncome": "None", "otherNonOperatingIncome": "4065000", "depreciation": "None", "depreciationAndAmortization": "63700000", "incomeBeforeTax": "122500000", "incomeTaxExpense": "39300000", "interestAndDebtExpense": "None", "netIncomeFromContinuingOperations": "83222000", "comprehensiveIncomeNetOfTax": "None", "ebit": "126522000", "ebitda": "190222000", "netIncome": "82830000"}, {"fiscalDateEnding": "2015-09-30", "reportedCurrency": "USD", "grossProfit": "262500000", "totalRevenue": "1082200000", "costOfRevenue": "819700000", "costofGoodsAndServicesSold": "819700000", "operatingIncome": "179500000", "sellingGeneralAndAdministrative": "54887000", "researchAndDevelopment": "0", "operatingExpenses": "80900000", "investmentIncomeNet": "None", "netInterestIncome": "None", "interestIncome": "None", "interestExpense": "18900000", "nonInterestIncome": "None", "otherNonOperatingIncome": "4489000", "depreciation": "None", "depreciationAndAmortization": "64900000", "incomeBeforeTax": "165100000", "incomeTaxExpense": "47500000", "interestAndDebtExpense": "None", "netIncomeFromContinuingOperations": "117578000", "comprehensiveIncomeNetOfTax": "None", "ebit": "210371000", "ebitda": "275271000", "netIncome": "117065000"}, {"fiscalDateEnding": "2015-06-30", "reportedCurrency": "USD", "grossProfit": "200200000", "totalRevenue": "921400000", "costOfRevenue": "721200000", "costofGoodsAndServicesSold": "721200000", "operatingIncome": "137000000", "sellingGeneralAndAdministrative": "56783000", "researchAndDevelopment": "0", "operatingExpenses": "61100000", "investmentIncomeNet": "None", "netInterestIncome": "None", "interestIncome": "None", "interestExpense": "19100000", "nonInterestIncome": "None", "otherNonOperatingIncome": "3011000", "depreciation": "None", "depreciationAndAmortization": "67700000", "incomeBeforeTax": "120900000", "incomeTaxExpense": "38900000", "interestAndDebtExpense": "None", "netIncomeFromContinuingOperations": "81979000", "comprehensiveIncomeNetOfTax": "None", "ebit": "139066000", "ebitda": "206766000", "netIncome": "82814000"}, {"fiscalDateEnding": "2015-03-31", "reportedCurrency": "USD", "grossProfit": "74300000", "totalRevenue": "691400000", "costOfRevenue": "617100000", "costofGoodsAndServicesSold": "617100000", "operatingIncome": "25600000", "sellingGeneralAndAdministrative": "49450000", "researchAndDevelopment": "0", "operatingExpenses": "47100000", "investmentIncomeNet": "None", "netInterestIncome": "None", "interestIncome": "None", "interestExpense": "19300000", "nonInterestIncome": "None", "otherNonOperatingIncome": "-893000", "depreciation": "None", "depreciationAndAmortization": "67300000", "incomeBeforeTax": "5400000", "incomeTaxExpense": "-800000", "interestAndDebtExpense": "None", "netIncomeFromContinuingOperations": "6159000", "comprehensiveIncomeNetOfTax": "None", "ebit": "27143000", "ebitda": "94443000", "netIncome": "4757000"}, {"fiscalDateEnding": "2014-12-31", "reportedCurrency": "USD", "grossProfit": "165300000", "totalRevenue": "856300000", "costOfRevenue": "691000000", "costofGoodsAndServicesSold": "691000000", "operatingIncome": "118600000", "sellingGeneralAndAdministrative": "50006000", "researchAndDevelopment": "12850000", "operatingExpenses": "45000000", "investmentIncomeNet": "None", "netInterestIncome": "None", "interestIncome": "None", "interestExpense": "21100000", "nonInterestIncome": "None", "otherNonOperatingIncome": "1692000", "depreciation": "None", "depreciationAndAmortization": "68600000", "incomeBeforeTax": "99200000", "incomeTaxExpense": "35300000", "interestAndDebtExpense": "None", "netIncomeFromContinuingOperations": "63886000", "comprehensiveIncomeNetOfTax": "None", "ebit": "121280000", "ebitda": "189880000", "netIncome": "63680000"}, {"fiscalDateEnding": "2014-09-30", "reportedCurrency": "USD", "grossProfit": "195600000", "totalRevenue": "1003700000", "costOfRevenue": "808100000", "costofGoodsAndServicesSold": "808100000", "operatingIncome": "116000000", "sellingGeneralAndAdministrative": "48427000", "researchAndDevelopment": "0", "operatingExpenses": "53500000", "investmentIncomeNet": "None", "netInterestIncome": "None", "interestIncome": "None", "interestExpense": "19800000", "nonInterestIncome": "None", "otherNonOperatingIncome": "1841000", "depreciation": "None", "depreciationAndAmortization": "68000000", "incomeBeforeTax": "98000000", "incomeTaxExpense": "44100000", "interestAndDebtExpense": "None", "netIncomeFromContinuingOperations": "53903000", "comprehensiveIncomeNetOfTax": "None", "ebit": "152879000", "ebitda": "220879000", "netIncome": "53530000"}, {"fiscalDateEnding": "2014-06-30", "reportedCurrency": "USD", "grossProfit": "135600000", "totalRevenue": "669200000", "costOfRevenue": "533600000", "costofGoodsAndServicesSold": "533600000", "operatingIncome": "96200000", "sellingGeneralAndAdministrative": "36566000", "researchAndDevelopment": "3300000", "operatingExpenses": "37400000", "investmentIncomeNet": "None", "netInterestIncome": "None", "interestIncome": "None", "interestExpense": "12900000", "nonInterestIncome": "None", "otherNonOperatingIncome": "292000", "depreciation": "None", "depreciationAndAmortization": "43600000", "incomeBeforeTax": "83600000", "incomeTaxExpense": "23900000", "interestAndDebtExpense": "None", "netIncomeFromContinuingOperations": "59680000", "comprehensiveIncomeNetOfTax": "None", "ebit": "101602000", "ebitda": "145202000", "netIncome": "59275000"}, {"fiscalDateEnding": "2014-03-31", "reportedCurrency": "USD", "grossProfit": "25800000", "totalRevenue": "428700000", "costOfRevenue": "402900000", "costofGoodsAndServicesSold": "402900000", "operatingIncome": "-15900000", "sellingGeneralAndAdministrative": "34247000", "researchAndDevelopment": "9500000", "operatingExpenses": "41700000", "investmentIncomeNet": "None", "netInterestIncome": "None", "interestIncome": "None", "interestExpense": "12200000", "nonInterestIncome": "None", "otherNonOperatingIncome": "-3463000", "depreciation": "None", "depreciationAndAmortization": "42500000", "incomeBeforeTax": "-31600000", "incomeTaxExpense": "-8500000", "interestAndDebtExpense": "None", "netIncomeFromContinuingOperations": "-23138000", "comprehensiveIncomeNetOfTax": "None", "ebit": "-44526000", "ebitda": "-2026000", "netIncome": "-21600000"}, {"fiscalDateEnding": "2013-12-31", "reportedCurrency": "USD", "grossProfit": "101000000", "totalRevenue": "545000000", "costOfRevenue": "444000000", "costofGoodsAndServicesSold": "444000000", "operatingIncome": "62800000", "sellingGeneralAndAdministrative": "37459000", "researchAndDevelopment": "671000", "operatingExpenses": "38200000", "investmentIncomeNet": "None", "netInterestIncome": "None", "interestIncome": "None", "interestExpense": "12800000", "nonInterestIncome": "None", "otherNonOperatingIncome": "-115000", "depreciation": "None", "depreciationAndAmortization": "43664000", "incomeBeforeTax": "49900000", "incomeTaxExpense": "14400000", "interestAndDebtExpense": "None", "netIncomeFromContinuingOperations": "35788000", "comprehensiveIncomeNetOfTax": "None", "ebit": "63834000", "ebitda": "107498000", "netIncome": "35894000"}, {"fiscalDateEnding": "2013-09-30", "reportedCurrency": "USD", "grossProfit": "143108000", "totalRevenue": "665320000", "costOfRevenue": "522212000", "costofGoodsAndServicesSold": "522212000", "operatingIncome": "108843000", "sellingGeneralAndAdministrative": "37140000", "researchAndDevelopment": "89000", "operatingExpenses": "34265000", "investmentIncomeNet": "None", "netInterestIncome": "None", "interestIncome": "None", "interestExpense": "13518000", "nonInterestIncome": "None", "otherNonOperatingIncome": "-101000", "depreciation": "None", "depreciationAndAmortization": "44105000", "incomeBeforeTax": "95224000", "incomeTaxExpense": "22915000", "interestAndDebtExpense": "None", "netIncomeFromContinuingOperations": "72309000", "comprehensiveIncomeNetOfTax": "None", "ebit": "108932000", "ebitda": "153037000", "netIncome": "71571000"}, {"fiscalDateEnding": "2013-06-30", "reportedCurrency": "USD", "grossProfit": "106800000", "totalRevenue": "562700000", "costOfRevenue": "455900000", "costofGoodsAndServicesSold": "455900000", "operatingIncome": "69400000", "sellingGeneralAndAdministrative": "37843000", "researchAndDevelopment": "300000", "operatingExpenses": "37400000", "investmentIncomeNet": "None", "netInterestIncome": "None", "interestIncome": "None", "interestExpense": "13600000", "nonInterestIncome": "None", "otherNonOperatingIncome": "544000", "depreciation": "None", "depreciationAndAmortization": "43000000", "incomeBeforeTax": "56300000", "incomeTaxExpense": "15000000", "interestAndDebtExpense": "None", "netIncomeFromContinuingOperations": "41313000", "comprehensiveIncomeNetOfTax": "None", "ebit": "70128000", "ebitda": "113128000", "netIncome": "41111000"}, {"fiscalDateEnding": "2013-03-31", "reportedCurrency": "USD", "grossProfit": "12600000", "totalRevenue": "385000000", "costOfRevenue": "372400000", "costofGoodsAndServicesSold": "372400000", "operatingIncome": "-23600000", "sellingGeneralAndAdministrative": "37649000", "researchAndDevelopment": "300000", "operatingExpenses": "36200000", "investmentIncomeNet": "None", "netInterestIncome": "None", "interestIncome": "None", "interestExpense": "13500000", "nonInterestIncome": "None", "otherNonOperatingIncome": "-623000", "depreciation": "None", "depreciationAndAmortization": "43000000", "incomeBeforeTax": "-37700000", "incomeTaxExpense": "-8500000", "interestAndDebtExpense": "None", "netIncomeFromContinuingOperations": "-29229000", "comprehensiveIncomeNetOfTax": "None", "ebit": "-23900000", "ebitda": "19100000", "netIncome": "-27800000"}, {"fiscalDateEnding": "2012-12-31", "reportedCurrency": "USD", "grossProfit": "76400000", "totalRevenue": "504100000", "costOfRevenue": "427700000", "costofGoodsAndServicesSold": "427700000", "operatingIncome": "40000000", "sellingGeneralAndAdministrative": "38000000", "researchAndDevelopment": "35141000", "operatingExpenses": "36400000", "investmentIncomeNet": "None", "netInterestIncome": "None", "interestIncome": "None", "interestExpense": "13400000", "nonInterestIncome": "None", "otherNonOperatingIncome": "22000", "depreciation": "None", "depreciationAndAmortization": "44226000", "incomeBeforeTax": "26600000", "incomeTaxExpense": "4800000", "interestAndDebtExpense": "None", "netIncomeFromContinuingOperations": "21765000", "comprehensiveIncomeNetOfTax": "None", "ebit": "39941000", "ebitda": "84167000", "netIncome": "21534000"}, {"fiscalDateEnding": "2012-09-30", "reportedCurrency": "USD", "grossProfit": "123584000", "totalRevenue": "593901000", "costOfRevenue": "470317000", "costofGoodsAndServicesSold": "470317000", "operatingIncome": "91095000", "sellingGeneralAndAdministrative": "32095000", "researchAndDevelopment": "0", "operatingExpenses": "32489000", "investmentIncomeNet": "None", "netInterestIncome": "None", "interestIncome": "None", "interestExpense": "13224000", "nonInterestIncome": "None", "otherNonOperatingIncome": "-620000", "depreciation": "None", "depreciationAndAmortization": "44250000", "incomeBeforeTax": "77251000", "incomeTaxExpense": "13464000", "interestAndDebtExpense": "None", "netIncomeFromContinuingOperations": "63787000", "comprehensiveIncomeNetOfTax": "None", "ebit": "90913000", "ebitda": "135163000", "netIncome": "62586000"}, {"fiscalDateEnding": "2012-06-30", "reportedCurrency": "USD", "grossProfit": "102100000", "totalRevenue": "545700000", "costOfRevenue": "443600000", "costofGoodsAndServicesSold": "443600000", "operatingIncome": "59300000", "sellingGeneralAndAdministrative": "35275000", "researchAndDevelopment": "9200000", "operatingExpenses": "42800000", "investmentIncomeNet": "None", "netInterestIncome": "None", "interestIncome": "None", "interestExpense": "13300000", "nonInterestIncome": "None", "otherNonOperatingIncome": "42000", "depreciation": "None", "depreciationAndAmortization": "44300000", "incomeBeforeTax": "46100000", "incomeTaxExpense": "8600000", "interestAndDebtExpense": "None", "netIncomeFromContinuingOperations": "37492000", "comprehensiveIncomeNetOfTax": "None", "ebit": "59320000", "ebitda": "103620000", "netIncome": "36519000"}, {"fiscalDateEnding": "2012-03-31", "reportedCurrency": "USD", "grossProfit": "23800000", "totalRevenue": "394000000", "costOfRevenue": "370200000", "costofGoodsAndServicesSold": "370200000", "operatingIncome": "-35300000", "sellingGeneralAndAdministrative": "33029000", "researchAndDevelopment": "25900000", "operatingExpenses": "59100000", "investmentIncomeNet": "None", "netInterestIncome": "None", "interestIncome": "None", "interestExpense": "13500000", "nonInterestIncome": "None", "otherNonOperatingIncome": "1855000", "depreciation": "None", "depreciationAndAmortization": "44400000", "incomeBeforeTax": "-47000000", "incomeTaxExpense": "-9900000", "interestAndDebtExpense": "None", "netIncomeFromContinuingOperations": "-37081000", "comprehensiveIncomeNetOfTax": "None", "ebit": "-33474000", "ebitda": "10926000", "netIncome": "-36700000"}, {"fiscalDateEnding": "2011-12-31", "reportedCurrency": "USD", "grossProfit": "72957000", "totalRevenue": "329608000", "costOfRevenue": "256651000", "costofGoodsAndServicesSold": "256651000", "operatingIncome": "25139000", "sellingGeneralAndAdministrative": "29752000", "researchAndDevelopment": "18573000", "operatingExpenses": "47818000", "investmentIncomeNet": "None", "netInterestIncome": "None", "interestIncome": "None", "interestExpense": "13302000", "nonInterestIncome": "None", "otherNonOperatingIncome": "387000", "depreciation": "None", "depreciationAndAmortization": "43734000", "incomeBeforeTax": "12223000", "incomeTaxExpense": "906000", "interestAndDebtExpense": "None", "netIncomeFromContinuingOperations": "11344000", "comprehensiveIncomeNetOfTax": "None", "ebit": "25525000", "ebitda": "69259000", "netIncome": "14838000"}, {"fiscalDateEnding": "2011-09-30", "reportedCurrency": "USD", "grossProfit": "111500000", "totalRevenue": "534800000", "costOfRevenue": "423300000", "costofGoodsAndServicesSold": "423300000", "operatingIncome": "79000000", "sellingGeneralAndAdministrative": "33487000", "researchAndDevelopment": "733000", "operatingExpenses": "32500000", "investmentIncomeNet": "None", "netInterestIncome": "None", "interestIncome": "None", "interestExpense": "13400000", "nonInterestIncome": "None", "otherNonOperatingIncome": "-2146000", "depreciation": "None", "depreciationAndAmortization": "43200000", "incomeBeforeTax": "63500000", "incomeTaxExpense": "13400000", "interestAndDebtExpense": "None", "netIncomeFromContinuingOperations": "50085000", "comprehensiveIncomeNetOfTax": "None", "ebit": "77884000", "ebitda": "121084000", "netIncome": "49156000"}, {"fiscalDateEnding": "2011-06-30", "reportedCurrency": "USD", "grossProfit": "96500000", "totalRevenue": "493000000", "costOfRevenue": "396500000", "costofGoodsAndServicesSold": "396500000", "operatingIncome": "63000000", "sellingGeneralAndAdministrative": "31664000", "researchAndDevelopment": "1735000", "operatingExpenses": "31700000", "investmentIncomeNet": "None", "netInterestIncome": "None", "interestIncome": "None", "interestExpense": "13700000", "nonInterestIncome": "None", "otherNonOperatingIncome": "-336000", "depreciation": "None", "depreciationAndAmortization": "43159000", "incomeBeforeTax": "49000000", "incomeTaxExpense": "13100000", "interestAndDebtExpense": "None", "netIncomeFromContinuingOperations": "35850000", "comprehensiveIncomeNetOfTax": "None", "ebit": "64365000", "ebitda": "107524000", "netIncome": "35799000"}, {"fiscalDateEnding": "2011-03-31", "reportedCurrency": "USD", "grossProfit": "21109000", "totalRevenue": "356512000", "costOfRevenue": "335403000", "costofGoodsAndServicesSold": "335403000", "operatingIncome": "-6143000", "sellingGeneralAndAdministrative": "29235000", "researchAndDevelopment": "2000", "operatingExpenses": "27252000", "investmentIncomeNet": "None", "netInterestIncome": "None", "interestIncome": "None", "interestExpense": "18165000", "nonInterestIncome": "None", "otherNonOperatingIncome": "261000", "depreciation": "None", "depreciationAndAmortization": "43294000", "incomeBeforeTax": "-24047000", "incomeTaxExpense": "-6384000", "interestAndDebtExpense": "None", "netIncomeFromContinuingOperations": "-17663000", "comprehensiveIncomeNetOfTax": "None", "ebit": "-4187000", "ebitda": "39107000", "netIncome": "-17414000"}, {"fiscalDateEnding": "2010-12-31", "reportedCurrency": "USD", "grossProfit": "70845000", "totalRevenue": "427981000", "costOfRevenue": "357136000", "costofGoodsAndServicesSold": "357136000", "operatingIncome": "34732000", "sellingGeneralAndAdministrative": "34865000", "researchAndDevelopment": "3000", "operatingExpenses": "36113000", "investmentIncomeNet": "None", "netInterestIncome": "None", "interestIncome": "None", "interestExpense": "16916000", "nonInterestIncome": "None", "otherNonOperatingIncome": "None", "depreciation": "None", "depreciationAndAmortization": "45591000", "incomeBeforeTax": "17803000", "incomeTaxExpense": "2678000", "interestAndDebtExpense": "None", "netIncomeFromContinuingOperations": "0", "comprehensiveIncomeNetOfTax": "None", "ebit": "34719000", "ebitda": "80310000", "netIncome": "14803000"}, {"fiscalDateEnding": "2010-09-30", "reportedCurrency": "USD", "grossProfit": "113795000", "totalRevenue": "509303000", "costOfRevenue": "395508000", "costofGoodsAndServicesSold": "395508000", "operatingIncome": "83839000", "sellingGeneralAndAdministrative": "31235000", "researchAndDevelopment": "114000", "operatingExpenses": "29956000", "investmentIncomeNet": "None", "netInterestIncome": "None", "interestIncome": "None", "interestExpense": "17104000", "nonInterestIncome": "None", "otherNonOperatingIncome": "545000", "depreciation": "None", "depreciationAndAmortization": "45446000", "incomeBeforeTax": "67280000", "incomeTaxExpense": "13990000", "interestAndDebtExpense": "None", "netIncomeFromContinuingOperations": "53290000", "comprehensiveIncomeNetOfTax": "None", "ebit": "84399000", "ebitda": "129845000", "netIncome": "51990000"}, {"fiscalDateEnding": "2010-06-30", "reportedCurrency": "USD", "grossProfit": "117698000", "totalRevenue": "504630000", "costOfRevenue": "386932000", "costofGoodsAndServicesSold": "386932000", "operatingIncome": "90648000", "sellingGeneralAndAdministrative": "33559000", "researchAndDevelopment": "22000", "operatingExpenses": "27050000", "investmentIncomeNet": "None", "netInterestIncome": "None", "interestIncome": "None", "interestExpense": "16820000", "nonInterestIncome": "None", "otherNonOperatingIncome": "-1334000", "depreciation": "None", "depreciationAndAmortization": "45532000", "incomeBeforeTax": "72494000", "incomeTaxExpense": "17534000", "interestAndDebtExpense": "None", "netIncomeFromContinuingOperations": "54960000", "comprehensiveIncomeNetOfTax": "None", "ebit": "89316000", "ebitda": "134848000", "netIncome": "54399000"}, {"fiscalDateEnding": "2010-03-31", "reportedCurrency": "USD", "grossProfit": "19613000", "totalRevenue": "340944000", "costOfRevenue": "321331000", "costofGoodsAndServicesSold": "321331000", "operatingIncome": "-12864000", "sellingGeneralAndAdministrative": "33571000", "researchAndDevelopment": "13000", "operatingExpenses": "32477000", "investmentIncomeNet": "None", "netInterestIncome": "None", "interestIncome": "None", "interestExpense": "17616000", "nonInterestIncome": "None", "otherNonOperatingIncome": "None", "depreciation": "None", "depreciationAndAmortization": "44968000", "incomeBeforeTax": "-29880000", "incomeTaxExpense": "-4984000", "interestAndDebtExpense": "None", "netIncomeFromContinuingOperations": "0", "comprehensiveIncomeNetOfTax": "None", "ebit": "-12264000", "ebitda": "32704000", "netIncome": "-24180000"}, {"fiscalDateEnding": "2009-12-31", "reportedCurrency": "USD", "grossProfit": "59797000", "totalRevenue": "373866000", "costOfRevenue": "314069000", "costofGoodsAndServicesSold": "314069000", "operatingIncome": "14535000", "sellingGeneralAndAdministrative": "32545000", "researchAndDevelopment": "23000", "operatingExpenses": "45262000", "investmentIncomeNet": "None", "netInterestIncome": "None", "interestIncome": "None", "interestExpense": "18102000", "nonInterestIncome": "None", "otherNonOperatingIncome": "None", "depreciation": "None", "depreciationAndAmortization": "46115000", "incomeBeforeTax": "-3936000", "incomeTaxExpense": "-1292000", "interestAndDebtExpense": "None", "netIncomeFromContinuingOperations": "0", "comprehensiveIncomeNetOfTax": "None", "ebit": "14166000", "ebitda": "60281000", "netIncome": "-3153000"}, {"fiscalDateEnding": "2009-09-30", "reportedCurrency": "USD", "grossProfit": "117750000", "totalRevenue": "488311000", "costOfRevenue": "370561000", "costofGoodsAndServicesSold": "370561000", "operatingIncome": "89215000", "sellingGeneralAndAdministrative": "32932000", "researchAndDevelopment": "51000", "operatingExpenses": "28535000", "investmentIncomeNet": "None", "netInterestIncome": "None", "interestIncome": "None", "interestExpense": "18181000", "nonInterestIncome": "None", "otherNonOperatingIncome": "None", "depreciation": "None", "depreciationAndAmortization": "45901000", "incomeBeforeTax": "72230000", "incomeTaxExpense": "15309000", "interestAndDebtExpense": "None", "netIncomeFromContinuingOperations": "0", "comprehensiveIncomeNetOfTax": "None", "ebit": "90409000", "ebitda": "136310000", "netIncome": "55514000"}, {"fiscalDateEnding": "2009-06-30", "reportedCurrency": "USD", "grossProfit": "111778000", "totalRevenue": "465989000", "costOfRevenue": "354211000", "costofGoodsAndServicesSold": "354211000", "operatingIncome": "73006000", "sellingGeneralAndAdministrative": "36766000", "researchAndDevelopment": "163000", "operatingExpenses": "38772000", "investmentIncomeNet": "None", "netInterestIncome": "None", "interestIncome": "None", "interestExpense": "18651000", "nonInterestIncome": "None", "otherNonOperatingIncome": "None", "depreciation": "None", "depreciationAndAmortization": "44756000", "incomeBeforeTax": "55695000", "incomeTaxExpense": "15554000", "interestAndDebtExpense": "None", "netIncomeFromContinuingOperations": "0", "comprehensiveIncomeNetOfTax": "None", "ebit": "74285000", "ebitda": "119041000", "netIncome": "38862000"}, {"fiscalDateEnding": "2009-03-31", "reportedCurrency": "USD", "grossProfit": "48477000", "totalRevenue": "375063000", "costOfRevenue": "326586000", "costofGoodsAndServicesSold": "326586000", "operatingIncome": "10891000", "sellingGeneralAndAdministrative": "37157000", "researchAndDevelopment": "136000", "operatingExpenses": "37586000", "investmentIncomeNet": "None", "netInterestIncome": "None", "interestIncome": "None", "interestExpense": "18525000", "nonInterestIncome": "None", "otherNonOperatingIncome": "None", "depreciation": "None", "depreciationAndAmortization": "42619000", "incomeBeforeTax": "-8656000", "incomeTaxExpense": "-2190000", "interestAndDebtExpense": "None", "netIncomeFromContinuingOperations": "0", "comprehensiveIncomeNetOfTax": "None", "ebit": "9926000", "ebitda": "52545000", "netIncome": "-5764000"}, {"fiscalDateEnding": "2008-12-31", "reportedCurrency": "USD", "grossProfit": "104144000", "totalRevenue": "471484000", "costOfRevenue": "367340000", "costofGoodsAndServicesSold": "367340000", "operatingIncome": "60603000", "sellingGeneralAndAdministrative": "33878000", "researchAndDevelopment": "139000", "operatingExpenses": "43541000", "investmentIncomeNet": "None", "netInterestIncome": "None", "interestIncome": "None", "interestExpense": "19663000", "nonInterestIncome": "None", "otherNonOperatingIncome": "None", "depreciation": "None", "depreciationAndAmortization": "45470000", "incomeBeforeTax": "38184000", "incomeTaxExpense": "12626000", "interestAndDebtExpense": "None", "netIncomeFromContinuingOperations": "0", "comprehensiveIncomeNetOfTax": "None", "ebit": "54911000", "ebitda": "100381000", "netIncome": "25261000"}, {"fiscalDateEnding": "2008-09-30", "reportedCurrency": "USD", "grossProfit": "151616000", "totalRevenue": "599210000", "costOfRevenue": "447594000", "costofGoodsAndServicesSold": "447594000", "operatingIncome": "114957000", "sellingGeneralAndAdministrative": "37734000", "researchAndDevelopment": "145000", "operatingExpenses": "36659000", "investmentIncomeNet": "None", "netInterestIncome": "None", "interestIncome": "None", "interestExpense": "19498000", "nonInterestIncome": "None", "otherNonOperatingIncome": "None", "depreciation": "None", "depreciationAndAmortization": "43962000", "incomeBeforeTax": "92625000", "incomeTaxExpense": "26113000", "interestAndDebtExpense": "None", "netIncomeFromContinuingOperations": "0", "comprehensiveIncomeNetOfTax": "None", "ebit": "114145000", "ebitda": "158107000", "netIncome": "66326000"}, {"fiscalDateEnding": "2008-06-30", "reportedCurrency": "USD", "grossProfit": "139438000", "totalRevenue": "598698000", "costOfRevenue": "459260000", "costofGoodsAndServicesSold": "459260000", "operatingIncome": "104898000", "sellingGeneralAndAdministrative": "42039000", "researchAndDevelopment": "134000", "operatingExpenses": "34540000", "investmentIncomeNet": "None", "netInterestIncome": "None", "interestIncome": "None", "interestExpense": "19301000", "nonInterestIncome": "None", "otherNonOperatingIncome": "None", "depreciation": "None", "depreciationAndAmortization": "42775000", "incomeBeforeTax": "84620000", "incomeTaxExpense": "26306000", "interestAndDebtExpense": "None", "netIncomeFromContinuingOperations": "0", "comprehensiveIncomeNetOfTax": "None", "ebit": "105237000", "ebitda": "148012000", "netIncome": "63804000"}, {"fiscalDateEnding": "2008-03-31", "reportedCurrency": "USD", "grossProfit": "75212000", "totalRevenue": "453934000", "costOfRevenue": "378722000", "costofGoodsAndServicesSold": "378722000", "operatingIncome": "42931000", "sellingGeneralAndAdministrative": "37696000", "researchAndDevelopment": "178000", "operatingExpenses": "32281000", "investmentIncomeNet": "None", "netInterestIncome": "None", "interestIncome": "None", "interestExpense": "15838000", "nonInterestIncome": "None", "otherNonOperatingIncome": "None", "depreciation": "None", "depreciationAndAmortization": "38922000", "incomeBeforeTax": "27969000", "incomeTaxExpense": "6813000", "interestAndDebtExpense": "None", "netIncomeFromContinuingOperations": "0", "comprehensiveIncomeNetOfTax": "None", "ebit": "42974000", "ebitda": "81896000", "netIncome": "20864000"}, {"fiscalDateEnding": "2007-12-31", "reportedCurrency": "USD", "grossProfit": "131406000", "totalRevenue": "530411000", "costOfRevenue": "399005000", "costofGoodsAndServicesSold": "399005000", "operatingIncome": "101533000", "sellingGeneralAndAdministrative": "36165000", "researchAndDevelopment": "310000", "operatingExpenses": "29873000", "investmentIncomeNet": "None", "netInterestIncome": "None", "interestIncome": "None", "interestExpense": "15751000", "nonInterestIncome": "None", "otherNonOperatingIncome": "None", "depreciation": "None", "depreciationAndAmortization": "39251000", "incomeBeforeTax": "87111000", "incomeTaxExpense": "29827000", "interestAndDebtExpense": "None", "netIncomeFromContinuingOperations": "0", "comprehensiveIncomeNetOfTax": "None", "ebit": "101533000", "ebitda": "140784000", "netIncome": "56541000"}, {"fiscalDateEnding": "2007-09-30", "reportedCurrency": "USD", "grossProfit": "167366000", "totalRevenue": "620217000", "costOfRevenue": "452851000", "costofGoodsAndServicesSold": "452851000", "operatingIncome": "136948000", "sellingGeneralAndAdministrative": "36439000", "researchAndDevelopment": "170000", "operatingExpenses": "30418000", "investmentIncomeNet": "None", "netInterestIncome": "None", "interestIncome": "None", "interestExpense": "17240000", "nonInterestIncome": "None", "otherNonOperatingIncome": "None", "depreciation": "None", "depreciationAndAmortization": "37680000", "incomeBeforeTax": "120981000", "incomeTaxExpense": "31110000", "interestAndDebtExpense": "None", "netIncomeFromContinuingOperations": "0", "comprehensiveIncomeNetOfTax": "None", "ebit": "136881000", "ebitda": "174561000", "netIncome": "90266000"}, {"fiscalDateEnding": "2007-06-30", "reportedCurrency": "USD", "grossProfit": "178022000", "totalRevenue": "595101000", "costOfRevenue": "417079000", "costofGoodsAndServicesSold": "417079000", "operatingIncome": "136595000", "sellingGeneralAndAdministrative": "44309000", "researchAndDevelopment": "186000", "operatingExpenses": "41427000", "investmentIncomeNet": "None", "netInterestIncome": "None", "interestIncome": "None", "interestExpense": "16702000", "nonInterestIncome": "None", "otherNonOperatingIncome": "None", "depreciation": "None", "depreciationAndAmortization": "37424000", "incomeBeforeTax": "121053000", "incomeTaxExpense": "38436000", "interestAndDebtExpense": "None", "netIncomeFromContinuingOperations": "0", "comprehensiveIncomeNetOfTax": "None", "ebit": "136555000", "ebitda": "173979000", "netIncome": "82952000"}, {"fiscalDateEnding": "2007-03-31", "reportedCurrency": "USD", "grossProfit": "93780000", "totalRevenue": "462186000", "costOfRevenue": "368406000", "costofGoodsAndServicesSold": "368406000", "operatingIncome": "57819000", "sellingGeneralAndAdministrative": "38273000", "researchAndDevelopment": "203000", "operatingExpenses": "35961000", "investmentIncomeNet": "None", "netInterestIncome": "None", "interestIncome": "None", "interestExpense": "11200000", "nonInterestIncome": "None", "otherNonOperatingIncome": "None", "depreciation": "None", "depreciationAndAmortization": "35983000", "incomeBeforeTax": "49300000", "incomeTaxExpense": "16654000", "interestAndDebtExpense": "None", "netIncomeFromContinuingOperations": "0", "comprehensiveIncomeNetOfTax": "None", "ebit": "58211000", "ebitda": "94194000", "netIncome": "32990000"}, {"fiscalDateEnding": "2006-12-31", "reportedCurrency": "USD", "grossProfit": "137207000", "totalRevenue": "529744000", "costOfRevenue": "392537000", "costofGoodsAndServicesSold": "392537000", "operatingIncome": "102350000", "sellingGeneralAndAdministrative": "38102000", "researchAndDevelopment": "257000", "operatingExpenses": "34857000", "investmentIncomeNet": "None", "netInterestIncome": "None", "interestIncome": "None", "interestExpense": "10605000", "nonInterestIncome": "None", "otherNonOperatingIncome": "None", "depreciation": "None", "depreciationAndAmortization": "38735000", "incomeBeforeTax": "92401000", "incomeTaxExpense": "29975000", "interestAndDebtExpense": "None", "netIncomeFromContinuingOperations": "0", "comprehensiveIncomeNetOfTax": "None", "ebit": "102350000", "ebitda": "141085000", "netIncome": "62466000"}, {"fiscalDateEnding": "2006-09-30", "reportedCurrency": "USD", "grossProfit": "148013000", "totalRevenue": "604107000", "costOfRevenue": "456094000", "costofGoodsAndServicesSold": "456094000", "operatingIncome": "114715000", "sellingGeneralAndAdministrative": "35254000", "researchAndDevelopment": "175000", "operatingExpenses": "33298000", "investmentIncomeNet": "None", "netInterestIncome": "None", "interestIncome": "None", "interestExpense": "10070000", "nonInterestIncome": "None", "otherNonOperatingIncome": "None", "depreciation": "None", "depreciationAndAmortization": "36072000", "incomeBeforeTax": "104406000", "incomeTaxExpense": "28699000", "interestAndDebtExpense": "None", "netIncomeFromContinuingOperations": "0", "comprehensiveIncomeNetOfTax": "None", "ebit": "116012000", "ebitda": "152084000", "netIncome": "76160000"}, {"fiscalDateEnding": "2006-06-30", "reportedCurrency": "USD", "grossProfit": "153265000", "totalRevenue": "588641000", "costOfRevenue": "435376000", "costofGoodsAndServicesSold": "435376000", "operatingIncome": "119620000", "sellingGeneralAndAdministrative": "33505000", "researchAndDevelopment": "140000", "operatingExpenses": "33645000", "investmentIncomeNet": "None", "netInterestIncome": "None", "interestIncome": "None", "interestExpense": "9708000", "nonInterestIncome": "None", "otherNonOperatingIncome": "None", "depreciation": "None", "depreciationAndAmortization": "33941000", "incomeBeforeTax": "110218000", "incomeTaxExpense": "34234000", "interestAndDebtExpense": "None", "netIncomeFromContinuingOperations": "0", "comprehensiveIncomeNetOfTax": "None", "ebit": "119444000", "ebitda": "153385000", "netIncome": "75789000"}, {"fiscalDateEnding": "2006-03-31", "reportedCurrency": "USD", "grossProfit": "83963000", "totalRevenue": "483964000", "costOfRevenue": "400001000", "costofGoodsAndServicesSold": "400001000", "operatingIncome": "51285000", "sellingGeneralAndAdministrative": "36161000", "researchAndDevelopment": "164000", "operatingExpenses": "32678000", "investmentIncomeNet": "None", "netInterestIncome": "None", "interestIncome": "None", "interestExpense": "9976000", "nonInterestIncome": "None", "otherNonOperatingIncome": "None", "depreciation": "None", "depreciationAndAmortization": "32681000", "incomeBeforeTax": "43403000", "incomeTaxExpense": "13741000", "interestAndDebtExpense": "None", "netIncomeFromContinuingOperations": "0", "comprehensiveIncomeNetOfTax": "None", "ebit": "51631000", "ebitda": "84312000", "netIncome": "31006000"}, {"fiscalDateEnding": "2005-12-31", "reportedCurrency": "USD", "grossProfit": "111995000", "totalRevenue": "499135000", "costOfRevenue": "387140000", "costofGoodsAndServicesSold": "387140000", "operatingIncome": "83780000", "sellingGeneralAndAdministrative": "33549000", "researchAndDevelopment": "132000", "operatingExpenses": "28215000", "investmentIncomeNet": "None", "netInterestIncome": "None", "interestIncome": "None", "interestExpense": "10373000", "nonInterestIncome": "None", "otherNonOperatingIncome": "None", "depreciation": "None", "depreciationAndAmortization": "34851000", "incomeBeforeTax": "74262000", "incomeTaxExpense": "24514000", "interestAndDebtExpense": "None", "netIncomeFromContinuingOperations": "0", "comprehensiveIncomeNetOfTax": "None", "ebit": "83780000", "ebitda": "118631000", "netIncome": "47757000"}, {"fiscalDateEnding": "2005-09-30", "reportedCurrency": "USD", "grossProfit": "134789000", "totalRevenue": "566734000", "costOfRevenue": "431945000", "costofGoodsAndServicesSold": "431945000", "operatingIncome": "107714000", "sellingGeneralAndAdministrative": "33526000", "researchAndDevelopment": "189000", "operatingExpenses": "27075000", "investmentIncomeNet": "None", "netInterestIncome": "None", "interestIncome": "None", "interestExpense": "10772000", "nonInterestIncome": "None", "otherNonOperatingIncome": "None", "depreciation": "None", "depreciationAndAmortization": "35670000", "incomeBeforeTax": "96753000", "incomeTaxExpense": "20997000", "interestAndDebtExpense": "None", "netIncomeFromContinuingOperations": "0", "comprehensiveIncomeNetOfTax": "None", "ebit": "107818000", "ebitda": "143488000", "netIncome": "76360000"}, {"fiscalDateEnding": "2005-06-30", "reportedCurrency": "USD", "grossProfit": "127898000", "totalRevenue": "546371000", "costOfRevenue": "418473000", "costofGoodsAndServicesSold": "418473000", "operatingIncome": "98205000", "sellingGeneralAndAdministrative": "31868000", "researchAndDevelopment": "193000", "operatingExpenses": "29693000", "investmentIncomeNet": "None", "netInterestIncome": "None", "interestIncome": "None", "interestExpense": "10662000", "nonInterestIncome": "None", "otherNonOperatingIncome": "None", "depreciation": "None", "depreciationAndAmortization": "34440000", "incomeBeforeTax": "86426000", "incomeTaxExpense": "24819000", "interestAndDebtExpense": "None", "netIncomeFromContinuingOperations": "0", "comprehensiveIncomeNetOfTax": "None", "ebit": "99856000", "ebitda": "134296000", "netIncome": "61472000"}, {"fiscalDateEnding": "2005-03-31", "reportedCurrency": "USD", "grossProfit": "49143000", "totalRevenue": "392003000", "costOfRevenue": "342860000", "costofGoodsAndServicesSold": "342860000", "operatingIncome": "18851000", "sellingGeneralAndAdministrative": "31918000", "researchAndDevelopment": "148000", "operatingExpenses": "30292000", "investmentIncomeNet": "None", "netInterestIncome": "None", "interestIncome": "None", "interestExpense": "10790000", "nonInterestIncome": "None", "otherNonOperatingIncome": "None", "depreciation": "None", "depreciationAndAmortization": "33290000", "incomeBeforeTax": "10449000", "incomeTaxExpense": "2149000", "interestAndDebtExpense": "None", "netIncomeFromContinuingOperations": "0", "comprehensiveIncomeNetOfTax": "None", "ebit": "19451000", "ebitda": "52741000", "netIncome": "7077000"}, {"fiscalDateEnding": "2004-12-31", "reportedCurrency": "USD", "grossProfit": "95358000", "totalRevenue": "435679000", "costOfRevenue": "340321000", "costofGoodsAndServicesSold": "340321000", "operatingIncome": "71343000", "sellingGeneralAndAdministrative": "32069000", "researchAndDevelopment": "355000", "operatingExpenses": "24015000", "investmentIncomeNet": "None", "netInterestIncome": "None", "interestIncome": "None", "interestExpense": "21703000", "nonInterestIncome": "None", "otherNonOperatingIncome": "None", "depreciation": "None", "depreciationAndAmortization": "32963000", "incomeBeforeTax": "60943000", "incomeTaxExpense": "23259000", "interestAndDebtExpense": "None", "netIncomeFromContinuingOperations": "0", "comprehensiveIncomeNetOfTax": "None", "ebit": "71343000", "ebitda": "104306000", "netIncome": "36990000"}]}