{"symbol": "CFG", "annualReports": [{"fiscalDateEnding": "2024-12-31", "reportedCurrency": "USD", "grossProfit": "7794000000", "totalRevenue": "7794000000", "costOfRevenue": "12304000000", "costofGoodsAndServicesSold": "12304000000", "operatingIncome": "1830000000", "sellingGeneralAndAdministrative": "2819000000", "researchAndDevelopment": "None", "operatingExpenses": "2989000000", "investmentIncomeNet": "None", "netInterestIncome": "5633000000", "interestIncome": "10186000000", "interestExpense": "4553000000", "nonInterestIncome": "None", "otherNonOperatingIncome": "None", "depreciation": "None", "depreciationAndAmortization": "None", "incomeBeforeTax": "1888000000", "incomeTaxExpense": "379000000", "interestAndDebtExpense": "None", "netIncomeFromContinuingOperations": "1509000000", "comprehensiveIncomeNetOfTax": "None", "ebit": "None", "ebitda": "1830000000", "netIncome": "1509000000"}, {"fiscalDateEnding": "2023-12-31", "reportedCurrency": "USD", "grossProfit": "8224000000", "totalRevenue": "8224000000", "costOfRevenue": "15920000", "costofGoodsAndServicesSold": "15920000", "operatingIncome": "2030000000", "sellingGeneralAndAdministrative": "2989000000", "researchAndDevelopment": "None", "operatingExpenses": "5507000000", "investmentIncomeNet": "None", "netInterestIncome": "6241000000", "interestIncome": "10204000000", "interestExpense": "3963000000", "nonInterestIncome": "None", "otherNonOperatingIncome": "None", "depreciation": "None", "depreciationAndAmortization": "478000000", "incomeBeforeTax": "2030000000", "incomeTaxExpense": "422000000", "interestAndDebtExpense": "None", "netIncomeFromContinuingOperations": "1608000000", "comprehensiveIncomeNetOfTax": "None", "ebit": "2030000000", "ebitda": "2508000000", "netIncome": "1608000000"}, {"fiscalDateEnding": "2022-12-31", "reportedCurrency": "USD", "grossProfit": "8052000000", "totalRevenue": "8052000000", "costOfRevenue": "5490000", "costofGoodsAndServicesSold": "5490000", "operatingIncome": "2655000000", "sellingGeneralAndAdministrative": "2645000000", "researchAndDevelopment": "None", "operatingExpenses": "4892000000", "investmentIncomeNet": "None", "netInterestIncome": "6012000000", "interestIncome": "7060000000", "interestExpense": "1048000000", "nonInterestIncome": "None", "otherNonOperatingIncome": "None", "depreciation": "None", "depreciationAndAmortization": "565000000", "incomeBeforeTax": "2655000000", "incomeTaxExpense": "582000000", "interestAndDebtExpense": "None", "netIncomeFromContinuingOperations": "2073000000", "comprehensiveIncomeNetOfTax": "None", "ebit": "2655000000", "ebitda": "3220000000", "netIncome": "2073000000"}, {"fiscalDateEnding": "2021-12-31", "reportedCurrency": "USD", "grossProfit": "6647000000", "totalRevenue": "6647000000", "costOfRevenue": "None", "costofGoodsAndServicesSold": "None", "operatingIncome": "2977000000", "sellingGeneralAndAdministrative": "2198000000", "researchAndDevelopment": "None", "operatingExpenses": "4081000000", "investmentIncomeNet": "None", "netInterestIncome": "4512000000", "interestIncome": "4851000000", "interestExpense": "339000000", "nonInterestIncome": "None", "otherNonOperatingIncome": "None", "depreciation": "None", "depreciationAndAmortization": "625000000", "incomeBeforeTax": "2977000000", "incomeTaxExpense": "658000000", "interestAndDebtExpense": "None", "netIncomeFromContinuingOperations": "2319000000", "comprehensiveIncomeNetOfTax": "None", "ebit": "2977000000", "ebitda": "3602000000", "netIncome": "2319000000"}, {"fiscalDateEnding": "2020-12-31", "reportedCurrency": "USD", "grossProfit": "6905000000", "totalRevenue": "6905000000", "costOfRevenue": "None", "costofGoodsAndServicesSold": "None", "operatingIncome": "1298000000", "sellingGeneralAndAdministrative": "2189000000", "researchAndDevelopment": "None", "operatingExpenses": "5607000000", "investmentIncomeNet": "None", "netInterestIncome": "4586000000", "interestIncome": "5357000000", "interestExpense": "771000000", "nonInterestIncome": "None", "otherNonOperatingIncome": "None", "depreciation": "None", "depreciationAndAmortization": "578000000", "incomeBeforeTax": "1298000000", "incomeTaxExpense": "241000000", "interestAndDebtExpense": "None", "netIncomeFromContinuingOperations": "1057000000", "comprehensiveIncomeNetOfTax": "None", "ebit": "1298000000", "ebitda": "1876000000", "netIncome": "1057000000"}, {"fiscalDateEnding": "2019-12-31", "reportedCurrency": "USD", "grossProfit": "6491000000", "totalRevenue": "6491000000", "costOfRevenue": "None", "costofGoodsAndServicesSold": "None", "operatingIncome": "2251000000", "sellingGeneralAndAdministrative": "2026000000", "researchAndDevelopment": "None", "operatingExpenses": "4240000000", "investmentIncomeNet": "None", "netInterestIncome": "4614000000", "interestIncome": "6189000000", "interestExpense": "1575000000", "nonInterestIncome": "None", "otherNonOperatingIncome": "None", "depreciation": "None", "depreciationAndAmortization": "633000000", "incomeBeforeTax": "2251000000", "incomeTaxExpense": "460000000", "interestAndDebtExpense": "None", "netIncomeFromContinuingOperations": "1791000000", "comprehensiveIncomeNetOfTax": "None", "ebit": "2251000000", "ebitda": "2884000000", "netIncome": "1791000000"}, {"fiscalDateEnding": "2018-12-31", "reportedCurrency": "USD", "grossProfit": "6128000000", "totalRevenue": "6128000000", "costOfRevenue": "1552000000", "costofGoodsAndServicesSold": "1552000000", "operatingIncome": "2183000000", "sellingGeneralAndAdministrative": "1984000000", "researchAndDevelopment": "0", "operatingExpenses": "3945000000", "investmentIncomeNet": "None", "netInterestIncome": "4532000000", "interestIncome": "5758000000", "interestExpense": "1226000000", "nonInterestIncome": "None", "otherNonOperatingIncome": "None", "depreciation": "None", "depreciationAndAmortization": "489000000", "incomeBeforeTax": "2183000000", "incomeTaxExpense": "462000000", "interestAndDebtExpense": "None", "netIncomeFromContinuingOperations": "1721000000", "comprehensiveIncomeNetOfTax": "None", "ebit": "2183000000", "ebitda": "2672000000", "netIncome": "1721000000"}, {"fiscalDateEnding": "2017-12-31", "reportedCurrency": "USD", "grossProfit": "5707000000", "totalRevenue": "5707000000", "costOfRevenue": "1068000000", "costofGoodsAndServicesSold": "1068000000", "operatingIncome": "1912000000", "sellingGeneralAndAdministrative": "1903000000", "researchAndDevelopment": "0", "operatingExpenses": "3795000000", "investmentIncomeNet": "None", "netInterestIncome": "4173000000", "interestIncome": "4920000000", "interestExpense": "747000000", "nonInterestIncome": "None", "otherNonOperatingIncome": "None", "depreciation": "None", "depreciationAndAmortization": "487000000", "incomeBeforeTax": "1912000000", "incomeTaxExpense": "260000000", "interestAndDebtExpense": "None", "netIncomeFromContinuingOperations": "1652000000", "comprehensiveIncomeNetOfTax": "None", "ebit": "1912000000", "ebitda": "2399000000", "netIncome": "1652000000"}, {"fiscalDateEnding": "2016-12-31", "reportedCurrency": "USD", "grossProfit": "5255000000", "totalRevenue": "5255000000", "costOfRevenue": "877000000", "costofGoodsAndServicesSold": "877000000", "operatingIncome": "1534000000", "sellingGeneralAndAdministrative": "1834000000", "researchAndDevelopment": "0", "operatingExpenses": "3721000000", "investmentIncomeNet": "None", "netInterestIncome": "3758000000", "interestIncome": "4266000000", "interestExpense": "508000000", "nonInterestIncome": "None", "otherNonOperatingIncome": "None", "depreciation": "None", "depreciationAndAmortization": "515000000", "incomeBeforeTax": "1534000000", "incomeTaxExpense": "489000000", "interestAndDebtExpense": "None", "netIncomeFromContinuingOperations": "1045000000", "comprehensiveIncomeNetOfTax": "None", "ebit": "1534000000", "ebitda": "2049000000", "netIncome": "1045000000"}, {"fiscalDateEnding": "2015-12-31", "reportedCurrency": "USD", "grossProfit": "4824000000", "totalRevenue": "4824000000", "costOfRevenue": "754000000", "costofGoodsAndServicesSold": "754000000", "operatingIncome": "1263000000", "sellingGeneralAndAdministrative": "1751000000", "researchAndDevelopment": "0", "operatingExpenses": "3561000000", "investmentIncomeNet": "None", "netInterestIncome": "3402000000", "interestIncome": "3854000000", "interestExpense": "452000000", "nonInterestIncome": "None", "otherNonOperatingIncome": "None", "depreciation": "None", "depreciationAndAmortization": "471000000", "incomeBeforeTax": "1263000000", "incomeTaxExpense": "423000000", "interestAndDebtExpense": "None", "netIncomeFromContinuingOperations": "840000000", "comprehensiveIncomeNetOfTax": "None", "ebit": "1263000000", "ebitda": "1734000000", "netIncome": "840000000"}, {"fiscalDateEnding": "2014-12-31", "reportedCurrency": "USD", "grossProfit": "4691000000", "totalRevenue": "4691000000", "costOfRevenue": "682000000", "costofGoodsAndServicesSold": "682000000", "operatingIncome": "1268000000", "sellingGeneralAndAdministrative": "1773000000", "researchAndDevelopment": "0", "operatingExpenses": "3423000000", "investmentIncomeNet": "None", "netInterestIncome": "None", "interestIncome": "None", "interestExpense": "363000000", "nonInterestIncome": "None", "otherNonOperatingIncome": "None", "depreciation": "None", "depreciationAndAmortization": "386000000", "incomeBeforeTax": "1268000000", "incomeTaxExpense": "403000000", "interestAndDebtExpense": "None", "netIncomeFromContinuingOperations": "865000000", "comprehensiveIncomeNetOfTax": "None", "ebit": "1268000000", "ebitda": "1654000000", "netIncome": "865000000"}, {"fiscalDateEnding": "2013-12-31", "reportedCurrency": "USD", "grossProfit": "4690000000", "totalRevenue": "4690000000", "costOfRevenue": "922000000", "costofGoodsAndServicesSold": "922000000", "operatingIncome": "-3468000000", "sellingGeneralAndAdministrative": "1737000000", "researchAndDevelopment": "None", "operatingExpenses": "8158000000", "investmentIncomeNet": "None", "netInterestIncome": "None", "interestIncome": "None", "interestExpense": "443000000", "nonInterestIncome": "None", "otherNonOperatingIncome": "None", "depreciation": "None", "depreciationAndAmortization": "404000000", "incomeBeforeTax": "-3468000000", "incomeTaxExpense": "-42000000", "interestAndDebtExpense": "None", "netIncomeFromContinuingOperations": "None", "comprehensiveIncomeNetOfTax": "None", "ebit": "-3468000000", "ebitda": "-3064000000", "netIncome": "-3426000000"}, {"fiscalDateEnding": "2012-12-31", "reportedCurrency": "USD", "grossProfit": "4894000000", "totalRevenue": "4894000000", "costOfRevenue": "1032000000", "costofGoodsAndServicesSold": "1032000000", "operatingIncome": "1024000000", "sellingGeneralAndAdministrative": "1841000000", "researchAndDevelopment": "None", "operatingExpenses": "3870000000", "investmentIncomeNet": "None", "netInterestIncome": "None", "interestIncome": "None", "interestExpense": "619000000", "nonInterestIncome": "None", "otherNonOperatingIncome": "None", "depreciation": "None", "depreciationAndAmortization": "467000000", "incomeBeforeTax": "1024000000", "incomeTaxExpense": "381000000", "interestAndDebtExpense": "None", "netIncomeFromContinuingOperations": "None", "comprehensiveIncomeNetOfTax": "None", "ebit": "1024000000", "ebitda": "1491000000", "netIncome": "643000000"}, {"fiscalDateEnding": "2011-12-31", "reportedCurrency": "USD", "grossProfit": "5031000000", "totalRevenue": "5031000000", "costOfRevenue": "None", "costofGoodsAndServicesSold": "None", "operatingIncome": "778000000", "sellingGeneralAndAdministrative": "1740000000", "researchAndDevelopment": "None", "operatingExpenses": "4253000000", "investmentIncomeNet": "None", "netInterestIncome": "None", "interestIncome": "None", "interestExpense": "884000000", "nonInterestIncome": "None", "otherNonOperatingIncome": "None", "depreciation": "None", "depreciationAndAmortization": "434000000", "incomeBeforeTax": "778000000", "incomeTaxExpense": "272000000", "interestAndDebtExpense": "None", "netIncomeFromContinuingOperations": "None", "comprehensiveIncomeNetOfTax": "None", "ebit": "778000000", "ebitda": "1212000000", "netIncome": "506000000"}], "quarterlyReports": [{"fiscalDateEnding": "2024-12-31", "reportedCurrency": "USD", "grossProfit": "3022000000", "totalRevenue": "1976000000", "costOfRevenue": "-1046000000", "costofGoodsAndServicesSold": "-1046000000", "operatingIncome": "494000000", "sellingGeneralAndAdministrative": "674000000", "researchAndDevelopment": "None", "operatingExpenses": "1976000000", "investmentIncomeNet": "None", "netInterestIncome": "1412000000", "interestIncome": "2462000000", "interestExpense": "1050000000", "nonInterestIncome": "None", "otherNonOperatingIncome": "None", "depreciation": "None", "depreciationAndAmortization": "None", "incomeBeforeTax": "508000000", "incomeTaxExpense": "107000000", "interestAndDebtExpense": "None", "netIncomeFromContinuingOperations": "401000000", "comprehensiveIncomeNetOfTax": "None", "ebit": "None", "ebitda": "494000000", "netIncome": "401000000"}, {"fiscalDateEnding": "2024-09-30", "reportedCurrency": "USD", "grossProfit": "1896230000", "totalRevenue": "1903000000", "costOfRevenue": "6770000", "costofGoodsAndServicesSold": "6770000", "operatingIncome": "470000000", "sellingGeneralAndAdministrative": "687000000", "researchAndDevelopment": "None", "operatingExpenses": "1433000000", "investmentIncomeNet": "None", "netInterestIncome": "1369000000", "interestIncome": "2539000000", "interestExpense": "1170000000", "nonInterestIncome": "None", "otherNonOperatingIncome": "None", "depreciation": "None", "depreciationAndAmortization": "129000000", "incomeBeforeTax": "470000000", "incomeTaxExpense": "88000000", "interestAndDebtExpense": "None", "netIncomeFromContinuingOperations": "382000000", "comprehensiveIncomeNetOfTax": "None", "ebit": "470000000", "ebitda": "599000000", "netIncome": "382000000"}, {"fiscalDateEnding": "2024-06-30", "reportedCurrency": "USD", "grossProfit": "1959000000", "totalRevenue": "1959000000", "costOfRevenue": "15010000", "costofGoodsAndServicesSold": "15010000", "operatingIncome": "480000000", "sellingGeneralAndAdministrative": "691000000", "researchAndDevelopment": "None", "operatingExpenses": "1301000000", "investmentIncomeNet": "None", "netInterestIncome": "1410000000", "interestIncome": "2575000000", "interestExpense": "1165000000", "nonInterestIncome": "None", "otherNonOperatingIncome": "None", "depreciation": "None", "depreciationAndAmortization": "143000000", "incomeBeforeTax": "480000000", "incomeTaxExpense": "88000000", "interestAndDebtExpense": "None", "netIncomeFromContinuingOperations": "392000000", "comprehensiveIncomeNetOfTax": "None", "ebit": "480000000", "ebitda": "623000000", "netIncome": "392000000"}, {"fiscalDateEnding": "2024-03-31", "reportedCurrency": "USD", "grossProfit": "1956000000", "totalRevenue": "1956000000", "costOfRevenue": "24200000", "costofGoodsAndServicesSold": "24200000", "operatingIncome": "430000000", "sellingGeneralAndAdministrative": "767000000", "researchAndDevelopment": "None", "operatingExpenses": "1358000000", "investmentIncomeNet": "None", "netInterestIncome": "1442000000", "interestIncome": "2610000000", "interestExpense": "1168000000", "nonInterestIncome": "None", "otherNonOperatingIncome": "None", "depreciation": "None", "depreciationAndAmortization": "102000000", "incomeBeforeTax": "430000000", "incomeTaxExpense": "96000000", "interestAndDebtExpense": "None", "netIncomeFromContinuingOperations": "334000000", "comprehensiveIncomeNetOfTax": "None", "ebit": "430000000", "ebitda": "532000000", "netIncome": "334000000"}, {"fiscalDateEnding": "2023-12-31", "reportedCurrency": "USD", "grossProfit": "1988000000", "totalRevenue": "1988000000", "costOfRevenue": "11160000", "costofGoodsAndServicesSold": "11160000", "operatingIncome": "205000000", "sellingGeneralAndAdministrative": "936000000", "researchAndDevelopment": "None", "operatingExpenses": "1783000000", "investmentIncomeNet": "None", "netInterestIncome": "1488000000", "interestIncome": "2676000000", "interestExpense": "1188000000", "nonInterestIncome": "None", "otherNonOperatingIncome": "None", "depreciation": "None", "depreciationAndAmortization": "126000000", "incomeBeforeTax": "205000000", "incomeTaxExpense": "16000000", "interestAndDebtExpense": "None", "netIncomeFromContinuingOperations": "189000000", "comprehensiveIncomeNetOfTax": "None", "ebit": "205000000", "ebitda": "331000000", "netIncome": "189000000"}, {"fiscalDateEnding": "2023-09-30", "reportedCurrency": "USD", "grossProfit": "2014000000", "totalRevenue": "2014000000", "costOfRevenue": "25450000", "costofGoodsAndServicesSold": "25450000", "operatingIncome": "549000000", "sellingGeneralAndAdministrative": "701000000", "researchAndDevelopment": "None", "operatingExpenses": "1465000000", "investmentIncomeNet": "None", "netInterestIncome": "1522000000", "interestIncome": "2595000000", "interestExpense": "1073000000", "nonInterestIncome": "None", "otherNonOperatingIncome": "None", "depreciation": "None", "depreciationAndAmortization": "122000000", "incomeBeforeTax": "549000000", "incomeTaxExpense": "119000000", "interestAndDebtExpense": "None", "netIncomeFromContinuingOperations": "430000000", "comprehensiveIncomeNetOfTax": "None", "ebit": "549000000", "ebitda": "671000000", "netIncome": "430000000"}, {"fiscalDateEnding": "2023-06-30", "reportedCurrency": "USD", "grossProfit": "2094000000", "totalRevenue": "2094000000", "costOfRevenue": "1630000", "costofGoodsAndServicesSold": "1630000", "operatingIncome": "612000000", "sellingGeneralAndAdministrative": "658000000", "researchAndDevelopment": "None", "operatingExpenses": "1482000000", "investmentIncomeNet": "None", "netInterestIncome": "1588000000", "interestIncome": "2531000000", "interestExpense": "943000000", "nonInterestIncome": "None", "otherNonOperatingIncome": "None", "depreciation": "None", "depreciationAndAmortization": "112000000", "incomeBeforeTax": "612000000", "incomeTaxExpense": "134000000", "interestAndDebtExpense": "None", "netIncomeFromContinuingOperations": "478000000", "comprehensiveIncomeNetOfTax": "None", "ebit": "612000000", "ebitda": "724000000", "netIncome": "478000000"}, {"fiscalDateEnding": "2023-03-31", "reportedCurrency": "USD", "grossProfit": "2128000000", "totalRevenue": "2128000000", "costOfRevenue": "None", "costofGoodsAndServicesSold": "None", "operatingIncome": "664000000", "sellingGeneralAndAdministrative": "694000000", "researchAndDevelopment": "None", "operatingExpenses": "1464000000", "investmentIncomeNet": "None", "netInterestIncome": "1643000000", "interestIncome": "2402000000", "interestExpense": "759000000", "nonInterestIncome": "None", "otherNonOperatingIncome": "None", "depreciation": "None", "depreciationAndAmortization": "118000000", "incomeBeforeTax": "664000000", "incomeTaxExpense": "153000000", "interestAndDebtExpense": "None", "netIncomeFromContinuingOperations": "511000000", "comprehensiveIncomeNetOfTax": "None", "ebit": "664000000", "ebitda": "782000000", "netIncome": "511000000"}, {"fiscalDateEnding": "2022-12-31", "reportedCurrency": "USD", "grossProfit": "2231000000", "totalRevenue": "2231000000", "costOfRevenue": "5490000", "costofGoodsAndServicesSold": "5490000", "operatingIncome": "828000000", "sellingGeneralAndAdministrative": "655000000", "researchAndDevelopment": "None", "operatingExpenses": "1403000000", "investmentIncomeNet": "None", "netInterestIncome": "1695000000", "interestIncome": "2252000000", "interestExpense": "557000000", "nonInterestIncome": "None", "otherNonOperatingIncome": "None", "depreciation": "None", "depreciationAndAmortization": "117000000", "incomeBeforeTax": "828000000", "incomeTaxExpense": "175000000", "interestAndDebtExpense": "None", "netIncomeFromContinuingOperations": "653000000", "comprehensiveIncomeNetOfTax": "None", "ebit": "828000000", "ebitda": "945000000", "netIncome": "653000000"}, {"fiscalDateEnding": "2022-09-30", "reportedCurrency": "USD", "grossProfit": "2177000000", "totalRevenue": "2177000000", "costOfRevenue": "18630000", "costofGoodsAndServicesSold": "18630000", "operatingIncome": "813000000", "sellingGeneralAndAdministrative": "667000000", "researchAndDevelopment": "None", "operatingExpenses": "1364000000", "investmentIncomeNet": "None", "netInterestIncome": "1665000000", "interestIncome": "1969000000", "interestExpense": "304000000", "nonInterestIncome": "None", "otherNonOperatingIncome": "None", "depreciation": "None", "depreciationAndAmortization": "121000000", "incomeBeforeTax": "813000000", "incomeTaxExpense": "177000000", "interestAndDebtExpense": "None", "netIncomeFromContinuingOperations": "636000000", "comprehensiveIncomeNetOfTax": "None", "ebit": "813000000", "ebitda": "934000000", "netIncome": "636000000"}, {"fiscalDateEnding": "2022-06-30", "reportedCurrency": "USD", "grossProfit": "1968000000", "totalRevenue": "1968000000", "costOfRevenue": "19600000", "costofGoodsAndServicesSold": "19600000", "operatingIncome": "478000000", "sellingGeneralAndAdministrative": "709000000", "researchAndDevelopment": "None", "operatingExpenses": "1490000000", "investmentIncomeNet": "None", "netInterestIncome": "1505000000", "interestIncome": "1626000000", "interestExpense": "121000000", "nonInterestIncome": "None", "otherNonOperatingIncome": "None", "depreciation": "None", "depreciationAndAmortization": "260000000", "incomeBeforeTax": "478000000", "incomeTaxExpense": "114000000", "interestAndDebtExpense": "None", "netIncomeFromContinuingOperations": "364000000", "comprehensiveIncomeNetOfTax": "None", "ebit": "478000000", "ebitda": "738000000", "netIncome": "364000000"}, {"fiscalDateEnding": "2022-03-31", "reportedCurrency": "USD", "grossProfit": "1645000000", "totalRevenue": "1645000000", "costOfRevenue": "None", "costofGoodsAndServicesSold": "None", "operatingIncome": "536000000", "sellingGeneralAndAdministrative": "614000000", "researchAndDevelopment": "None", "operatingExpenses": "1109000000", "investmentIncomeNet": "None", "netInterestIncome": "1147000000", "interestIncome": "1213000000", "interestExpense": "66000000", "nonInterestIncome": "None", "otherNonOperatingIncome": "None", "depreciation": "None", "depreciationAndAmortization": "67000000", "incomeBeforeTax": "536000000", "incomeTaxExpense": "116000000", "interestAndDebtExpense": "None", "netIncomeFromContinuingOperations": "420000000", "comprehensiveIncomeNetOfTax": "None", "ebit": "536000000", "ebitda": "603000000", "netIncome": "420000000"}, {"fiscalDateEnding": "2021-12-31", "reportedCurrency": "USD", "grossProfit": "1721000000", "totalRevenue": "1721000000", "costOfRevenue": "-1000000", "costofGoodsAndServicesSold": "-1000000", "operatingIncome": "684000000", "sellingGeneralAndAdministrative": "551000000", "researchAndDevelopment": "None", "operatingExpenses": "1037000000", "investmentIncomeNet": "None", "netInterestIncome": "1126000000", "interestIncome": "1202000000", "interestExpense": "76000000", "nonInterestIncome": "None", "otherNonOperatingIncome": "None", "depreciation": "None", "depreciationAndAmortization": "172000000", "incomeBeforeTax": "684000000", "incomeTaxExpense": "154000000", "interestAndDebtExpense": "None", "netIncomeFromContinuingOperations": "530000000", "comprehensiveIncomeNetOfTax": "None", "ebit": "684000000", "ebitda": "856000000", "netIncome": "530000000"}, {"fiscalDateEnding": "2021-09-30", "reportedCurrency": "USD", "grossProfit": "1659000000", "totalRevenue": "1659000000", "costOfRevenue": "None", "costofGoodsAndServicesSold": "None", "operatingIncome": "681000000", "sellingGeneralAndAdministrative": "526000000", "researchAndDevelopment": "None", "operatingExpenses": "978000000", "investmentIncomeNet": "None", "netInterestIncome": "1145000000", "interestIncome": "1222000000", "interestExpense": "77000000", "nonInterestIncome": "None", "otherNonOperatingIncome": "None", "depreciation": "None", "depreciationAndAmortization": "136000000", "incomeBeforeTax": "681000000", "incomeTaxExpense": "151000000", "interestAndDebtExpense": "None", "netIncomeFromContinuingOperations": "530000000", "comprehensiveIncomeNetOfTax": "None", "ebit": "681000000", "ebitda": "817000000", "netIncome": "530000000"}, {"fiscalDateEnding": "2021-06-30", "reportedCurrency": "USD", "grossProfit": "1609000000", "totalRevenue": "1609000000", "costOfRevenue": "None", "costofGoodsAndServicesSold": "None", "operatingIncome": "831000000", "sellingGeneralAndAdministrative": "540000000", "researchAndDevelopment": "None", "operatingExpenses": "778000000", "investmentIncomeNet": "None", "netInterestIncome": "1124000000", "interestIncome": "1211000000", "interestExpense": "87000000", "nonInterestIncome": "None", "otherNonOperatingIncome": "None", "depreciation": "None", "depreciationAndAmortization": "165000000", "incomeBeforeTax": "831000000", "incomeTaxExpense": "183000000", "interestAndDebtExpense": "None", "netIncomeFromContinuingOperations": "648000000", "comprehensiveIncomeNetOfTax": "None", "ebit": "831000000", "ebitda": "996000000", "netIncome": "648000000"}, {"fiscalDateEnding": "2021-03-31", "reportedCurrency": "USD", "grossProfit": "1658000000", "totalRevenue": "1658000000", "costOfRevenue": "None", "costofGoodsAndServicesSold": "None", "operatingIncome": "781000000", "sellingGeneralAndAdministrative": "563000000", "researchAndDevelopment": "None", "operatingExpenses": "877000000", "investmentIncomeNet": "None", "netInterestIncome": "1117000000", "interestIncome": "1216000000", "interestExpense": "99000000", "nonInterestIncome": "None", "otherNonOperatingIncome": "None", "depreciation": "None", "depreciationAndAmortization": "152000000", "incomeBeforeTax": "781000000", "incomeTaxExpense": "170000000", "interestAndDebtExpense": "None", "netIncomeFromContinuingOperations": "611000000", "comprehensiveIncomeNetOfTax": "None", "ebit": "781000000", "ebitda": "933000000", "netIncome": "611000000"}, {"fiscalDateEnding": "2020-12-31", "reportedCurrency": "USD", "grossProfit": "1707000000", "totalRevenue": "1707000000", "costOfRevenue": "-5195350000", "costofGoodsAndServicesSold": "-5195350000", "operatingIncome": "571000000", "sellingGeneralAndAdministrative": "603000000", "researchAndDevelopment": "None", "operatingExpenses": "1136000000", "investmentIncomeNet": "None", "netInterestIncome": "1129000000", "interestIncome": "1249000000", "interestExpense": "120000000", "nonInterestIncome": "None", "otherNonOperatingIncome": "None", "depreciation": "None", "depreciationAndAmortization": "159000000", "incomeBeforeTax": "571000000", "incomeTaxExpense": "115000000", "interestAndDebtExpense": "None", "netIncomeFromContinuingOperations": "456000000", "comprehensiveIncomeNetOfTax": "None", "ebit": "571000000", "ebitda": "730000000", "netIncome": "456000000"}, {"fiscalDateEnding": "2020-09-30", "reportedCurrency": "USD", "grossProfit": "1791000000", "totalRevenue": "1791000000", "costOfRevenue": "None", "costofGoodsAndServicesSold": "None", "operatingIncome": "375000000", "sellingGeneralAndAdministrative": "524000000", "researchAndDevelopment": "None", "operatingExpenses": "1416000000", "investmentIncomeNet": "None", "netInterestIncome": "1137000000", "interestIncome": "1280000000", "interestExpense": "143000000", "nonInterestIncome": "None", "otherNonOperatingIncome": "None", "depreciation": "None", "depreciationAndAmortization": "103000000", "incomeBeforeTax": "375000000", "incomeTaxExpense": "61000000", "interestAndDebtExpense": "None", "netIncomeFromContinuingOperations": "314000000", "comprehensiveIncomeNetOfTax": "None", "ebit": "375000000", "ebitda": "478000000", "netIncome": "314000000"}, {"fiscalDateEnding": "2020-06-30", "reportedCurrency": "USD", "grossProfit": "1750000000", "totalRevenue": "1750000000", "costOfRevenue": "None", "costofGoodsAndServicesSold": "None", "operatingIncome": "307000000", "sellingGeneralAndAdministrative": "513000000", "researchAndDevelopment": "None", "operatingExpenses": "1443000000", "investmentIncomeNet": "None", "netInterestIncome": "1160000000", "interestIncome": "1350000000", "interestExpense": "190000000", "nonInterestIncome": "None", "otherNonOperatingIncome": "None", "depreciation": "None", "depreciationAndAmortization": "112000000", "incomeBeforeTax": "307000000", "incomeTaxExpense": "54000000", "interestAndDebtExpense": "None", "netIncomeFromContinuingOperations": "253000000", "comprehensiveIncomeNetOfTax": "None", "ebit": "307000000", "ebitda": "419000000", "netIncome": "253000000"}, {"fiscalDateEnding": "2020-03-31", "reportedCurrency": "USD", "grossProfit": "1657000000", "totalRevenue": "1657000000", "costOfRevenue": "None", "costofGoodsAndServicesSold": "None", "operatingIncome": "45000000", "sellingGeneralAndAdministrative": "549000000", "researchAndDevelopment": "None", "operatingExpenses": "1612000000", "investmentIncomeNet": "None", "netInterestIncome": "1160000000", "interestIncome": "1478000000", "interestExpense": "318000000", "nonInterestIncome": "None", "otherNonOperatingIncome": "None", "depreciation": "None", "depreciationAndAmortization": "204000000", "incomeBeforeTax": "45000000", "incomeTaxExpense": "11000000", "interestAndDebtExpense": "None", "netIncomeFromContinuingOperations": "34000000", "comprehensiveIncomeNetOfTax": "None", "ebit": "45000000", "ebitda": "249000000", "netIncome": "34000000"}, {"fiscalDateEnding": "2019-12-31", "reportedCurrency": "USD", "grossProfit": "1637000000", "totalRevenue": "1637000000", "costOfRevenue": "-4847610000", "costofGoodsAndServicesSold": "-4847610000", "operatingIncome": "541000000", "sellingGeneralAndAdministrative": "518000000", "researchAndDevelopment": "None", "operatingExpenses": "1096000000", "investmentIncomeNet": "None", "netInterestIncome": "1143000000", "interestIncome": "1501000000", "interestExpense": "358000000", "nonInterestIncome": "None", "otherNonOperatingIncome": "None", "depreciation": "None", "depreciationAndAmortization": "193000000", "incomeBeforeTax": "541000000", "incomeTaxExpense": "91000000", "interestAndDebtExpense": "None", "netIncomeFromContinuingOperations": "450000000", "comprehensiveIncomeNetOfTax": "None", "ebit": "541000000", "ebitda": "734000000", "netIncome": "450000000"}, {"fiscalDateEnding": "2019-09-30", "reportedCurrency": "USD", "grossProfit": "1638000000", "totalRevenue": "1638000000", "costOfRevenue": "None", "costofGoodsAndServicesSold": "None", "operatingIncome": "564000000", "sellingGeneralAndAdministrative": "508000000", "researchAndDevelopment": "None", "operatingExpenses": "1074000000", "investmentIncomeNet": "None", "netInterestIncome": "1145000000", "interestIncome": "1538000000", "interestExpense": "393000000", "nonInterestIncome": "None", "otherNonOperatingIncome": "None", "depreciation": "None", "depreciationAndAmortization": "165000000", "incomeBeforeTax": "564000000", "incomeTaxExpense": "115000000", "interestAndDebtExpense": "None", "netIncomeFromContinuingOperations": "449000000", "comprehensiveIncomeNetOfTax": "None", "ebit": "564000000", "ebitda": "729000000", "netIncome": "449000000"}, {"fiscalDateEnding": "2019-06-30", "reportedCurrency": "USD", "grossProfit": "1628000000", "totalRevenue": "1628000000", "costOfRevenue": "None", "costofGoodsAndServicesSold": "None", "operatingIncome": "580000000", "sellingGeneralAndAdministrative": "507000000", "researchAndDevelopment": "None", "operatingExpenses": "1048000000", "investmentIncomeNet": "None", "netInterestIncome": "1166000000", "interestIncome": "1580000000", "interestExpense": "414000000", "nonInterestIncome": "None", "otherNonOperatingIncome": "None", "depreciation": "None", "depreciationAndAmortization": "141000000", "incomeBeforeTax": "580000000", "incomeTaxExpense": "127000000", "interestAndDebtExpense": "None", "netIncomeFromContinuingOperations": "453000000", "comprehensiveIncomeNetOfTax": "None", "ebit": "580000000", "ebitda": "721000000", "netIncome": "453000000"}, {"fiscalDateEnding": "2019-03-31", "reportedCurrency": "USD", "grossProfit": "1582000000", "totalRevenue": "1582000000", "costOfRevenue": "None", "costofGoodsAndServicesSold": "None", "operatingIncome": "566000000", "sellingGeneralAndAdministrative": "509000000", "researchAndDevelopment": "None", "operatingExpenses": "1016000000", "investmentIncomeNet": "None", "netInterestIncome": "1160000000", "interestIncome": "1570000000", "interestExpense": "410000000", "nonInterestIncome": "None", "otherNonOperatingIncome": "None", "depreciation": "None", "depreciationAndAmortization": "134000000", "incomeBeforeTax": "566000000", "incomeTaxExpense": "127000000", "interestAndDebtExpense": "None", "netIncomeFromContinuingOperations": "439000000", "comprehensiveIncomeNetOfTax": "None", "ebit": "566000000", "ebitda": "700000000", "netIncome": "439000000"}, {"fiscalDateEnding": "2018-12-31", "reportedCurrency": "USD", "grossProfit": "1588000000", "totalRevenue": "1588000000", "costOfRevenue": "-4531810000", "costofGoodsAndServicesSold": "-4531810000", "operatingIncome": "557000000", "sellingGeneralAndAdministrative": "499000000", "researchAndDevelopment": "0", "operatingExpenses": "1031000000", "investmentIncomeNet": "None", "netInterestIncome": "None", "interestIncome": "None", "interestExpense": "370000000", "nonInterestIncome": "None", "otherNonOperatingIncome": "None", "depreciation": "None", "depreciationAndAmortization": "132000000", "incomeBeforeTax": "557000000", "incomeTaxExpense": "92000000", "interestAndDebtExpense": "None", "netIncomeFromContinuingOperations": "465000000", "comprehensiveIncomeNetOfTax": "None", "ebit": "557000000", "ebitda": "689000000", "netIncome": "465000000"}, {"fiscalDateEnding": "2018-09-30", "reportedCurrency": "USD", "grossProfit": "1564000000", "totalRevenue": "1564000000", "costOfRevenue": "407000000", "costofGoodsAndServicesSold": "407000000", "operatingIncome": "576000000", "sellingGeneralAndAdministrative": "503000000", "researchAndDevelopment": "0", "operatingExpenses": "988000000", "investmentIncomeNet": "None", "netInterestIncome": "None", "interestIncome": "None", "interestExpense": "329000000", "nonInterestIncome": "None", "otherNonOperatingIncome": "None", "depreciation": "None", "depreciationAndAmortization": "114000000", "incomeBeforeTax": "576000000", "incomeTaxExpense": "133000000", "interestAndDebtExpense": "None", "netIncomeFromContinuingOperations": "443000000", "comprehensiveIncomeNetOfTax": "None", "ebit": "576000000", "ebitda": "690000000", "netIncome": "443000000"}, {"fiscalDateEnding": "2018-06-30", "reportedCurrency": "USD", "grossProfit": "1509000000", "totalRevenue": "1509000000", "costOfRevenue": "375000000", "costofGoodsAndServicesSold": "375000000", "operatingIncome": "549000000", "sellingGeneralAndAdministrative": "481000000", "researchAndDevelopment": "0", "operatingExpenses": "960000000", "investmentIncomeNet": "None", "netInterestIncome": "None", "interestIncome": "None", "interestExpense": "290000000", "nonInterestIncome": "None", "otherNonOperatingIncome": "None", "depreciation": "None", "depreciationAndAmortization": "121000000", "incomeBeforeTax": "549000000", "incomeTaxExpense": "124000000", "interestAndDebtExpense": "None", "netIncomeFromContinuingOperations": "425000000", "comprehensiveIncomeNetOfTax": "None", "ebit": "549000000", "ebitda": "670000000", "netIncome": "425000000"}, {"fiscalDateEnding": "2018-03-31", "reportedCurrency": "USD", "grossProfit": "1462000000", "totalRevenue": "1462000000", "costOfRevenue": "315000000", "costofGoodsAndServicesSold": "315000000", "operatingIncome": "501000000", "sellingGeneralAndAdministrative": "501000000", "researchAndDevelopment": "0", "operatingExpenses": "961000000", "investmentIncomeNet": "None", "netInterestIncome": "None", "interestIncome": "None", "interestExpense": "237000000", "nonInterestIncome": "None", "otherNonOperatingIncome": "None", "depreciation": "None", "depreciationAndAmortization": "122000000", "incomeBeforeTax": "501000000", "incomeTaxExpense": "113000000", "interestAndDebtExpense": "None", "netIncomeFromContinuingOperations": "388000000", "comprehensiveIncomeNetOfTax": "None", "ebit": "501000000", "ebitda": "623000000", "netIncome": "388000000"}, {"fiscalDateEnding": "2017-12-31", "reportedCurrency": "USD", "grossProfit": "1484000000", "totalRevenue": "1484000000", "costOfRevenue": "-4218020000", "costofGoodsAndServicesSold": "-4218020000", "operatingIncome": "503000000", "sellingGeneralAndAdministrative": "484000000", "researchAndDevelopment": "0", "operatingExpenses": "981000000", "investmentIncomeNet": "None", "netInterestIncome": "None", "interestIncome": "None", "interestExpense": "211000000", "nonInterestIncome": "None", "otherNonOperatingIncome": "None", "depreciation": "None", "depreciationAndAmortization": "114000000", "incomeBeforeTax": "503000000", "incomeTaxExpense": "-163000000", "interestAndDebtExpense": "None", "netIncomeFromContinuingOperations": "666000000", "comprehensiveIncomeNetOfTax": "None", "ebit": "503000000", "ebitda": "617000000", "netIncome": "666000000"}, {"fiscalDateEnding": "2017-09-30", "reportedCurrency": "USD", "grossProfit": "1443000000", "totalRevenue": "1443000000", "costOfRevenue": "274000000", "costofGoodsAndServicesSold": "274000000", "operatingIncome": "513000000", "sellingGeneralAndAdministrative": "472000000", "researchAndDevelopment": "0", "operatingExpenses": "930000000", "investmentIncomeNet": "None", "netInterestIncome": "None", "interestIncome": "None", "interestExpense": "202000000", "nonInterestIncome": "None", "otherNonOperatingIncome": "None", "depreciation": "None", "depreciationAndAmortization": "113000000", "incomeBeforeTax": "513000000", "incomeTaxExpense": "165000000", "interestAndDebtExpense": "None", "netIncomeFromContinuingOperations": "348000000", "comprehensiveIncomeNetOfTax": "None", "ebit": "513000000", "ebitda": "626000000", "netIncome": "348000000"}, {"fiscalDateEnding": "2017-06-30", "reportedCurrency": "USD", "grossProfit": "1396000000", "totalRevenue": "1396000000", "costOfRevenue": "249000000", "costofGoodsAndServicesSold": "249000000", "operatingIncome": "462000000", "sellingGeneralAndAdministrative": "468000000", "researchAndDevelopment": "0", "operatingExpenses": "934000000", "investmentIncomeNet": "None", "netInterestIncome": "None", "interestIncome": "None", "interestExpense": "179000000", "nonInterestIncome": "None", "otherNonOperatingIncome": "None", "depreciation": "None", "depreciationAndAmortization": "134000000", "incomeBeforeTax": "462000000", "incomeTaxExpense": "144000000", "interestAndDebtExpense": "None", "netIncomeFromContinuingOperations": "318000000", "comprehensiveIncomeNetOfTax": "None", "ebit": "462000000", "ebitda": "596000000", "netIncome": "318000000"}, {"fiscalDateEnding": "2017-03-31", "reportedCurrency": "USD", "grossProfit": "1384000000", "totalRevenue": "1384000000", "costOfRevenue": "251000000", "costofGoodsAndServicesSold": "251000000", "operatingIncome": "434000000", "sellingGeneralAndAdministrative": "478000000", "researchAndDevelopment": "0", "operatingExpenses": "950000000", "investmentIncomeNet": "None", "netInterestIncome": "None", "interestIncome": "None", "interestExpense": "155000000", "nonInterestIncome": "None", "otherNonOperatingIncome": "None", "depreciation": "None", "depreciationAndAmortization": "124000000", "incomeBeforeTax": "434000000", "incomeTaxExpense": "114000000", "interestAndDebtExpense": "None", "netIncomeFromContinuingOperations": "320000000", "comprehensiveIncomeNetOfTax": "None", "ebit": "434000000", "ebitda": "558000000", "netIncome": "320000000"}, {"fiscalDateEnding": "2016-12-31", "reportedCurrency": "USD", "grossProfit": "1368000000", "totalRevenue": "1368000000", "costOfRevenue": "-3880920000", "costofGoodsAndServicesSold": "-3880920000", "operatingIncome": "414000000", "sellingGeneralAndAdministrative": "453000000", "researchAndDevelopment": "0", "operatingExpenses": "954000000", "investmentIncomeNet": "None", "netInterestIncome": "None", "interestIncome": "None", "interestExpense": "136000000", "nonInterestIncome": "None", "otherNonOperatingIncome": "None", "depreciation": "None", "depreciationAndAmortization": "136000000", "incomeBeforeTax": "414000000", "incomeTaxExpense": "132000000", "interestAndDebtExpense": "None", "netIncomeFromContinuingOperations": "282000000", "comprehensiveIncomeNetOfTax": "None", "ebit": "414000000", "ebitda": "550000000", "netIncome": "282000000"}, {"fiscalDateEnding": "2016-09-30", "reportedCurrency": "USD", "grossProfit": "1375000000", "totalRevenue": "1375000000", "costOfRevenue": "220000000", "costofGoodsAndServicesSold": "220000000", "operatingIncome": "427000000", "sellingGeneralAndAdministrative": "464000000", "researchAndDevelopment": "0", "operatingExpenses": "948000000", "investmentIncomeNet": "None", "netInterestIncome": "None", "interestIncome": "None", "interestExpense": "134000000", "nonInterestIncome": "None", "otherNonOperatingIncome": "None", "depreciation": "None", "depreciationAndAmortization": "142000000", "incomeBeforeTax": "427000000", "incomeTaxExpense": "130000000", "interestAndDebtExpense": "None", "netIncomeFromContinuingOperations": "297000000", "comprehensiveIncomeNetOfTax": "None", "ebit": "427000000", "ebitda": "569000000", "netIncome": "297000000"}, {"fiscalDateEnding": "2016-06-30", "reportedCurrency": "USD", "grossProfit": "1278000000", "totalRevenue": "1278000000", "costOfRevenue": "213000000", "costofGoodsAndServicesSold": "213000000", "operatingIncome": "361000000", "sellingGeneralAndAdministrative": "461000000", "researchAndDevelopment": "0", "operatingExpenses": "917000000", "investmentIncomeNet": "None", "netInterestIncome": "None", "interestIncome": "None", "interestExpense": "123000000", "nonInterestIncome": "None", "otherNonOperatingIncome": "None", "depreciation": "None", "depreciationAndAmortization": "133000000", "incomeBeforeTax": "361000000", "incomeTaxExpense": "118000000", "interestAndDebtExpense": "None", "netIncomeFromContinuingOperations": "243000000", "comprehensiveIncomeNetOfTax": "None", "ebit": "361000000", "ebitda": "494000000", "netIncome": "243000000"}, {"fiscalDateEnding": "2016-03-31", "reportedCurrency": "USD", "grossProfit": "1234000000", "totalRevenue": "1234000000", "costOfRevenue": "206000000", "costofGoodsAndServicesSold": "206000000", "operatingIncome": "332000000", "sellingGeneralAndAdministrative": "451000000", "researchAndDevelopment": "0", "operatingExpenses": "902000000", "investmentIncomeNet": "None", "netInterestIncome": "None", "interestIncome": "None", "interestExpense": "115000000", "nonInterestIncome": "None", "otherNonOperatingIncome": "None", "depreciation": "None", "depreciationAndAmortization": "112000000", "incomeBeforeTax": "332000000", "incomeTaxExpense": "109000000", "interestAndDebtExpense": "None", "netIncomeFromContinuingOperations": "223000000", "comprehensiveIncomeNetOfTax": "None", "ebit": "332000000", "ebitda": "444000000", "netIncome": "223000000"}, {"fiscalDateEnding": "2015-12-31", "reportedCurrency": "USD", "grossProfit": "1229000000", "totalRevenue": "1229000000", "costOfRevenue": "207000000", "costofGoodsAndServicesSold": "207000000", "operatingIncome": "331000000", "sellingGeneralAndAdministrative": "429000000", "researchAndDevelopment": "0", "operatingExpenses": "898000000", "investmentIncomeNet": "None", "netInterestIncome": "None", "interestIncome": "None", "interestExpense": "116000000", "nonInterestIncome": "None", "otherNonOperatingIncome": "None", "depreciation": "None", "depreciationAndAmortization": "121000000", "incomeBeforeTax": "331000000", "incomeTaxExpense": "110000000", "interestAndDebtExpense": "None", "netIncomeFromContinuingOperations": "221000000", "comprehensiveIncomeNetOfTax": "None", "ebit": "331000000", "ebitda": "452000000", "netIncome": "221000000"}, {"fiscalDateEnding": "2015-09-30", "reportedCurrency": "USD", "grossProfit": "1209000000", "totalRevenue": "1209000000", "costOfRevenue": "194000000", "costofGoodsAndServicesSold": "194000000", "operatingIncome": "335000000", "sellingGeneralAndAdministrative": "432000000", "researchAndDevelopment": "0", "operatingExpenses": "874000000", "investmentIncomeNet": "None", "netInterestIncome": "None", "interestIncome": "None", "interestExpense": "118000000", "nonInterestIncome": "None", "otherNonOperatingIncome": "None", "depreciation": "None", "depreciationAndAmortization": "116000000", "incomeBeforeTax": "335000000", "incomeTaxExpense": "115000000", "interestAndDebtExpense": "None", "netIncomeFromContinuingOperations": "220000000", "comprehensiveIncomeNetOfTax": "None", "ebit": "335000000", "ebitda": "451000000", "netIncome": "220000000"}, {"fiscalDateEnding": "2015-06-30", "reportedCurrency": "USD", "grossProfit": "1200000000", "totalRevenue": "1200000000", "costOfRevenue": "189000000", "costofGoodsAndServicesSold": "189000000", "operatingIncome": "282000000", "sellingGeneralAndAdministrative": "437000000", "researchAndDevelopment": "0", "operatingExpenses": "918000000", "investmentIncomeNet": "None", "netInterestIncome": "None", "interestIncome": "None", "interestExpense": "112000000", "nonInterestIncome": "None", "otherNonOperatingIncome": "None", "depreciation": "None", "depreciationAndAmortization": "121000000", "incomeBeforeTax": "282000000", "incomeTaxExpense": "92000000", "interestAndDebtExpense": "None", "netIncomeFromContinuingOperations": "190000000", "comprehensiveIncomeNetOfTax": "None", "ebit": "282000000", "ebitda": "403000000", "netIncome": "190000000"}, {"fiscalDateEnding": "2015-03-31", "reportedCurrency": "USD", "grossProfit": "1183000000", "totalRevenue": "1183000000", "costOfRevenue": "164000000", "costofGoodsAndServicesSold": "164000000", "operatingIncome": "315000000", "sellingGeneralAndAdministrative": "453000000", "researchAndDevelopment": "0", "operatingExpenses": "868000000", "investmentIncomeNet": "None", "netInterestIncome": "None", "interestIncome": "None", "interestExpense": "106000000", "nonInterestIncome": "None", "otherNonOperatingIncome": "None", "depreciation": "None", "depreciationAndAmortization": "113000000", "incomeBeforeTax": "315000000", "incomeTaxExpense": "106000000", "interestAndDebtExpense": "None", "netIncomeFromContinuingOperations": "209000000", "comprehensiveIncomeNetOfTax": "None", "ebit": "315000000", "ebitda": "428000000", "netIncome": "209000000"}, {"fiscalDateEnding": "2014-12-31", "reportedCurrency": "USD", "grossProfit": "891000000", "totalRevenue": "891000000", "costOfRevenue": "173000000", "costofGoodsAndServicesSold": "173000000", "operatingIncome": "283000000", "sellingGeneralAndAdministrative": "423000000", "researchAndDevelopment": "0", "operatingExpenses": "608000000", "investmentIncomeNet": "None", "netInterestIncome": "None", "interestIncome": "None", "interestExpense": "101000000", "nonInterestIncome": "None", "otherNonOperatingIncome": "None", "depreciation": "None", "depreciationAndAmortization": "73000000", "incomeBeforeTax": "283000000", "incomeTaxExpense": "86000000", "interestAndDebtExpense": "None", "netIncomeFromContinuingOperations": "865000000", "comprehensiveIncomeNetOfTax": "None", "ebit": "283000000", "ebitda": "356000000", "netIncome": "197000000"}, {"fiscalDateEnding": "2014-09-30", "reportedCurrency": "USD", "grossProfit": "1161000000", "totalRevenue": "1161000000", "costOfRevenue": "170000000", "costofGoodsAndServicesSold": "170000000", "operatingIncome": "274000000", "sellingGeneralAndAdministrative": "432000000", "researchAndDevelopment": "0", "operatingExpenses": "887000000", "investmentIncomeNet": "None", "netInterestIncome": "None", "interestIncome": "None", "interestExpense": "93000000", "nonInterestIncome": "None", "otherNonOperatingIncome": "None", "depreciation": "None", "depreciationAndAmortization": "117000000", "incomeBeforeTax": "274000000", "incomeTaxExpense": "85000000", "interestAndDebtExpense": "None", "netIncomeFromContinuingOperations": "189000000", "comprehensiveIncomeNetOfTax": "None", "ebit": "274000000", "ebitda": "391000000", "netIncome": "189000000"}, {"fiscalDateEnding": "2014-06-30", "reportedCurrency": "USD", "grossProfit": "1185000000", "totalRevenue": "1185000000", "costOfRevenue": "133000000", "costofGoodsAndServicesSold": "133000000", "operatingIncome": "476000000", "sellingGeneralAndAdministrative": "493000000", "researchAndDevelopment": "0", "operatingExpenses": "709000000", "investmentIncomeNet": "None", "netInterestIncome": "None", "interestIncome": "None", "interestExpense": "84000000", "nonInterestIncome": "None", "otherNonOperatingIncome": "None", "depreciation": "None", "depreciationAndAmortization": "100000000", "incomeBeforeTax": "476000000", "incomeTaxExpense": "163000000", "interestAndDebtExpense": "None", "netIncomeFromContinuingOperations": "0", "comprehensiveIncomeNetOfTax": "None", "ebit": "476000000", "ebitda": "576000000", "netIncome": "313000000"}, {"fiscalDateEnding": "2014-03-31", "reportedCurrency": "USD", "grossProfit": "1166000000", "totalRevenue": "1166000000", "costOfRevenue": "206000000", "costofGoodsAndServicesSold": "206000000", "operatingIncome": "235000000", "sellingGeneralAndAdministrative": "425000000", "researchAndDevelopment": "0", "operatingExpenses": "931000000", "investmentIncomeNet": "None", "netInterestIncome": "None", "interestIncome": "None", "interestExpense": "85000000", "nonInterestIncome": "None", "otherNonOperatingIncome": "None", "depreciation": "None", "depreciationAndAmortization": "96000000", "incomeBeforeTax": "235000000", "incomeTaxExpense": "69000000", "interestAndDebtExpense": "None", "netIncomeFromContinuingOperations": "0", "comprehensiveIncomeNetOfTax": "None", "ebit": "235000000", "ebitda": "331000000", "netIncome": "166000000"}, {"fiscalDateEnding": "2013-12-31", "reportedCurrency": "USD", "grossProfit": "1158000000", "totalRevenue": "1158000000", "costOfRevenue": "229000000", "costofGoodsAndServicesSold": "229000000", "operatingIncome": "208000000", "sellingGeneralAndAdministrative": "409000000", "researchAndDevelopment": "0", "operatingExpenses": "950000000", "investmentIncomeNet": "None", "netInterestIncome": "None", "interestIncome": "None", "interestExpense": "97000000", "nonInterestIncome": "None", "otherNonOperatingIncome": "None", "depreciation": "None", "depreciationAndAmortization": "100000000", "incomeBeforeTax": "208000000", "incomeTaxExpense": "56000000", "interestAndDebtExpense": "None", "netIncomeFromContinuingOperations": "0", "comprehensiveIncomeNetOfTax": "None", "ebit": "208000000", "ebitda": "308000000", "netIncome": "152000000"}, {"fiscalDateEnding": "2013-09-30", "reportedCurrency": "USD", "grossProfit": "1153000000", "totalRevenue": "1153000000", "costOfRevenue": "248000000", "costofGoodsAndServicesSold": "248000000", "operatingIncome": "220000000", "sellingGeneralAndAdministrative": "421000000", "researchAndDevelopment": "0", "operatingExpenses": "933000000", "investmentIncomeNet": "None", "netInterestIncome": "None", "interestIncome": "None", "interestExpense": "103000000", "nonInterestIncome": "None", "otherNonOperatingIncome": "None", "depreciation": "None", "depreciationAndAmortization": "99000000", "incomeBeforeTax": "220000000", "incomeTaxExpense": "76000000", "interestAndDebtExpense": "None", "netIncomeFromContinuingOperations": "0", "comprehensiveIncomeNetOfTax": "None", "ebit": "220000000", "ebitda": "319000000", "netIncome": "144000000"}, {"fiscalDateEnding": "2013-06-30", "reportedCurrency": "USD", "grossProfit": "1186000000", "totalRevenue": "1186000000", "costOfRevenue": "445000000", "costofGoodsAndServicesSold": "445000000", "operatingIncome": "-4178000000", "sellingGeneralAndAdministrative": "447000000", "researchAndDevelopment": "0", "operatingExpenses": "5364000000", "investmentIncomeNet": "None", "netInterestIncome": "None", "interestIncome": "None", "interestExpense": "117000000", "nonInterestIncome": "None", "otherNonOperatingIncome": "None", "depreciation": "None", "depreciationAndAmortization": "102000000", "incomeBeforeTax": "-4178000000", "incomeTaxExpense": "-273000000", "interestAndDebtExpense": "None", "netIncomeFromContinuingOperations": "0", "comprehensiveIncomeNetOfTax": "None", "ebit": "-4178000000", "ebitda": "-4076000000", "netIncome": "-3905000000"}, {"fiscalDateEnding": "2013-03-31", "reportedCurrency": "USD", "grossProfit": "1193000000", "totalRevenue": "1193000000", "costOfRevenue": "0", "costofGoodsAndServicesSold": "0", "operatingIncome": "282000000", "sellingGeneralAndAdministrative": "460000000", "researchAndDevelopment": "0", "operatingExpenses": "911000000", "investmentIncomeNet": "None", "netInterestIncome": "None", "interestIncome": "None", "interestExpense": "126000000", "nonInterestIncome": "None", "otherNonOperatingIncome": "None", "depreciation": "None", "depreciationAndAmortization": "103000000", "incomeBeforeTax": "282000000", "incomeTaxExpense": "99000000", "interestAndDebtExpense": "None", "netIncomeFromContinuingOperations": "0", "comprehensiveIncomeNetOfTax": "None", "ebit": "282000000", "ebitda": "385000000", "netIncome": "183000000"}, {"fiscalDateEnding": "2012-12-31", "reportedCurrency": "USD", "grossProfit": "1058000000", "totalRevenue": "1058000000", "costOfRevenue": "1032000000", "costofGoodsAndServicesSold": "1032000000", "operatingIncome": "398000000", "sellingGeneralAndAdministrative": "645000000", "researchAndDevelopment": "0", "operatingExpenses": "894000000", "investmentIncomeNet": "None", "netInterestIncome": "None", "interestIncome": "None", "interestExpense": "619000000", "nonInterestIncome": "None", "otherNonOperatingIncome": "None", "depreciation": "None", "depreciationAndAmortization": "-398000000", "incomeBeforeTax": "164000000", "incomeTaxExpense": "63000000", "interestAndDebtExpense": "None", "netIncomeFromContinuingOperations": "0", "comprehensiveIncomeNetOfTax": "None", "ebit": "164000000", "ebitda": "-234000000", "netIncome": "101000000"}, {"fiscalDateEnding": "2012-09-30", "reportedCurrency": "USD", "grossProfit": "0", "totalRevenue": "0", "costOfRevenue": "0", "costofGoodsAndServicesSold": "0", "operatingIncome": "0", "sellingGeneralAndAdministrative": "0", "researchAndDevelopment": "0", "operatingExpenses": "0", "investmentIncomeNet": "None", "netInterestIncome": "None", "interestIncome": "None", "interestExpense": "0", "nonInterestIncome": "None", "otherNonOperatingIncome": "None", "depreciation": "None", "depreciationAndAmortization": "None", "incomeBeforeTax": "0", "incomeTaxExpense": "123000000", "interestAndDebtExpense": "None", "netIncomeFromContinuingOperations": "0", "comprehensiveIncomeNetOfTax": "None", "ebit": "0", "ebitda": "None", "netIncome": "209000000"}, {"fiscalDateEnding": "2012-06-30", "reportedCurrency": "USD", "grossProfit": "0", "totalRevenue": "0", "costOfRevenue": "0", "costofGoodsAndServicesSold": "0", "operatingIncome": "0", "sellingGeneralAndAdministrative": "0", "researchAndDevelopment": "0", "operatingExpenses": "0", "investmentIncomeNet": "None", "netInterestIncome": "None", "interestIncome": "None", "interestExpense": "0", "nonInterestIncome": "None", "otherNonOperatingIncome": "None", "depreciation": "None", "depreciationAndAmortization": "None", "incomeBeforeTax": "0", "incomeTaxExpense": "195000000", "interestAndDebtExpense": "None", "netIncomeFromContinuingOperations": "0", "comprehensiveIncomeNetOfTax": "None", "ebit": "0", "ebitda": "None", "netIncome": "333000000"}]}