{"symbol": "VTRS", "annualReports": [{"fiscalDateEnding": "2024-12-31", "reportedCurrency": "USD", "grossProfit": "5623600000", "totalRevenue": "14739300000", "costOfRevenue": "9115700000", "costofGoodsAndServicesSold": "9115700000", "operatingIncome": "10100000", "sellingGeneralAndAdministrative": "4425600000", "researchAndDevelopment": "808700000", "operatingExpenses": "5613500000", "investmentIncomeNet": "None", "netInterestIncome": "-550000000", "interestIncome": "None", "interestExpense": "550000000", "nonInterestIncome": "None", "otherNonOperatingIncome": "None", "depreciation": "None", "depreciationAndAmortization": "83300000", "incomeBeforeTax": "-623200000", "incomeTaxExpense": "11000000", "interestAndDebtExpense": "None", "netIncomeFromContinuingOperations": "-634200000", "comprehensiveIncomeNetOfTax": "None", "ebit": "-73200000", "ebitda": "10100000", "netIncome": "-634200000"}, {"fiscalDateEnding": "2023-12-31", "reportedCurrency": "USD", "grossProfit": "6438600000", "totalRevenue": "15426900000", "costOfRevenue": "8988300000", "costofGoodsAndServicesSold": "8988300000", "operatingIncome": "766200000", "sellingGeneralAndAdministrative": "4309700000", "researchAndDevelopment": "910700000", "operatingExpenses": "5672400000", "investmentIncomeNet": "None", "netInterestIncome": "-579300000", "interestIncome": "None", "interestExpense": "573100000", "nonInterestIncome": "None", "otherNonOperatingIncome": "None", "depreciation": "None", "depreciationAndAmortization": "2679200000", "incomeBeforeTax": "202900000", "incomeTaxExpense": "148200000", "interestAndDebtExpense": "None", "netIncomeFromContinuingOperations": "1831500000", "comprehensiveIncomeNetOfTax": "None", "ebit": "777800000", "ebitda": "3457000000", "netIncome": "54700000"}, {"fiscalDateEnding": "2022-12-31", "reportedCurrency": "USD", "grossProfit": "6497000000", "totalRevenue": "16262700000", "costOfRevenue": "9765700000", "costofGoodsAndServicesSold": "9765700000", "operatingIncome": "1614900000", "sellingGeneralAndAdministrative": "4179100000", "researchAndDevelopment": "662200000", "operatingExpenses": "4841300000", "investmentIncomeNet": "None", "netInterestIncome": "-592400000", "interestIncome": "None", "interestExpense": "592400000", "nonInterestIncome": "None", "otherNonOperatingIncome": "None", "depreciation": "None", "depreciationAndAmortization": "3027600000", "incomeBeforeTax": "2813200000", "incomeTaxExpense": "734600000", "interestAndDebtExpense": "None", "netIncomeFromContinuingOperations": "2078600000", "comprehensiveIncomeNetOfTax": "None", "ebit": "3405600000", "ebitda": "6433200000", "netIncome": "2078600000"}, {"fiscalDateEnding": "2021-12-31", "reportedCurrency": "USD", "grossProfit": "5575500000", "totalRevenue": "17886300000", "costOfRevenue": "12310800000", "costofGoodsAndServicesSold": "12310800000", "operatingIncome": "-34000000", "sellingGeneralAndAdministrative": "4529200000", "researchAndDevelopment": "681000000", "operatingExpenses": "5210200000", "investmentIncomeNet": "None", "netInterestIncome": "-636200000", "interestIncome": "None", "interestExpense": "636200000", "nonInterestIncome": "None", "otherNonOperatingIncome": "None", "depreciation": "None", "depreciationAndAmortization": "4506500000", "incomeBeforeTax": "-664400000", "incomeTaxExpense": "604700000", "interestAndDebtExpense": "None", "netIncomeFromContinuingOperations": "-1269100000", "comprehensiveIncomeNetOfTax": "None", "ebit": "-28200000", "ebitda": "4478300000", "netIncome": "-1269100000"}, {"fiscalDateEnding": "2020-12-31", "reportedCurrency": "USD", "grossProfit": "3796700000", "totalRevenue": "11946000000", "costOfRevenue": "8149300000", "costofGoodsAndServicesSold": "8149300000", "operatingIncome": "-210800000", "sellingGeneralAndAdministrative": "3344000000", "researchAndDevelopment": "512600000", "operatingExpenses": "3857200000", "investmentIncomeNet": "None", "netInterestIncome": "-497800000", "interestIncome": "None", "interestExpense": "497800000", "nonInterestIncome": "None", "otherNonOperatingIncome": "None", "depreciation": "None", "depreciationAndAmortization": "2216100000", "incomeBeforeTax": "-721200000", "incomeTaxExpense": "-51300000", "interestAndDebtExpense": "None", "netIncomeFromContinuingOperations": "-669900000", "comprehensiveIncomeNetOfTax": "None", "ebit": "-227900000", "ebitda": "1988200000", "netIncome": "-669900000"}, {"fiscalDateEnding": "2019-12-31", "reportedCurrency": "USD", "grossProfit": "4444200000", "totalRevenue": "11500500000", "costOfRevenue": "7056300000", "costofGoodsAndServicesSold": "7056300000", "operatingIncome": "715500000", "sellingGeneralAndAdministrative": "2563600000", "researchAndDevelopment": "778200000", "operatingExpenses": "3728700000", "investmentIncomeNet": "None", "netInterestIncome": "-517300000", "interestIncome": "None", "interestExpense": "517300000", "nonInterestIncome": "None", "otherNonOperatingIncome": "None", "depreciation": "None", "depreciationAndAmortization": "1838700000", "incomeBeforeTax": "154400000", "incomeTaxExpense": "137600000", "interestAndDebtExpense": "None", "netIncomeFromContinuingOperations": "16800000", "comprehensiveIncomeNetOfTax": "None", "ebit": "1422000000", "ebitda": "3260700000", "netIncome": "16800000"}, {"fiscalDateEnding": "2018-12-31", "reportedCurrency": "USD", "grossProfit": "4572000000", "totalRevenue": "11433900000", "costOfRevenue": "6861900000", "costofGoodsAndServicesSold": "6861900000", "operatingIncome": "905600000", "sellingGeneralAndAdministrative": "2441000000", "researchAndDevelopment": "822200000", "operatingExpenses": "3666400000", "investmentIncomeNet": "None", "netInterestIncome": "-542300000", "interestIncome": "None", "interestExpense": "542300000", "nonInterestIncome": "None", "otherNonOperatingIncome": "None", "depreciation": "None", "depreciationAndAmortization": "1885900000", "incomeBeforeTax": "298400000", "incomeTaxExpense": "54100000", "interestAndDebtExpense": "None", "netIncomeFromContinuingOperations": "352500000", "comprehensiveIncomeNetOfTax": "None", "ebit": "1588400000", "ebitda": "3474300000", "netIncome": "352500000"}, {"fiscalDateEnding": "2017-12-31", "reportedCurrency": "USD", "grossProfit": "4976200000", "totalRevenue": "11907700000", "costOfRevenue": "6931500000", "costofGoodsAndServicesSold": "6931500000", "operatingIncome": "1437200000", "sellingGeneralAndAdministrative": "2575800000", "researchAndDevelopment": "857900000", "operatingExpenses": "3539000000", "investmentIncomeNet": "None", "netInterestIncome": "-528400000", "interestIncome": "6200000", "interestExpense": "534600000", "nonInterestIncome": "None", "otherNonOperatingIncome": "None", "depreciation": "None", "depreciationAndAmortization": "1725000000", "incomeBeforeTax": "903000000", "incomeTaxExpense": "207000000", "interestAndDebtExpense": "None", "netIncomeFromContinuingOperations": "696000000", "comprehensiveIncomeNetOfTax": "None", "ebit": "1746600000", "ebitda": "3471600000", "netIncome": "696000000"}, {"fiscalDateEnding": "2016-12-31", "reportedCurrency": "USD", "grossProfit": "4998500000", "totalRevenue": "11076900000", "costOfRevenue": "6078400000", "costofGoodsAndServicesSold": "6078400000", "operatingIncome": "699200000", "sellingGeneralAndAdministrative": "2496100000", "researchAndDevelopment": "876700000", "operatingExpenses": "4299300000", "investmentIncomeNet": "None", "netInterestIncome": "-442500000", "interestIncome": "12300000", "interestExpense": "454800000", "nonInterestIncome": "None", "otherNonOperatingIncome": "None", "depreciation": "None", "depreciationAndAmortization": "1454700000", "incomeBeforeTax": "121700000", "incomeTaxExpense": "358300000", "interestAndDebtExpense": "None", "netIncomeFromContinuingOperations": "480000000", "comprehensiveIncomeNetOfTax": "None", "ebit": "1949300000", "ebitda": "3404000000", "netIncome": "480000000"}, {"fiscalDateEnding": "2015-12-31", "reportedCurrency": "USD", "grossProfit": "4382200000", "totalRevenue": "9429300000", "costOfRevenue": "5047100000", "costofGoodsAndServicesSold": "5047100000", "operatingIncome": "1460900000", "sellingGeneralAndAdministrative": "2180700000", "researchAndDevelopment": "671900000", "operatingExpenses": "2921300000", "investmentIncomeNet": "None", "netInterestIncome": "None", "interestIncome": "None", "interestExpense": "336400000", "nonInterestIncome": "None", "otherNonOperatingIncome": "None", "depreciation": "None", "depreciationAndAmortization": "1000800000", "incomeBeforeTax": "915400000", "incomeTaxExpense": "67700000", "interestAndDebtExpense": "None", "netIncomeFromContinuingOperations": "None", "comprehensiveIncomeNetOfTax": "None", "ebit": "1807100000", "ebitda": "2807900000", "netIncome": "847600000"}, {"fiscalDateEnding": "2014-12-31", "reportedCurrency": "USD", "grossProfit": "3669400000", "totalRevenue": "7719600000", "costOfRevenue": "4050200000", "costofGoodsAndServicesSold": "4050200000", "operatingIncome": "1352600000", "sellingGeneralAndAdministrative": "1625700000", "researchAndDevelopment": "581800000", "operatingExpenses": "2316800000", "investmentIncomeNet": "None", "netInterestIncome": "None", "interestIncome": "None", "interestExpense": "333200000", "nonInterestIncome": "None", "otherNonOperatingIncome": "None", "depreciation": "None", "depreciationAndAmortization": "538900000", "incomeBeforeTax": "974500000", "incomeTaxExpense": "41400000", "interestAndDebtExpense": "None", "netIncomeFromContinuingOperations": "None", "comprehensiveIncomeNetOfTax": "None", "ebit": "1606200000", "ebitda": "2145100000", "netIncome": "929400000"}, {"fiscalDateEnding": "2013-12-31", "reportedCurrency": "USD", "grossProfit": "3113000000", "totalRevenue": "6909100000", "costOfRevenue": "3796100000", "costofGoodsAndServicesSold": "3796100000", "operatingIncome": "1135500000", "sellingGeneralAndAdministrative": "1411629000", "researchAndDevelopment": "507800000", "operatingExpenses": "1977500000", "investmentIncomeNet": "None", "netInterestIncome": "None", "interestIncome": "None", "interestExpense": "313300000", "nonInterestIncome": "None", "otherNonOperatingIncome": "None", "depreciation": "None", "depreciationAndAmortization": "498000000", "incomeBeforeTax": "747300000", "incomeTaxExpense": "120800000", "interestAndDebtExpense": "None", "netIncomeFromContinuingOperations": "None", "comprehensiveIncomeNetOfTax": "None", "ebit": "1318900000", "ebitda": "1816900000", "netIncome": "623700000"}, {"fiscalDateEnding": "2012-12-31", "reportedCurrency": "USD", "grossProfit": "3059821000", "totalRevenue": "6840327000", "costOfRevenue": "3780506000", "costofGoodsAndServicesSold": "3780506000", "operatingIncome": "1375033000", "sellingGeneralAndAdministrative": "1400747000", "researchAndDevelopment": "388941000", "operatingExpenses": "1684788000", "investmentIncomeNet": "None", "netInterestIncome": "None", "interestIncome": "None", "interestExpense": "319002000", "nonInterestIncome": "None", "otherNonOperatingIncome": "None", "depreciation": "None", "depreciationAndAmortization": "546604000", "incomeBeforeTax": "804079000", "incomeTaxExpense": "161145000", "interestAndDebtExpense": "None", "netIncomeFromContinuingOperations": "None", "comprehensiveIncomeNetOfTax": "None", "ebit": "1123081000", "ebitda": "1669685000", "netIncome": "640850000"}, {"fiscalDateEnding": "2011-12-31", "reportedCurrency": "USD", "grossProfit": "2585056000", "totalRevenue": "6135317000", "costOfRevenue": "3550261000", "costofGoodsAndServicesSold": "3550261000", "operatingIncome": "1132797000", "sellingGeneralAndAdministrative": "1214631000", "researchAndDevelopment": "294728000", "operatingExpenses": "1452259000", "investmentIncomeNet": "None", "netInterestIncome": "None", "interestIncome": "None", "interestExpense": "333100000", "nonInterestIncome": "None", "otherNonOperatingIncome": "None", "depreciation": "None", "depreciationAndAmortization": "494488000", "incomeBeforeTax": "654636000", "incomeTaxExpense": "115833000", "interestAndDebtExpense": "None", "netIncomeFromContinuingOperations": "None", "comprehensiveIncomeNetOfTax": "None", "ebit": "987736000", "ebitda": "1482224000", "netIncome": "536809999"}, {"fiscalDateEnding": "2010-12-31", "reportedCurrency": "USD", "grossProfit": "2215096000", "totalRevenue": "5448221000", "costOfRevenue": "3233125000", "costofGoodsAndServicesSold": "3233125000", "operatingIncome": "864641000", "sellingGeneralAndAdministrative": "1086609000", "researchAndDevelopment": "282146000", "operatingExpenses": "1350455000", "investmentIncomeNet": "None", "netInterestIncome": "None", "interestIncome": "None", "interestExpense": "277963000", "nonInterestIncome": "None", "otherNonOperatingIncome": "None", "depreciation": "None", "depreciationAndAmortization": "422788000", "incomeBeforeTax": "355944000", "incomeTaxExpense": "10402000", "interestAndDebtExpense": "None", "netIncomeFromContinuingOperations": "None", "comprehensiveIncomeNetOfTax": "None", "ebit": "633907000", "ebitda": "1056695000", "netIncome": "345115000"}, {"fiscalDateEnding": "2009-12-31", "reportedCurrency": "USD", "grossProfit": "2074472000", "totalRevenue": "5092785000", "costOfRevenue": "3018313000", "costofGoodsAndServicesSold": "3018313000", "operatingIncome": "768369000", "sellingGeneralAndAdministrative": "1050145000", "researchAndDevelopment": "275258000", "operatingExpenses": "1306103000", "investmentIncomeNet": "None", "netInterestIncome": "None", "interestIncome": "None", "interestExpense": "266750000", "nonInterestIncome": "None", "otherNonOperatingIncome": "None", "depreciation": "None", "depreciationAndAmortization": "401157000", "incomeBeforeTax": "226975000", "incomeTaxExpense": "-20773000", "interestAndDebtExpense": "None", "netIncomeFromContinuingOperations": "None", "comprehensiveIncomeNetOfTax": "None", "ebit": "493725000", "ebitda": "894882000", "netIncome": "232571000"}, {"fiscalDateEnding": "2008-12-31", "reportedCurrency": "USD", "grossProfit": "2070221000", "totalRevenue": "5137585000", "costOfRevenue": "3067364000", "costofGoodsAndServicesSold": "3067364000", "operatingIncome": "699519000", "sellingGeneralAndAdministrative": "1053485000", "researchAndDevelopment": "317217000", "operatingExpenses": "1370702000", "investmentIncomeNet": "None", "netInterestIncome": "None", "interestIncome": "None", "interestExpense": "380779000", "nonInterestIncome": "None", "otherNonOperatingIncome": "None", "depreciation": "None", "depreciationAndAmortization": "425279000", "incomeBeforeTax": "-71557000", "incomeTaxExpense": "128550000", "interestAndDebtExpense": "None", "netIncomeFromContinuingOperations": "None", "comprehensiveIncomeNetOfTax": "None", "ebit": "309222000", "ebitda": "734501000", "netIncome": "-196076000"}, {"fiscalDateEnding": "2007-12-31", "reportedCurrency": "None", "grossProfit": "1165927752", "totalRevenue": "2905007404", "costOfRevenue": "1739079652", "costofGoodsAndServicesSold": "1739079652", "operatingIncome": "371715070", "sellingGeneralAndAdministrative": "None", "researchAndDevelopment": "194750179", "operatingExpenses": "794212681", "investmentIncomeNet": "None", "netInterestIncome": "None", "interestIncome": "None", "interestExpense": "239212735", "nonInterestIncome": "None", "otherNonOperatingIncome": "None", "depreciation": "None", "depreciationAndAmortization": "210399474", "incomeBeforeTax": "-1441415063", "incomeTaxExpense": "80097133", "interestAndDebtExpense": "None", "netIncomeFromContinuingOperations": "None", "comprehensiveIncomeNetOfTax": "None", "ebit": "-1202202329", "ebitda": "-991802855", "netIncome": "-1517362873"}, {"fiscalDateEnding": "2006-12-31", "reportedCurrency": "USD", "grossProfit": "843668000", "totalRevenue": "1611819000", "costOfRevenue": "768151000", "costofGoodsAndServicesSold": "768151000", "operatingIncome": "427554000", "sellingGeneralAndAdministrative": "215538000", "researchAndDevelopment": "103692000", "operatingExpenses": "269114000", "investmentIncomeNet": "None", "netInterestIncome": "None", "interestIncome": "None", "interestExpense": "195903000", "nonInterestIncome": "None", "otherNonOperatingIncome": "None", "depreciation": "None", "depreciationAndAmortization": "61512000", "incomeBeforeTax": "425512000", "incomeTaxExpense": "208017000", "interestAndDebtExpense": "None", "netIncomeFromContinuingOperations": "None", "comprehensiveIncomeNetOfTax": "None", "ebit": "621204000", "ebitda": "682716000", "netIncome": "217284000"}, {"fiscalDateEnding": "2005-12-31", "reportedCurrency": "USD", "grossProfit": "627616000", "totalRevenue": "1257164000", "costOfRevenue": "629548000", "costofGoodsAndServicesSold": "629548000", "operatingIncome": "320726000", "sellingGeneralAndAdministrative": "225754000", "researchAndDevelopment": "101057000", "operatingExpenses": "306890000", "investmentIncomeNet": "None", "netInterestIncome": "None", "interestIncome": "None", "interestExpense": "31285000", "nonInterestIncome": "None", "otherNonOperatingIncome": "None", "depreciation": "None", "depreciationAndAmortization": "46827000", "incomeBeforeTax": "274605000", "incomeTaxExpense": "90063000", "interestAndDebtExpense": "None", "netIncomeFromContinuingOperations": "None", "comprehensiveIncomeNetOfTax": "None", "ebit": "305890000", "ebitda": "352717000", "netIncome": "184542000"}], "quarterlyReports": [{"fiscalDateEnding": "2024-12-31", "reportedCurrency": "USD", "grossProfit": "1215000000", "totalRevenue": "3528100000", "costOfRevenue": "2313100000", "costofGoodsAndServicesSold": "2313100000", "operatingIncome": "-179800000", "sellingGeneralAndAdministrative": "1046700000", "researchAndDevelopment": "206500000", "operatingExpenses": "1394800000", "investmentIncomeNet": "None", "netInterestIncome": "-120200000", "interestIncome": "None", "interestExpense": "120200000", "nonInterestIncome": "None", "otherNonOperatingIncome": "None", "depreciation": "None", "depreciationAndAmortization": "746200000", "incomeBeforeTax": "-526500000", "incomeTaxExpense": "-10000000", "interestAndDebtExpense": "None", "netIncomeFromContinuingOperations": "-516500000", "comprehensiveIncomeNetOfTax": "None", "ebit": "-406300000", "ebitda": "339900000", "netIncome": "-516500000"}, {"fiscalDateEnding": "2024-09-30", "reportedCurrency": "USD", "grossProfit": "1459200000", "totalRevenue": "3738000000", "costOfRevenue": "2278800000", "costofGoodsAndServicesSold": "2278800000", "operatingIncome": "225900000", "sellingGeneralAndAdministrative": "1003400000", "researchAndDevelopment": "198400000", "operatingExpenses": "1233300000", "investmentIncomeNet": "None", "netInterestIncome": "-145600000", "interestIncome": "None", "interestExpense": "145600000", "nonInterestIncome": "None", "otherNonOperatingIncome": "None", "depreciation": "None", "depreciationAndAmortization": "669700000", "incomeBeforeTax": "90500000", "incomeTaxExpense": "-4300000", "interestAndDebtExpense": "None", "netIncomeFromContinuingOperations": "94800000", "comprehensiveIncomeNetOfTax": "None", "ebit": "236100000", "ebitda": "905800000", "netIncome": "94800000"}, {"fiscalDateEnding": "2024-06-30", "reportedCurrency": "USD", "grossProfit": "1493100000", "totalRevenue": "3796600000", "costOfRevenue": "2303500000", "costofGoodsAndServicesSold": "2303500000", "operatingIncome": "-239900000", "sellingGeneralAndAdministrative": "1358000000", "researchAndDevelopment": "196300000", "operatingExpenses": "1733000000", "investmentIncomeNet": "None", "netInterestIncome": "-145800000", "interestIncome": "None", "interestExpense": "145800000", "nonInterestIncome": "None", "otherNonOperatingIncome": "None", "depreciation": "None", "depreciationAndAmortization": "786300000", "incomeBeforeTax": "-391800000", "incomeTaxExpense": "65400000", "interestAndDebtExpense": "None", "netIncomeFromContinuingOperations": "-326400000", "comprehensiveIncomeNetOfTax": "None", "ebit": "-245000000", "ebitda": "541300000", "netIncome": "-326400000"}, {"fiscalDateEnding": "2024-03-31", "reportedCurrency": "USD", "grossProfit": "1504000000", "totalRevenue": "3663400000", "costOfRevenue": "2159400000", "costofGoodsAndServicesSold": "2159400000", "operatingIncome": "203900000", "sellingGeneralAndAdministrative": "1017500000", "researchAndDevelopment": "199700000", "operatingExpenses": "1217200000", "investmentIncomeNet": "None", "netInterestIncome": "-138400000", "interestIncome": "None", "interestExpense": "138400000", "nonInterestIncome": "None", "otherNonOperatingIncome": "None", "depreciation": "None", "depreciationAndAmortization": "691000000", "incomeBeforeTax": "204600000", "incomeTaxExpense": "90700000", "interestAndDebtExpense": "None", "netIncomeFromContinuingOperations": "113900000", "comprehensiveIncomeNetOfTax": "None", "ebit": "440600000", "ebitda": "1131600000", "netIncome": "113900000"}, {"fiscalDateEnding": "2023-12-31", "reportedCurrency": "USD", "grossProfit": "1610600000", "totalRevenue": "3824500000", "costOfRevenue": "2213900000", "costofGoodsAndServicesSold": "2213900000", "operatingIncome": "529500000", "sellingGeneralAndAdministrative": "1605800000", "researchAndDevelopment": "199800000", "operatingExpenses": "1081100000", "investmentIncomeNet": "None", "netInterestIncome": "-140900000", "interestIncome": "None", "interestExpense": "146200000", "nonInterestIncome": "None", "otherNonOperatingIncome": "None", "depreciation": "None", "depreciationAndAmortization": "644400000", "incomeBeforeTax": "-855000000", "incomeTaxExpense": "-89400000", "interestAndDebtExpense": "None", "netIncomeFromContinuingOperations": "-765600000", "comprehensiveIncomeNetOfTax": "None", "ebit": "529500000", "ebitda": "1173900000", "netIncome": "-765600000"}, {"fiscalDateEnding": "2023-09-30", "reportedCurrency": "USD", "grossProfit": "1691300000", "totalRevenue": "3941900000", "costOfRevenue": "2250600000", "costofGoodsAndServicesSold": "2250600000", "operatingIncome": "451700000", "sellingGeneralAndAdministrative": "1053500000", "researchAndDevelopment": "211200000", "operatingExpenses": "1264700000", "investmentIncomeNet": "None", "netInterestIncome": "-141500000", "interestIncome": "None", "interestExpense": "141500000", "nonInterestIncome": "None", "otherNonOperatingIncome": "None", "depreciation": "None", "depreciationAndAmortization": "679400000", "incomeBeforeTax": "402200000", "incomeTaxExpense": "70600000", "interestAndDebtExpense": "None", "netIncomeFromContinuingOperations": "331600000", "comprehensiveIncomeNetOfTax": "None", "ebit": "576900000", "ebitda": "1256300000", "netIncome": "331600000"}, {"fiscalDateEnding": "2023-06-30", "reportedCurrency": "USD", "grossProfit": "1608600000", "totalRevenue": "3918600000", "costOfRevenue": "2310000000", "costofGoodsAndServicesSold": "2310000000", "operatingIncome": "369200000", "sellingGeneralAndAdministrative": "1031900000", "researchAndDevelopment": "208300000", "operatingExpenses": "1240200000", "investmentIncomeNet": "None", "netInterestIncome": "-143700000", "interestIncome": "None", "interestExpense": "143700000", "nonInterestIncome": "None", "otherNonOperatingIncome": "107500000", "depreciation": "None", "depreciationAndAmortization": "686700000", "incomeBeforeTax": "333000000", "incomeTaxExpense": "69000000", "interestAndDebtExpense": "None", "netIncomeFromContinuingOperations": "264000000", "comprehensiveIncomeNetOfTax": "None", "ebit": "546800000", "ebitda": "1233500000", "netIncome": "264000000"}, {"fiscalDateEnding": "2023-03-31", "reportedCurrency": "USD", "grossProfit": "1542200000", "totalRevenue": "3729100000", "costOfRevenue": "2186900000", "costofGoodsAndServicesSold": "2186900000", "operatingIncome": "399800000", "sellingGeneralAndAdministrative": "958900000", "researchAndDevelopment": "182900000", "operatingExpenses": "1141800000", "investmentIncomeNet": "None", "netInterestIncome": "-147000000", "interestIncome": "None", "interestExpense": "147000000", "nonInterestIncome": "None", "otherNonOperatingIncome": "69900000", "depreciation": "None", "depreciationAndAmortization": "730000000", "incomeBeforeTax": "322700000", "incomeTaxExpense": "98000000", "interestAndDebtExpense": "None", "netIncomeFromContinuingOperations": "224700000", "comprehensiveIncomeNetOfTax": "None", "ebit": "525100000", "ebitda": "1255100000", "netIncome": "224700000"}, {"fiscalDateEnding": "2022-12-31", "reportedCurrency": "USD", "grossProfit": "1274100000", "totalRevenue": "3876000000", "costOfRevenue": "2601900000", "costofGoodsAndServicesSold": "2601900000", "operatingIncome": "773800000", "sellingGeneralAndAdministrative": "1265400000", "researchAndDevelopment": "182400000", "operatingExpenses": "1447800000", "investmentIncomeNet": "None", "netInterestIncome": "-147100000", "interestIncome": "None", "interestExpense": "147100000", "nonInterestIncome": "None", "otherNonOperatingIncome": "None", "depreciation": "None", "depreciationAndAmortization": "869800000", "incomeBeforeTax": "1468900000", "incomeTaxExpense": "457700000", "interestAndDebtExpense": "None", "netIncomeFromContinuingOperations": "1011200000", "comprehensiveIncomeNetOfTax": "None", "ebit": "773800000", "ebitda": "1643600000", "netIncome": "1011200000"}, {"fiscalDateEnding": "2022-09-30", "reportedCurrency": "USD", "grossProfit": "1842200000", "totalRevenue": "4078200000", "costOfRevenue": "2236000000", "costofGoodsAndServicesSold": "2236000000", "operatingIncome": "560100000", "sellingGeneralAndAdministrative": "1017300000", "researchAndDevelopment": "174900000", "operatingExpenses": "1282100000", "investmentIncomeNet": "None", "netInterestIncome": "-153200000", "interestIncome": "None", "interestExpense": "153200000", "nonInterestIncome": "None", "otherNonOperatingIncome": "20600000", "depreciation": "None", "depreciationAndAmortization": "699500000", "incomeBeforeTax": "427500000", "incomeTaxExpense": "73200000", "interestAndDebtExpense": "None", "netIncomeFromContinuingOperations": "354300000", "comprehensiveIncomeNetOfTax": "None", "ebit": "752800000", "ebitda": "1452300000", "netIncome": "354300000"}, {"fiscalDateEnding": "2022-06-30", "reportedCurrency": "USD", "grossProfit": "1766300000", "totalRevenue": "4116800000", "costOfRevenue": "2350500000", "costofGoodsAndServicesSold": "2350500000", "operatingIncome": "548700000", "sellingGeneralAndAdministrative": "981100000", "researchAndDevelopment": "162600000", "operatingExpenses": "1217600000", "investmentIncomeNet": "None", "netInterestIncome": "-145900000", "interestIncome": "None", "interestExpense": "145900000", "nonInterestIncome": "None", "otherNonOperatingIncome": "-13500000", "depreciation": "None", "depreciationAndAmortization": "722300000", "incomeBeforeTax": "389300000", "incomeTaxExpense": "75400000", "interestAndDebtExpense": "None", "netIncomeFromContinuingOperations": "313900000", "comprehensiveIncomeNetOfTax": "None", "ebit": "746800000", "ebitda": "1469100000", "netIncome": "313900000"}, {"fiscalDateEnding": "2022-03-31", "reportedCurrency": "USD", "grossProfit": "1834300000", "totalRevenue": "4191700000", "costOfRevenue": "2357400000", "costofGoodsAndServicesSold": "2357400000", "operatingIncome": "707400000", "sellingGeneralAndAdministrative": "915300000", "researchAndDevelopment": "142300000", "operatingExpenses": "1126900000", "investmentIncomeNet": "None", "netInterestIncome": "-146200000", "interestIncome": "None", "interestExpense": "146200000", "nonInterestIncome": "None", "otherNonOperatingIncome": "-33700000", "depreciation": "None", "depreciationAndAmortization": "736000000", "incomeBeforeTax": "527500000", "incomeTaxExpense": "128300000", "interestAndDebtExpense": "None", "netIncomeFromContinuingOperations": "399200000", "comprehensiveIncomeNetOfTax": "None", "ebit": "863800000", "ebitda": "1599800000", "netIncome": "399200000"}, {"fiscalDateEnding": "2021-12-31", "reportedCurrency": "USD", "grossProfit": "1546400000", "totalRevenue": "4341600000", "costOfRevenue": "2795200000", "costofGoodsAndServicesSold": "2795200000", "operatingIncome": "-77600000", "sellingGeneralAndAdministrative": "1082900000", "researchAndDevelopment": "267200000", "operatingExpenses": "1350100000", "investmentIncomeNet": "None", "netInterestIncome": "-148200000", "interestIncome": "None", "interestExpense": "148200000", "nonInterestIncome": "None", "otherNonOperatingIncome": "None", "depreciation": "None", "depreciationAndAmortization": "749800000", "incomeBeforeTax": "-203900000", "incomeTaxExpense": "59900000", "interestAndDebtExpense": "None", "netIncomeFromContinuingOperations": "-263800000", "comprehensiveIncomeNetOfTax": "None", "ebit": "-531600000", "ebitda": "218200000", "netIncome": "-263800000"}, {"fiscalDateEnding": "2021-09-30", "reportedCurrency": "USD", "grossProfit": "2041100000", "totalRevenue": "4536600000", "costOfRevenue": "2495500000", "costofGoodsAndServicesSold": "2495500000", "operatingIncome": "357600000", "sellingGeneralAndAdministrative": "1055000000", "researchAndDevelopment": "152100000", "operatingExpenses": "1683500000", "investmentIncomeNet": "None", "netInterestIncome": "-151900000", "interestIncome": "None", "interestExpense": "151900000", "nonInterestIncome": "None", "otherNonOperatingIncome": "-5800000", "depreciation": "None", "depreciationAndAmortization": "855565811", "incomeBeforeTax": "199900000", "incomeTaxExpense": "111600000", "interestAndDebtExpense": "None", "netIncomeFromContinuingOperations": "311500000", "comprehensiveIncomeNetOfTax": "None", "ebit": "884600000", "ebitda": "1740165811", "netIncome": "311500000"}, {"fiscalDateEnding": "2021-06-30", "reportedCurrency": "USD", "grossProfit": "1984100000", "totalRevenue": "4577800000", "costOfRevenue": "2593700000", "costofGoodsAndServicesSold": "2593700000", "operatingIncome": "-47800000", "sellingGeneralAndAdministrative": "1204800000", "researchAndDevelopment": "147700000", "operatingExpenses": "2031900000", "investmentIncomeNet": "None", "netInterestIncome": "-167100000", "interestIncome": "None", "interestExpense": "167100000", "nonInterestIncome": "None", "otherNonOperatingIncome": "-4200000", "depreciation": "None", "depreciationAndAmortization": "1317100000", "incomeBeforeTax": "-219100000", "incomeTaxExpense": "60100000", "interestAndDebtExpense": "None", "netIncomeFromContinuingOperations": "-279200000", "comprehensiveIncomeNetOfTax": "None", "ebit": "-53000000", "ebitda": "1264100000", "netIncome": "-279200000"}, {"fiscalDateEnding": "2021-03-31", "reportedCurrency": "USD", "grossProfit": "1860700000", "totalRevenue": "4430300000", "costOfRevenue": "2569600000", "costofGoodsAndServicesSold": "2569600000", "operatingIncome": "-266200000", "sellingGeneralAndAdministrative": "3344000000", "researchAndDevelopment": "184100000", "operatingExpenses": "2126900000", "investmentIncomeNet": "None", "netInterestIncome": "-169000000", "interestIncome": "None", "interestExpense": "169000000", "nonInterestIncome": "None", "otherNonOperatingIncome": "-6100000", "depreciation": "None", "depreciationAndAmortization": "1422500000", "incomeBeforeTax": "-441300000", "incomeTaxExpense": "596300000", "interestAndDebtExpense": "None", "netIncomeFromContinuingOperations": "-1037600000", "comprehensiveIncomeNetOfTax": "None", "ebit": "-273400000", "ebitda": "1149100000", "netIncome": "-1037599999"}, {"fiscalDateEnding": "2020-12-31", "reportedCurrency": "USD", "grossProfit": "1153600000", "totalRevenue": "3623500000", "costOfRevenue": "2469900000", "costofGoodsAndServicesSold": "2469900000", "operatingIncome": "-881100000", "sellingGeneralAndAdministrative": "3344000000", "researchAndDevelopment": "192200000", "operatingExpenses": "2034700000", "investmentIncomeNet": "None", "netInterestIncome": "-144400000", "interestIncome": "None", "interestExpense": "144400000", "nonInterestIncome": "None", "otherNonOperatingIncome": "None", "depreciation": "None", "depreciationAndAmortization": "632500000", "incomeBeforeTax": "-1013500000", "incomeTaxExpense": "97700000", "interestAndDebtExpense": "None", "netIncomeFromContinuingOperations": "-915800000", "comprehensiveIncomeNetOfTax": "None", "ebit": "-548500000", "ebitda": "84000000", "netIncome": "-915800000"}, {"fiscalDateEnding": "2020-09-30", "reportedCurrency": "USD", "grossProfit": "1260200000", "totalRevenue": "2972100000", "costOfRevenue": "1711900000", "costofGoodsAndServicesSold": "1711900000", "operatingIncome": "351400000", "sellingGeneralAndAdministrative": "658400000", "researchAndDevelopment": "129800000", "operatingExpenses": "908800000", "investmentIncomeNet": "None", "netInterestIncome": "-117300000", "interestIncome": "None", "interestExpense": "117300000", "nonInterestIncome": "None", "otherNonOperatingIncome": "None", "depreciation": "None", "depreciationAndAmortization": "432300000", "incomeBeforeTax": "241600000", "incomeTaxExpense": "55900000", "interestAndDebtExpense": "None", "netIncomeFromContinuingOperations": "185700000", "comprehensiveIncomeNetOfTax": "None", "ebit": "546100000", "ebitda": "978400000", "netIncome": "185700000"}, {"fiscalDateEnding": "2020-06-30", "reportedCurrency": "USD", "grossProfit": "1130600000", "totalRevenue": "2731200000", "costOfRevenue": "1600600000", "costofGoodsAndServicesSold": "1600600000", "operatingIncome": "134199999", "sellingGeneralAndAdministrative": "719400000", "researchAndDevelopment": "156300000", "operatingExpenses": "996400001", "investmentIncomeNet": "None", "netInterestIncome": "-116200000", "interestIncome": "None", "interestExpense": "116200000", "nonInterestIncome": "None", "otherNonOperatingIncome": "None", "depreciation": "None", "depreciationAndAmortization": "415700000", "incomeBeforeTax": "20000000", "incomeTaxExpense": "19400000", "interestAndDebtExpense": "None", "netIncomeFromContinuingOperations": "39400000", "comprehensiveIncomeNetOfTax": "None", "ebit": "425800000", "ebitda": "841500000", "netIncome": "39400000"}, {"fiscalDateEnding": "2020-03-31", "reportedCurrency": "USD", "grossProfit": "1027900000", "totalRevenue": "2619200000", "costOfRevenue": "1591300000", "costofGoodsAndServicesSold": "1591300000", "operatingIncome": "184700000", "sellingGeneralAndAdministrative": "605400000", "researchAndDevelopment": "114200000", "operatingExpenses": "843200000", "investmentIncomeNet": "None", "netInterestIncome": "-119900000", "interestIncome": "None", "interestExpense": "119900000", "nonInterestIncome": "None", "otherNonOperatingIncome": "None", "depreciation": "None", "depreciationAndAmortization": "415000000", "incomeBeforeTax": "30700000", "incomeTaxExpense": "9900000", "interestAndDebtExpense": "None", "netIncomeFromContinuingOperations": "20800000", "comprehensiveIncomeNetOfTax": "None", "ebit": "329000000", "ebitda": "744000000", "netIncome": "20800000"}, {"fiscalDateEnding": "2019-12-31", "reportedCurrency": "USD", "grossProfit": "1087400000", "totalRevenue": "3191800000", "costOfRevenue": "2104400000", "costofGoodsAndServicesSold": "2104400000", "operatingIncome": "281200000", "sellingGeneralAndAdministrative": "654400000", "researchAndDevelopment": "151800000", "operatingExpenses": "806200000", "investmentIncomeNet": "None", "netInterestIncome": "-126000000", "interestIncome": "None", "interestExpense": "126000000", "nonInterestIncome": "None", "otherNonOperatingIncome": "None", "depreciation": "None", "depreciationAndAmortization": "547700000", "incomeBeforeTax": "135200000", "incomeTaxExpense": "114700000", "interestAndDebtExpense": "None", "netIncomeFromContinuingOperations": "20500000", "comprehensiveIncomeNetOfTax": "None", "ebit": "281200000", "ebitda": "828900000", "netIncome": "20500000"}, {"fiscalDateEnding": "2019-09-30", "reportedCurrency": "USD", "grossProfit": "1157400000", "totalRevenue": "2961700000", "costOfRevenue": "1804300000", "costofGoodsAndServicesSold": "1804300000", "operatingIncome": "323700000", "sellingGeneralAndAdministrative": "632700000", "researchAndDevelopment": "167900000", "operatingExpenses": "833700000", "investmentIncomeNet": "None", "netInterestIncome": "-128900000", "interestIncome": "None", "interestExpense": "128900000", "nonInterestIncome": "None", "otherNonOperatingIncome": "None", "depreciation": "None", "depreciationAndAmortization": "467800000", "incomeBeforeTax": "185800000", "incomeTaxExpense": "4000000", "interestAndDebtExpense": "None", "netIncomeFromContinuingOperations": "189800000", "comprehensiveIncomeNetOfTax": "None", "ebit": "447700000", "ebitda": "915500000", "netIncome": "189800000"}, {"fiscalDateEnding": "2019-06-30", "reportedCurrency": "USD", "grossProfit": "1133000000", "totalRevenue": "2851500000", "costOfRevenue": "1718500000", "costofGoodsAndServicesSold": "1718500000", "operatingIncome": "95500000", "sellingGeneralAndAdministrative": "668600000", "researchAndDevelopment": "147600000", "operatingExpenses": "1037500000", "investmentIncomeNet": "None", "netInterestIncome": "None", "interestIncome": "None", "interestExpense": "131200000", "nonInterestIncome": "None", "otherNonOperatingIncome": "None", "depreciation": "None", "depreciationAndAmortization": "461000000", "incomeBeforeTax": "-52100000", "incomeTaxExpense": "116400000", "interestAndDebtExpense": "None", "netIncomeFromContinuingOperations": "None", "comprehensiveIncomeNetOfTax": "None", "ebit": "354700000", "ebitda": "815700000", "netIncome": "-168500000"}, {"fiscalDateEnding": "2019-03-31", "reportedCurrency": "USD", "grossProfit": "934800000", "totalRevenue": "2495500000", "costOfRevenue": "1560700000", "costofGoodsAndServicesSold": "1560700000", "operatingIncome": "24000000", "sellingGeneralAndAdministrative": "607900000", "researchAndDevelopment": "202100000", "operatingExpenses": "910800000", "investmentIncomeNet": "None", "netInterestIncome": "None", "interestIncome": "None", "interestExpense": "131200000", "nonInterestIncome": "None", "otherNonOperatingIncome": "None", "depreciation": "None", "depreciationAndAmortization": "471000000", "incomeBeforeTax": "-114500000", "incomeTaxExpense": "89500000", "interestAndDebtExpense": "None", "netIncomeFromContinuingOperations": "None", "comprehensiveIncomeNetOfTax": "None", "ebit": "208900000", "ebitda": "679900000", "netIncome": "-25000000"}, {"fiscalDateEnding": "2018-12-31", "reportedCurrency": "USD", "grossProfit": "1259500000", "totalRevenue": "3078700000", "costOfRevenue": "1819200000", "costofGoodsAndServicesSold": "1819200000", "operatingIncome": "232800000", "sellingGeneralAndAdministrative": "632900000", "researchAndDevelopment": "179000000", "operatingExpenses": "1026700000", "investmentIncomeNet": "None", "netInterestIncome": "None", "interestIncome": "None", "interestExpense": "135200000", "nonInterestIncome": "None", "otherNonOperatingIncome": "None", "depreciation": "None", "depreciationAndAmortization": "472400000", "incomeBeforeTax": "77000000", "incomeTaxExpense": "25800000", "interestAndDebtExpense": "None", "netIncomeFromContinuingOperations": "None", "comprehensiveIncomeNetOfTax": "None", "ebit": "506200000", "ebitda": "978600000", "netIncome": "51200000"}, {"fiscalDateEnding": "2018-09-30", "reportedCurrency": "USD", "grossProfit": "1173300000", "totalRevenue": "2862400000", "costOfRevenue": "1689100000", "costofGoodsAndServicesSold": "1689100000", "operatingIncome": "338200000", "sellingGeneralAndAdministrative": "577300000", "researchAndDevelopment": "159600000", "operatingExpenses": "835100000", "investmentIncomeNet": "None", "netInterestIncome": "None", "interestIncome": "None", "interestExpense": "136200000", "nonInterestIncome": "None", "otherNonOperatingIncome": "None", "depreciation": "None", "depreciationAndAmortization": "485100000", "incomeBeforeTax": "192200000", "incomeTaxExpense": "15500000", "interestAndDebtExpense": "None", "netIncomeFromContinuingOperations": "None", "comprehensiveIncomeNetOfTax": "None", "ebit": "454400000", "ebitda": "939500000", "netIncome": "176700000"}, {"fiscalDateEnding": "2018-06-30", "reportedCurrency": "USD", "grossProfit": "1110300000", "totalRevenue": "2808300000", "costOfRevenue": "1698000000", "costofGoodsAndServicesSold": "1698000000", "operatingIncome": "178900000", "sellingGeneralAndAdministrative": "623300000", "researchAndDevelopment": "248700000", "operatingExpenses": "931400000", "investmentIncomeNet": "None", "netInterestIncome": "None", "interestIncome": "None", "interestExpense": "139200000", "nonInterestIncome": "None", "otherNonOperatingIncome": "None", "depreciation": "None", "depreciationAndAmortization": "459900000", "incomeBeforeTax": "18700000", "incomeTaxExpense": "18800000", "interestAndDebtExpense": "None", "netIncomeFromContinuingOperations": "None", "comprehensiveIncomeNetOfTax": "None", "ebit": "362900000", "ebitda": "822800000", "netIncome": "37500000"}, {"fiscalDateEnding": "2018-03-31", "reportedCurrency": "USD", "grossProfit": "998900000", "totalRevenue": "2684500000", "costOfRevenue": "1685600000", "costofGoodsAndServicesSold": "1685600000", "operatingIncome": "155700000", "sellingGeneralAndAdministrative": "607500000", "researchAndDevelopment": "234900000", "operatingExpenses": "843200000", "investmentIncomeNet": "None", "netInterestIncome": "None", "interestIncome": "None", "interestExpense": "131700000", "nonInterestIncome": "None", "otherNonOperatingIncome": "None", "depreciation": "None", "depreciationAndAmortization": "468500000", "incomeBeforeTax": "10500000", "incomeTaxExpense": "76600000", "interestAndDebtExpense": "None", "netIncomeFromContinuingOperations": "None", "comprehensiveIncomeNetOfTax": "None", "ebit": "234900000", "ebitda": "703400000", "netIncome": "87100000"}, {"fiscalDateEnding": "2017-12-31", "reportedCurrency": "USD", "grossProfit": "1396300000", "totalRevenue": "3238900000", "costOfRevenue": "1842600000", "costofGoodsAndServicesSold": "1842600000", "operatingIncome": "419200000", "sellingGeneralAndAdministrative": "659000000", "researchAndDevelopment": "277000000", "operatingExpenses": "977100000", "investmentIncomeNet": "None", "netInterestIncome": "None", "interestIncome": "None", "interestExpense": "128300000", "nonInterestIncome": "None", "otherNonOperatingIncome": "None", "depreciation": "None", "depreciationAndAmortization": "458200000", "incomeBeforeTax": "327100000", "incomeTaxExpense": "82800000", "interestAndDebtExpense": "None", "netIncomeFromContinuingOperations": "None", "comprehensiveIncomeNetOfTax": "None", "ebit": "702400000", "ebitda": "1160600000", "netIncome": "244300000"}, {"fiscalDateEnding": "2017-09-30", "reportedCurrency": "USD", "grossProfit": "1211200000", "totalRevenue": "2987100000", "costOfRevenue": "1775900000", "costofGoodsAndServicesSold": "1775900000", "operatingIncome": "316500000", "sellingGeneralAndAdministrative": "664600000", "researchAndDevelopment": "182300000", "operatingExpenses": "894700000", "investmentIncomeNet": "None", "netInterestIncome": "None", "interestIncome": "None", "interestExpense": "131800000", "nonInterestIncome": "None", "otherNonOperatingIncome": "None", "depreciation": "None", "depreciationAndAmortization": "430100000", "incomeBeforeTax": "179600000", "incomeTaxExpense": "91300000", "interestAndDebtExpense": "None", "netIncomeFromContinuingOperations": "None", "comprehensiveIncomeNetOfTax": "None", "ebit": "383900000", "ebitda": "814000000", "netIncome": "88300000"}, {"fiscalDateEnding": "2017-06-30", "reportedCurrency": "USD", "grossProfit": "1244800000", "totalRevenue": "2962200000", "costOfRevenue": "1717400000", "costofGoodsAndServicesSold": "1717400000", "operatingIncome": "473800000", "sellingGeneralAndAdministrative": "620900000", "researchAndDevelopment": "181100000", "operatingExpenses": "771000000", "investmentIncomeNet": "None", "netInterestIncome": "None", "interestIncome": "None", "interestExpense": "136300000", "nonInterestIncome": "None", "otherNonOperatingIncome": "None", "depreciation": "None", "depreciationAndAmortization": "421200000", "incomeBeforeTax": "324700000", "incomeTaxExpense": "27700000", "interestAndDebtExpense": "None", "netIncomeFromContinuingOperations": "None", "comprehensiveIncomeNetOfTax": "None", "ebit": "455700000", "ebitda": "876900000", "netIncome": "297000000"}, {"fiscalDateEnding": "2017-03-31", "reportedCurrency": "USD", "grossProfit": "1110900000", "totalRevenue": "2719500000", "costOfRevenue": "1608600000", "costofGoodsAndServicesSold": "1608600000", "operatingIncome": "227700000", "sellingGeneralAndAdministrative": "631300000", "researchAndDevelopment": "217500000", "operatingExpenses": "883200000", "investmentIncomeNet": "None", "netInterestIncome": "None", "interestIncome": "None", "interestExpense": "138200000", "nonInterestIncome": "None", "otherNonOperatingIncome": "None", "depreciation": "None", "depreciationAndAmortization": "415500000", "incomeBeforeTax": "71600000", "incomeTaxExpense": "5200000", "interestAndDebtExpense": "None", "netIncomeFromContinuingOperations": "None", "comprehensiveIncomeNetOfTax": "None", "ebit": "357700000", "ebitda": "773200000", "netIncome": "66400000"}, {"fiscalDateEnding": "2016-12-31", "reportedCurrency": "USD", "grossProfit": "1548800000", "totalRevenue": "3267800000", "costOfRevenue": "1719000000", "costofGoodsAndServicesSold": "1719000000", "operatingIncome": "315800000", "sellingGeneralAndAdministrative": "708500000", "researchAndDevelopment": "194600000", "operatingExpenses": "1233000000", "investmentIncomeNet": "None", "netInterestIncome": "None", "interestIncome": "None", "interestExpense": "149800000", "nonInterestIncome": "None", "otherNonOperatingIncome": "None", "depreciation": "None", "depreciationAndAmortization": "408300000", "incomeBeforeTax": "224900000", "incomeTaxExpense": "192600000", "interestAndDebtExpense": "None", "netIncomeFromContinuingOperations": "None", "comprehensiveIncomeNetOfTax": "None", "ebit": "930700000", "ebitda": "1339000000", "netIncome": "417500000"}, {"fiscalDateEnding": "2016-09-30", "reportedCurrency": "USD", "grossProfit": "1369500000", "totalRevenue": "3057100000", "costOfRevenue": "1687600000", "costofGoodsAndServicesSold": "1687600000", "operatingIncome": "-130699999", "sellingGeneralAndAdministrative": "656900000", "researchAndDevelopment": "199100000", "operatingExpenses": "1500199999", "investmentIncomeNet": "None", "netInterestIncome": "None", "interestIncome": "None", "interestExpense": "144400000", "nonInterestIncome": "None", "otherNonOperatingIncome": "None", "depreciation": "None", "depreciationAndAmortization": "445900000", "incomeBeforeTax": "-325300000", "incomeTaxExpense": "205500000", "interestAndDebtExpense": "None", "netIncomeFromContinuingOperations": "None", "comprehensiveIncomeNetOfTax": "None", "ebit": "-183200000", "ebitda": "262700000", "netIncome": "-119800000"}, {"fiscalDateEnding": "2016-06-30", "reportedCurrency": "USD", "grossProfit": "1195500000", "totalRevenue": "2560700000", "costOfRevenue": "1365200000", "costofGoodsAndServicesSold": "1365200000", "operatingIncome": "410900000", "sellingGeneralAndAdministrative": "581400000", "researchAndDevelopment": "179500000", "operatingExpenses": "784600000", "investmentIncomeNet": "None", "netInterestIncome": "None", "interestIncome": "None", "interestExpense": "90300000", "nonInterestIncome": "None", "otherNonOperatingIncome": "None", "depreciation": "None", "depreciationAndAmortization": "303400000", "incomeBeforeTax": "203100000", "incomeTaxExpense": "34700000", "interestAndDebtExpense": "None", "netIncomeFromContinuingOperations": "None", "comprehensiveIncomeNetOfTax": "None", "ebit": "452100000", "ebitda": "755500000", "netIncome": "168400000"}, {"fiscalDateEnding": "2016-03-31", "reportedCurrency": "USD", "grossProfit": "940700000", "totalRevenue": "2191300000", "costOfRevenue": "1250600000", "costofGoodsAndServicesSold": "1250600000", "operatingIncome": "105600000", "sellingGeneralAndAdministrative": "549300000", "researchAndDevelopment": "253600000", "operatingExpenses": "835100000", "investmentIncomeNet": "None", "netInterestIncome": "None", "interestIncome": "None", "interestExpense": "70300000", "nonInterestIncome": "None", "otherNonOperatingIncome": "None", "depreciation": "None", "depreciationAndAmortization": "297100000", "incomeBeforeTax": "19000000", "incomeTaxExpense": "5100000", "interestAndDebtExpense": "None", "netIncomeFromContinuingOperations": "None", "comprehensiveIncomeNetOfTax": "None", "ebit": "210700000", "ebitda": "507800000", "netIncome": "13900000"}, {"fiscalDateEnding": "2015-12-31", "reportedCurrency": "USD", "grossProfit": "1145200000", "totalRevenue": "2490700000", "costOfRevenue": "1345500000", "costofGoodsAndServicesSold": "1345500000", "operatingIncome": "423900000", "sellingGeneralAndAdministrative": "596200000", "researchAndDevelopment": "159000000", "operatingExpenses": "721300000", "investmentIncomeNet": "None", "netInterestIncome": "None", "interestIncome": "None", "interestExpense": "70900000", "nonInterestIncome": "None", "otherNonOperatingIncome": "None", "depreciation": "None", "depreciationAndAmortization": "309400000", "incomeBeforeTax": "218300000", "incomeTaxExpense": "23700000", "interestAndDebtExpense": "None", "netIncomeFromContinuingOperations": "None", "comprehensiveIncomeNetOfTax": "None", "ebit": "625700000", "ebitda": "935100000", "netIncome": "194600000"}, {"fiscalDateEnding": "2015-09-30", "reportedCurrency": "USD", "grossProfit": "1345300000", "totalRevenue": "2695200000", "costOfRevenue": "1349900000", "costofGoodsAndServicesSold": "1349900000", "operatingIncome": "601100000", "sellingGeneralAndAdministrative": "537100000", "researchAndDevelopment": "174800000", "operatingExpenses": "744200000", "investmentIncomeNet": "None", "netInterestIncome": "None", "interestIncome": "None", "interestExpense": "95100000", "nonInterestIncome": "None", "otherNonOperatingIncome": "None", "depreciation": "None", "depreciationAndAmortization": "257700000", "incomeBeforeTax": "455100000", "incomeTaxExpense": "26500000", "interestAndDebtExpense": "None", "netIncomeFromContinuingOperations": "None", "comprehensiveIncomeNetOfTax": "None", "ebit": "642600000", "ebitda": "900300000", "netIncome": "428600000"}, {"fiscalDateEnding": "2015-06-30", "reportedCurrency": "USD", "grossProfit": "1041400000", "totalRevenue": "2371700000", "costOfRevenue": "1330300000", "costofGoodsAndServicesSold": "1330300000", "operatingIncome": "276600000", "sellingGeneralAndAdministrative": "564200000", "researchAndDevelopment": "168200000", "operatingExpenses": "764800000", "investmentIncomeNet": "None", "netInterestIncome": "None", "interestIncome": "None", "interestExpense": "93900000", "nonInterestIncome": "None", "otherNonOperatingIncome": "None", "depreciation": "None", "depreciationAndAmortization": "258700000", "incomeBeforeTax": "180700000", "incomeTaxExpense": "12800000", "interestAndDebtExpense": "None", "netIncomeFromContinuingOperations": "None", "comprehensiveIncomeNetOfTax": "None", "ebit": "333900000", "ebitda": "592600000", "netIncome": "167800000"}, {"fiscalDateEnding": "2015-03-31", "reportedCurrency": "USD", "grossProfit": "850400000", "totalRevenue": "1871700000", "costOfRevenue": "1021300000", "costofGoodsAndServicesSold": "1021300000", "operatingIncome": "159300000", "sellingGeneralAndAdministrative": "483200000", "researchAndDevelopment": "169900000", "operatingExpenses": "691100000", "investmentIncomeNet": "None", "netInterestIncome": "None", "interestIncome": "None", "interestExpense": "79500000", "nonInterestIncome": "None", "otherNonOperatingIncome": "None", "depreciation": "None", "depreciationAndAmortization": "175000000", "incomeBeforeTax": "61300000", "incomeTaxExpense": "4700000", "interestAndDebtExpense": "None", "netIncomeFromContinuingOperations": "None", "comprehensiveIncomeNetOfTax": "None", "ebit": "223000000", "ebitda": "398000000", "netIncome": "56600000"}, {"fiscalDateEnding": "2014-12-31", "reportedCurrency": "USD", "grossProfit": "1025699999", "totalRevenue": "2082699999", "costOfRevenue": "1057000000", "costofGoodsAndServicesSold": "1057000000", "operatingIncome": "392500000", "sellingGeneralAndAdministrative": "425600000", "researchAndDevelopment": "150200000", "operatingExpenses": "633199999", "investmentIncomeNet": "None", "netInterestIncome": "None", "interestIncome": "None", "interestExpense": "82000000", "nonInterestIncome": "None", "otherNonOperatingIncome": "None", "depreciation": "None", "depreciationAndAmortization": "140800001", "incomeBeforeTax": "272400000", "incomeTaxExpense": "81900000", "interestAndDebtExpense": "None", "netIncomeFromContinuingOperations": "None", "comprehensiveIncomeNetOfTax": "None", "ebit": "533799999", "ebitda": "674600000", "netIncome": "189200000"}, {"fiscalDateEnding": "2014-09-30", "reportedCurrency": "USD", "grossProfit": "1041500000", "totalRevenue": "2084000000", "costOfRevenue": "1042500000", "costofGoodsAndServicesSold": "1042500000", "operatingIncome": "495000000", "sellingGeneralAndAdministrative": "418300000", "researchAndDevelopment": "158200000", "operatingExpenses": "546500000", "investmentIncomeNet": "None", "netInterestIncome": "None", "interestIncome": "None", "interestExpense": "83900000", "nonInterestIncome": "None", "otherNonOperatingIncome": "None", "depreciation": "None", "depreciationAndAmortization": "133700000", "incomeBeforeTax": "412600000", "incomeTaxExpense": "86800000", "interestAndDebtExpense": "None", "netIncomeFromContinuingOperations": "None", "comprehensiveIncomeNetOfTax": "None", "ebit": "473700000", "ebitda": "607400000", "netIncome": "499100000"}, {"fiscalDateEnding": "2014-06-30", "reportedCurrency": "USD", "grossProfit": "836500000", "totalRevenue": "1837300000", "costOfRevenue": "1000800000", "costofGoodsAndServicesSold": "1000800000", "operatingIncome": "226100000", "sellingGeneralAndAdministrative": "404100000", "researchAndDevelopment": "155400000", "operatingExpenses": "610400000", "investmentIncomeNet": "None", "netInterestIncome": "None", "interestIncome": "None", "interestExpense": "84600000", "nonInterestIncome": "None", "otherNonOperatingIncome": "None", "depreciation": "None", "depreciationAndAmortization": "129200000", "incomeBeforeTax": "137800000", "incomeTaxExpense": "11200000", "interestAndDebtExpense": "None", "netIncomeFromContinuingOperations": "None", "comprehensiveIncomeNetOfTax": "None", "ebit": "314900000", "ebitda": "444100000", "netIncome": "125200000"}, {"fiscalDateEnding": "2014-03-31", "reportedCurrency": "USD", "grossProfit": "765700000", "totalRevenue": "1715600000", "costOfRevenue": "949900000", "costofGoodsAndServicesSold": "949900000", "operatingIncome": "239000000", "sellingGeneralAndAdministrative": "377700000", "researchAndDevelopment": "118000000", "operatingExpenses": "526700000", "investmentIncomeNet": "None", "netInterestIncome": "None", "interestIncome": "None", "interestExpense": "82700000", "nonInterestIncome": "None", "otherNonOperatingIncome": "None", "depreciation": "None", "depreciationAndAmortization": "135200000", "incomeBeforeTax": "151700000", "incomeTaxExpense": "35100000", "interestAndDebtExpense": "None", "netIncomeFromContinuingOperations": "None", "comprehensiveIncomeNetOfTax": "None", "ebit": "296100000", "ebitda": "431300000", "netIncome": "115900000"}, {"fiscalDateEnding": "2013-12-31", "reportedCurrency": "USD", "grossProfit": "836700000", "totalRevenue": "1808500000", "costOfRevenue": "971800000", "costofGoodsAndServicesSold": "971800000", "operatingIncome": "273200000", "sellingGeneralAndAdministrative": "380005000", "researchAndDevelopment": "155900000", "operatingExpenses": "563500000", "investmentIncomeNet": "None", "netInterestIncome": "None", "interestIncome": "None", "interestExpense": "79592000", "nonInterestIncome": "None", "otherNonOperatingIncome": "None", "depreciation": "None", "depreciationAndAmortization": "124100000", "incomeBeforeTax": "193100000", "incomeTaxExpense": "12200000", "interestAndDebtExpense": "None", "netIncomeFromContinuingOperations": "None", "comprehensiveIncomeNetOfTax": "None", "ebit": "384500000", "ebitda": "508600000", "netIncome": "180200000"}, {"fiscalDateEnding": "2013-09-30", "reportedCurrency": "USD", "grossProfit": "818100000", "totalRevenue": "1767400000", "costOfRevenue": "949300000", "costofGoodsAndServicesSold": "949300000", "operatingIncome": "339800000", "sellingGeneralAndAdministrative": "364868000", "researchAndDevelopment": "114000000", "operatingExpenses": "478300000", "investmentIncomeNet": "None", "netInterestIncome": "None", "interestIncome": "None", "interestExpense": "73900000", "nonInterestIncome": "None", "otherNonOperatingIncome": "None", "depreciation": "None", "depreciationAndAmortization": "126900000", "incomeBeforeTax": "195300000", "incomeTaxExpense": "35900000", "interestAndDebtExpense": "None", "netIncomeFromContinuingOperations": "None", "comprehensiveIncomeNetOfTax": "None", "ebit": "369900000", "ebitda": "496800000", "netIncome": "158900000"}, {"fiscalDateEnding": "2013-06-30", "reportedCurrency": "USD", "grossProfit": "742384000", "totalRevenue": "1701701000", "costOfRevenue": "959317000", "costofGoodsAndServicesSold": "959317000", "operatingIncome": "308619000", "sellingGeneralAndAdministrative": "315389000", "researchAndDevelopment": "111433000", "operatingExpenses": "426822000", "investmentIncomeNet": "None", "netInterestIncome": "None", "interestIncome": "None", "interestExpense": "81804000", "nonInterestIncome": "None", "otherNonOperatingIncome": "None", "depreciation": "None", "depreciationAndAmortization": "118070000", "incomeBeforeTax": "219623000", "incomeTaxExpense": "41007000", "interestAndDebtExpense": "None", "netIncomeFromContinuingOperations": "None", "comprehensiveIncomeNetOfTax": "None", "ebit": "308370000", "ebitda": "426440000", "netIncome": "177689000"}, {"fiscalDateEnding": "2013-03-31", "reportedCurrency": "USD", "grossProfit": "693490000", "totalRevenue": "1631490000", "costOfRevenue": "938000000", "costofGoodsAndServicesSold": "938000000", "operatingIncome": "213847000", "sellingGeneralAndAdministrative": "351367000", "researchAndDevelopment": "126486000", "operatingExpenses": "477853000", "investmentIncomeNet": "None", "netInterestIncome": "None", "interestIncome": "None", "interestExpense": "77987000", "nonInterestIncome": "None", "otherNonOperatingIncome": "None", "depreciation": "None", "depreciationAndAmortization": "128909000", "incomeBeforeTax": "139258000", "incomeTaxExpense": "31714000", "interestAndDebtExpense": "None", "netIncomeFromContinuingOperations": "None", "comprehensiveIncomeNetOfTax": "None", "ebit": "90126000", "ebitda": "219035000", "netIncome": "106882000"}, {"fiscalDateEnding": "2012-12-31", "reportedCurrency": "USD", "grossProfit": "742316000", "totalRevenue": "1722854000", "costOfRevenue": "980538000", "costofGoodsAndServicesSold": "980538000", "operatingIncome": "262650000", "sellingGeneralAndAdministrative": "362350000", "researchAndDevelopment": "117770000", "operatingExpenses": "480715000", "investmentIncomeNet": "None", "netInterestIncome": "None", "interestIncome": "None", "interestExpense": "74573000", "nonInterestIncome": "None", "otherNonOperatingIncome": "None", "depreciation": "None", "depreciationAndAmortization": "122486000", "incomeBeforeTax": "190856000", "incomeTaxExpense": "28696000", "interestAndDebtExpense": "None", "netIncomeFromContinuingOperations": "None", "comprehensiveIncomeNetOfTax": "None", "ebit": "141894000", "ebitda": "264380000", "netIncome": "161964000"}, {"fiscalDateEnding": "2012-09-30", "reportedCurrency": "USD", "grossProfit": "788525000", "totalRevenue": "1809772000", "costOfRevenue": "1021247000", "costofGoodsAndServicesSold": "1021247000", "operatingIncome": "329913000", "sellingGeneralAndAdministrative": "342412000", "researchAndDevelopment": "108250000", "operatingExpenses": "450662000", "investmentIncomeNet": "None", "netInterestIncome": "None", "interestIncome": "None", "interestExpense": "76051000", "nonInterestIncome": "None", "otherNonOperatingIncome": "None", "depreciation": "None", "depreciationAndAmortization": "173162000", "incomeBeforeTax": "264801000", "incomeTaxExpense": "52762000", "interestAndDebtExpense": "None", "netIncomeFromContinuingOperations": "None", "comprehensiveIncomeNetOfTax": "None", "ebit": "337863000", "ebitda": "511025000", "netIncome": "211257000"}, {"fiscalDateEnding": "2012-06-30", "reportedCurrency": "USD", "grossProfit": "699179000", "totalRevenue": "1691537000", "costOfRevenue": "992358000", "costofGoodsAndServicesSold": "992358000", "operatingIncome": "257808000", "sellingGeneralAndAdministrative": "359216000", "researchAndDevelopment": "94361000", "operatingExpenses": "453577000", "investmentIncomeNet": "None", "netInterestIncome": "None", "interestIncome": "None", "interestExpense": "75666000", "nonInterestIncome": "None", "otherNonOperatingIncome": "None", "depreciation": "None", "depreciationAndAmortization": "125135000", "incomeBeforeTax": "189979000", "incomeTaxExpense": "50843000", "interestAndDebtExpense": "None", "netIncomeFromContinuingOperations": "None", "comprehensiveIncomeNetOfTax": "None", "ebit": "245602000", "ebitda": "370737000", "netIncome": "138550000"}, {"fiscalDateEnding": "2012-03-31", "reportedCurrency": "USD", "grossProfit": "666273000", "totalRevenue": "1592408000", "costOfRevenue": "926135000", "costofGoodsAndServicesSold": "926135000", "operatingIncome": "246372000", "sellingGeneralAndAdministrative": "336769000", "researchAndDevelopment": "80959000", "operatingExpenses": "417728000", "investmentIncomeNet": "None", "netInterestIncome": "None", "interestIncome": "None", "interestExpense": "82409000", "nonInterestIncome": "None", "otherNonOperatingIncome": "None", "depreciation": "None", "depreciationAndAmortization": "125821000", "incomeBeforeTax": "158271000", "incomeTaxExpense": "28844000", "interestAndDebtExpense": "None", "netIncomeFromContinuingOperations": "None", "comprehensiveIncomeNetOfTax": "None", "ebit": "122724000", "ebitda": "248545000", "netIncome": "129079000"}, {"fiscalDateEnding": "2011-12-31", "reportedCurrency": "USD", "grossProfit": "644599000", "totalRevenue": "1531235000", "costOfRevenue": "886636000", "costofGoodsAndServicesSold": "886636000", "operatingIncome": "247396000", "sellingGeneralAndAdministrative": "301027000", "researchAndDevelopment": "76077000", "operatingExpenses": "377104000", "investmentIncomeNet": "None", "netInterestIncome": "None", "interestIncome": "None", "interestExpense": "81108000", "nonInterestIncome": "None", "otherNonOperatingIncome": "None", "depreciation": "None", "depreciationAndAmortization": "124237000", "incomeBeforeTax": "128876000", "incomeTaxExpense": "-1018000", "interestAndDebtExpense": "None", "netIncomeFromContinuingOperations": "None", "comprehensiveIncomeNetOfTax": "None", "ebit": "267495000", "ebitda": "391732000", "netIncome": "129491000"}, {"fiscalDateEnding": "2011-09-30", "reportedCurrency": "USD", "grossProfit": "658391000", "totalRevenue": "1575756000", "costOfRevenue": "917365000", "costofGoodsAndServicesSold": "917365000", "operatingIncome": "265908000", "sellingGeneralAndAdministrative": "319389000", "researchAndDevelopment": "70847000", "operatingExpenses": "390236000", "investmentIncomeNet": "None", "netInterestIncome": "None", "interestIncome": "None", "interestExpense": "85772000", "nonInterestIncome": "None", "otherNonOperatingIncome": "None", "depreciation": "None", "depreciationAndAmortization": "141574000", "incomeBeforeTax": "192209000", "incomeTaxExpense": "34831000", "interestAndDebtExpense": "None", "netIncomeFromContinuingOperations": "None", "comprehensiveIncomeNetOfTax": "None", "ebit": "268155000", "ebitda": "409729000", "netIncome": "156698000"}, {"fiscalDateEnding": "2011-06-30", "reportedCurrency": "USD", "grossProfit": "669429000", "totalRevenue": "1573877000", "costOfRevenue": "904448000", "costofGoodsAndServicesSold": "904448000", "operatingIncome": "280471000", "sellingGeneralAndAdministrative": "314220000", "researchAndDevelopment": "72494000", "operatingExpenses": "386714000", "investmentIncomeNet": "None", "netInterestIncome": "None", "interestIncome": "None", "interestExpense": "84654000", "nonInterestIncome": "None", "otherNonOperatingIncome": "None", "depreciation": "None", "depreciationAndAmortization": "125326000", "incomeBeforeTax": "203035000", "incomeTaxExpense": "56049000", "interestAndDebtExpense": "None", "netIncomeFromContinuingOperations": "None", "comprehensiveIncomeNetOfTax": "None", "ebit": "282715000", "ebitda": "408041000", "netIncome": "146446000"}, {"fiscalDateEnding": "2011-03-31", "reportedCurrency": "USD", "grossProfit": "590946000", "totalRevenue": "1448958000", "costOfRevenue": "858012000", "costofGoodsAndServicesSold": "858012000", "operatingIncome": "211675000", "sellingGeneralAndAdministrative": "279995000", "researchAndDevelopment": "75310000", "operatingExpenses": "355305000", "investmentIncomeNet": "None", "netInterestIncome": "None", "interestIncome": "None", "interestExpense": "84410000", "nonInterestIncome": "None", "otherNonOperatingIncome": "None", "depreciation": "None", "depreciationAndAmortization": "119551000", "incomeBeforeTax": "130516000", "incomeTaxExpense": "25971000", "interestAndDebtExpense": "None", "netIncomeFromContinuingOperations": "None", "comprehensiveIncomeNetOfTax": "None", "ebit": "235641000", "ebitda": "355192000", "netIncome": "104175000"}, {"fiscalDateEnding": "2010-12-31", "reportedCurrency": "USD", "grossProfit": "579192000", "totalRevenue": "1434499000", "costOfRevenue": "855307000", "costofGoodsAndServicesSold": "855307000", "operatingIncome": "94174000", "sellingGeneralAndAdministrative": "290189000", "researchAndDevelopment": "82070000", "operatingExpenses": "372259000", "investmentIncomeNet": "None", "netInterestIncome": "None", "interestIncome": "None", "interestExpense": "91477000", "nonInterestIncome": "None", "otherNonOperatingIncome": "None", "depreciation": "None", "depreciationAndAmortization": "112916000", "incomeBeforeTax": "-2044000", "incomeTaxExpense": "-22843000", "interestAndDebtExpense": "None", "netIncomeFromContinuingOperations": "None", "comprehensiveIncomeNetOfTax": "None", "ebit": "206933000", "ebitda": "319849000", "netIncome": "19847000"}, {"fiscalDateEnding": "2010-09-30", "reportedCurrency": "USD", "grossProfit": "580057000", "totalRevenue": "1355113000", "costOfRevenue": "775056000", "costofGoodsAndServicesSold": "775056000", "operatingIncome": "234318000", "sellingGeneralAndAdministrative": "272285000", "researchAndDevelopment": "71992000", "operatingExpenses": "344277000", "investmentIncomeNet": "None", "netInterestIncome": "None", "interestIncome": "None", "interestExpense": "87536000", "nonInterestIncome": "None", "otherNonOperatingIncome": "None", "depreciation": "None", "depreciationAndAmortization": "104939000", "incomeBeforeTax": "131513000", "incomeTaxExpense": "-12026000", "interestAndDebtExpense": "None", "netIncomeFromContinuingOperations": "None", "comprehensiveIncomeNetOfTax": "None", "ebit": "130841000", "ebitda": "235780000", "netIncome": "143183000"}, {"fiscalDateEnding": "2010-06-30", "reportedCurrency": "USD", "grossProfit": "541850000", "totalRevenue": "1368536000", "costOfRevenue": "826686000", "costofGoodsAndServicesSold": "826686000", "operatingIncome": "194586000", "sellingGeneralAndAdministrative": "268373000", "researchAndDevelopment": "66787000", "operatingExpenses": "335160000", "investmentIncomeNet": "None", "netInterestIncome": "None", "interestIncome": "None", "interestExpense": "78402000", "nonInterestIncome": "None", "otherNonOperatingIncome": "None", "depreciation": "None", "depreciationAndAmortization": "102467000", "incomeBeforeTax": "100945000", "incomeTaxExpense": "14012000", "interestAndDebtExpense": "None", "netIncomeFromContinuingOperations": "None", "comprehensiveIncomeNetOfTax": "None", "ebit": "104223000", "ebitda": "206690000", "netIncome": "86228000"}, {"fiscalDateEnding": "2010-03-31", "reportedCurrency": "USD", "grossProfit": "516298000", "totalRevenue": "1292374000", "costOfRevenue": "776076000", "costofGoodsAndServicesSold": "776076000", "operatingIncome": "198507000", "sellingGeneralAndAdministrative": "255761000", "researchAndDevelopment": "61296000", "operatingExpenses": "317057000", "investmentIncomeNet": "None", "netInterestIncome": "None", "interestIncome": "None", "interestExpense": "74047000", "nonInterestIncome": "None", "otherNonOperatingIncome": "None", "depreciation": "None", "depreciationAndAmortization": "102466000", "incomeBeforeTax": "125529000", "incomeTaxExpense": "31259000", "interestAndDebtExpense": "None", "netIncomeFromContinuingOperations": "None", "comprehensiveIncomeNetOfTax": "None", "ebit": "96775000", "ebitda": "199241000", "netIncome": "95857000"}, {"fiscalDateEnding": "2009-12-31", "reportedCurrency": "USD", "grossProfit": "515992000", "totalRevenue": "1351817000", "costOfRevenue": "835825000", "costofGoodsAndServicesSold": "835825000", "operatingIncome": "60020000", "sellingGeneralAndAdministrative": "269192000", "researchAndDevelopment": "72593000", "operatingExpenses": "341785000", "investmentIncomeNet": "None", "netInterestIncome": "None", "interestIncome": "None", "interestExpense": "78287000", "nonInterestIncome": "None", "otherNonOperatingIncome": "None", "depreciation": "None", "depreciationAndAmortization": "104208000", "incomeBeforeTax": "-25889000", "incomeTaxExpense": "-73312000", "interestAndDebtExpense": "None", "netIncomeFromContinuingOperations": "None", "comprehensiveIncomeNetOfTax": "None", "ebit": "174207000", "ebitda": "278415000", "netIncome": "38904000"}, {"fiscalDateEnding": "2009-09-30", "reportedCurrency": "USD", "grossProfit": "504980000", "totalRevenue": "1264074000", "costOfRevenue": "759094000", "costofGoodsAndServicesSold": "759094000", "operatingIncome": "61278000", "sellingGeneralAndAdministrative": "259609000", "researchAndDevelopment": "69812000", "operatingExpenses": "329421000", "investmentIncomeNet": "None", "netInterestIncome": "None", "interestIncome": "None", "interestExpense": "77034000", "nonInterestIncome": "None", "otherNonOperatingIncome": "None", "depreciation": "None", "depreciationAndAmortization": "103588000", "incomeBeforeTax": "-15513000", "incomeTaxExpense": "-11092000", "interestAndDebtExpense": "None", "netIncomeFromContinuingOperations": "None", "comprehensiveIncomeNetOfTax": "None", "ebit": "71971000", "ebitda": "175559000", "netIncome": "-5262000"}, {"fiscalDateEnding": "2009-06-30", "reportedCurrency": "USD", "grossProfit": "527767000", "totalRevenue": "1266977000", "costOfRevenue": "739210000", "costofGoodsAndServicesSold": "739210000", "operatingIncome": "174713000", "sellingGeneralAndAdministrative": "279038000", "researchAndDevelopment": "74016000", "operatingExpenses": "353688000", "investmentIncomeNet": "None", "netInterestIncome": "None", "interestIncome": "None", "interestExpense": "78172000", "nonInterestIncome": "None", "otherNonOperatingIncome": "None", "depreciation": "None", "depreciationAndAmortization": "98724000", "incomeBeforeTax": "121849000", "incomeTaxExpense": "26178000", "interestAndDebtExpense": "None", "netIncomeFromContinuingOperations": "None", "comprehensiveIncomeNetOfTax": "None", "ebit": "75355000", "ebitda": "174079000", "netIncome": "92870000"}, {"fiscalDateEnding": "2009-03-31", "reportedCurrency": "USD", "grossProfit": "525733000", "totalRevenue": "1209917000", "costOfRevenue": "684184000", "costofGoodsAndServicesSold": "684184000", "operatingIncome": "227341000", "sellingGeneralAndAdministrative": "239556000", "researchAndDevelopment": "58836000", "operatingExpenses": "298392000", "investmentIncomeNet": "None", "netInterestIncome": "None", "interestIncome": "None", "interestExpense": "85002000", "nonInterestIncome": "None", "otherNonOperatingIncome": "None", "depreciation": "None", "depreciationAndAmortization": "94637000", "incomeBeforeTax": "146528000", "incomeTaxExpense": "37454000", "interestAndDebtExpense": "None", "netIncomeFromContinuingOperations": "None", "comprehensiveIncomeNetOfTax": "None", "ebit": "132704000", "ebitda": "227341000", "netIncome": "106058000"}, {"fiscalDateEnding": "2008-12-31", "reportedCurrency": "USD", "grossProfit": "394654000", "totalRevenue": "1203155000", "costOfRevenue": "808501000", "costofGoodsAndServicesSold": "808501000", "operatingIncome": "34591000", "sellingGeneralAndAdministrative": "265532000", "researchAndDevelopment": "77897000", "operatingExpenses": "-41571000", "investmentIncomeNet": "None", "netInterestIncome": "None", "interestIncome": "None", "interestExpense": "92256000", "nonInterestIncome": "None", "otherNonOperatingIncome": "None", "depreciation": "None", "depreciationAndAmortization": "97488000", "incomeBeforeTax": "-66911000", "incomeTaxExpense": "-59955000", "interestAndDebtExpense": "None", "netIncomeFromContinuingOperations": "None", "comprehensiveIncomeNetOfTax": "None", "ebit": "71808000", "ebitda": "169296000", "netIncome": "-5191000"}, {"fiscalDateEnding": "2008-09-30", "reportedCurrency": "USD", "grossProfit": "911137000", "totalRevenue": "1656848000", "costOfRevenue": "745711000", "costofGoodsAndServicesSold": "745711000", "operatingIncome": "560832000", "sellingGeneralAndAdministrative": "275584000", "researchAndDevelopment": "74721000", "operatingExpenses": "350305000", "investmentIncomeNet": "None", "netInterestIncome": "None", "interestIncome": "None", "interestExpense": "87553000", "nonInterestIncome": "None", "otherNonOperatingIncome": "None", "depreciation": "None", "depreciationAndAmortization": "107605000", "incomeBeforeTax": "479045000", "incomeTaxExpense": "272438000", "interestAndDebtExpense": "None", "netIncomeFromContinuingOperations": "None", "comprehensiveIncomeNetOfTax": "None", "ebit": "453227000", "ebitda": "560832000", "netIncome": "206758000"}, {"fiscalDateEnding": "2008-06-30", "reportedCurrency": "USD", "grossProfit": "414210000", "totalRevenue": "1203122000", "costOfRevenue": "788912000", "costofGoodsAndServicesSold": "788912000", "operatingIncome": "74000000", "sellingGeneralAndAdministrative": "259457000", "researchAndDevelopment": "80753000", "operatingExpenses": "340210000", "investmentIncomeNet": "None", "netInterestIncome": "None", "interestIncome": "None", "interestExpense": "86489000", "nonInterestIncome": "None", "otherNonOperatingIncome": "None", "depreciation": "None", "depreciationAndAmortization": "109676000", "incomeBeforeTax": "-4634000", "incomeTaxExpense": "-30955000", "interestAndDebtExpense": "None", "netIncomeFromContinuingOperations": "None", "comprehensiveIncomeNetOfTax": "None", "ebit": "66145000", "ebitda": "175821000", "netIncome": "26393000"}, {"fiscalDateEnding": "2008-03-31", "reportedCurrency": "USD", "grossProfit": "350221000", "totalRevenue": "1074461000", "costOfRevenue": "724240000", "costofGoodsAndServicesSold": "724240000", "operatingIncome": "-371536000", "sellingGeneralAndAdministrative": "252913000", "researchAndDevelopment": "83844000", "operatingExpenses": "721757000", "investmentIncomeNet": "None", "netInterestIncome": "None", "interestIncome": "None", "interestExpense": "90747000", "nonInterestIncome": "None", "otherNonOperatingIncome": "None", "depreciation": "None", "depreciationAndAmortization": "110510000", "incomeBeforeTax": "-455322000", "incomeTaxExpense": "-44105000", "interestAndDebtExpense": "None", "netIncomeFromContinuingOperations": "None", "comprehensiveIncomeNetOfTax": "None", "ebit": "6503000", "ebitda": "117013000", "netIncome": "-409175000"}, {"fiscalDateEnding": "2007-09-30", "reportedCurrency": "USD", "grossProfit": "221641000", "totalRevenue": "477091000", "costOfRevenue": "255450000", "costofGoodsAndServicesSold": "255450000", "operatingIncome": "91896000", "sellingGeneralAndAdministrative": "97016000", "researchAndDevelopment": "33577000", "operatingExpenses": "129745000", "investmentIncomeNet": "None", "netInterestIncome": "None", "interestIncome": "None", "interestExpense": "23107000", "nonInterestIncome": "None", "otherNonOperatingIncome": "None", "depreciation": "None", "depreciationAndAmortization": "27341000", "incomeBeforeTax": "235621000", "incomeTaxExpense": "88498000", "interestAndDebtExpense": "None", "netIncomeFromContinuingOperations": "None", "comprehensiveIncomeNetOfTax": "None", "ebit": "-75784000", "ebitda": "-48443000", "netIncome": "149827000"}, {"fiscalDateEnding": "2007-06-30", "reportedCurrency": "USD", "grossProfit": "296708000", "totalRevenue": "546321000", "costOfRevenue": "249613000", "costofGoodsAndServicesSold": "249613000", "operatingIncome": "188074000", "sellingGeneralAndAdministrative": "76914000", "researchAndDevelopment": "31720000", "operatingExpenses": "108634000", "investmentIncomeNet": "None", "netInterestIncome": "None", "interestIncome": "None", "interestExpense": "22919000", "nonInterestIncome": "None", "otherNonOperatingIncome": "None", "depreciation": "None", "depreciationAndAmortization": "26868000", "incomeBeforeTax": "128797000", "incomeTaxExpense": "49207000", "interestAndDebtExpense": "None", "netIncomeFromContinuingOperations": "None", "comprehensiveIncomeNetOfTax": "None", "ebit": "224432000", "ebitda": "251300000", "netIncome": "79727000"}, {"fiscalDateEnding": "2007-03-31", "reportedCurrency": "USD", "grossProfit": "234847000", "totalRevenue": "487262000", "costOfRevenue": "252415000", "costofGoodsAndServicesSold": "252415000", "operatingIncome": "-7793000", "sellingGeneralAndAdministrative": "62754000", "researchAndDevelopment": "36848000", "operatingExpenses": "95640000", "investmentIncomeNet": "None", "netInterestIncome": "None", "interestIncome": "None", "interestExpense": "290335000", "nonInterestIncome": "None", "otherNonOperatingIncome": "None", "depreciation": "None", "depreciationAndAmortization": "24504000", "incomeBeforeTax": "-18328000", "incomeTaxExpense": "52750000", "interestAndDebtExpense": "None", "netIncomeFromContinuingOperations": "None", "comprehensiveIncomeNetOfTax": "None", "ebit": "271796000", "ebitda": "296300000", "netIncome": "-71289000"}, {"fiscalDateEnding": "2006-12-31", "reportedCurrency": "USD", "grossProfit": "224531000", "totalRevenue": "401761000", "costOfRevenue": "177230000", "costofGoodsAndServicesSold": "177230000", "operatingIncome": "183652000", "sellingGeneralAndAdministrative": "52602000", "researchAndDevelopment": "22922000", "operatingExpenses": "40879000", "investmentIncomeNet": "None", "netInterestIncome": "None", "interestIncome": "None", "interestExpense": "10491000", "nonInterestIncome": "None", "otherNonOperatingIncome": "None", "depreciation": "None", "depreciationAndAmortization": "13121000", "incomeBeforeTax": "205583000", "incomeTaxExpense": "70138000", "interestAndDebtExpense": "None", "netIncomeFromContinuingOperations": "None", "comprehensiveIncomeNetOfTax": "None", "ebit": "116585000", "ebitda": "129706000", "netIncome": "135445000"}, {"fiscalDateEnding": "2006-09-30", "reportedCurrency": "USD", "grossProfit": "196090000", "totalRevenue": "366657000", "costOfRevenue": "170567000", "costofGoodsAndServicesSold": "170567000", "operatingIncome": "134546000", "sellingGeneralAndAdministrative": "50348000", "researchAndDevelopment": "22696000", "operatingExpenses": "61544000", "investmentIncomeNet": "None", "netInterestIncome": "None", "interestIncome": "None", "interestExpense": "10441000", "nonInterestIncome": "None", "otherNonOperatingIncome": "None", "depreciation": "None", "depreciationAndAmortization": "12100000", "incomeBeforeTax": "121883000", "incomeTaxExpense": "44342000", "interestAndDebtExpense": "None", "netIncomeFromContinuingOperations": "None", "comprehensiveIncomeNetOfTax": "None", "ebit": "125268000", "ebitda": "137368000", "netIncome": "77541000"}, {"fiscalDateEnding": "2006-06-30", "reportedCurrency": "USD", "grossProfit": "188200000", "totalRevenue": "356140000", "costOfRevenue": "167940000", "costofGoodsAndServicesSold": "167940000", "operatingIncome": "117149000", "sellingGeneralAndAdministrative": "49826000", "researchAndDevelopment": "21225000", "operatingExpenses": "71051000", "investmentIncomeNet": "None", "netInterestIncome": "None", "interestIncome": "None", "interestExpense": "10359000", "nonInterestIncome": "None", "otherNonOperatingIncome": "None", "depreciation": "None", "depreciationAndAmortization": "11787000", "incomeBeforeTax": "116374000", "incomeTaxExpense": "40787000", "interestAndDebtExpense": "None", "netIncomeFromContinuingOperations": "None", "comprehensiveIncomeNetOfTax": "None", "ebit": "107565000", "ebitda": "119352000", "netIncome": "75587000"}, {"fiscalDateEnding": "2006-03-31", "reportedCurrency": "USD", "grossProfit": "160755000", "totalRevenue": "324546000", "costOfRevenue": "163791000", "costofGoodsAndServicesSold": "163791000", "operatingIncome": "91801000", "sellingGeneralAndAdministrative": "49414000", "researchAndDevelopment": "19530000", "operatingExpenses": "68954000", "investmentIncomeNet": "None", "netInterestIncome": "None", "interestIncome": "None", "interestExpense": "11722000", "nonInterestIncome": "None", "otherNonOperatingIncome": "None", "depreciation": "None", "depreciationAndAmortization": "11693000", "incomeBeforeTax": "84161000", "incomeTaxExpense": "26511000", "interestAndDebtExpense": "None", "netIncomeFromContinuingOperations": "None", "comprehensiveIncomeNetOfTax": "None", "ebit": "87729000", "ebitda": "99422000", "netIncome": "57650000"}, {"fiscalDateEnding": "2005-12-31", "reportedCurrency": "USD", "grossProfit": "155797000", "totalRevenue": "311246000", "costOfRevenue": "155449000", "costofGoodsAndServicesSold": "155449000", "operatingIncome": "78038000", "sellingGeneralAndAdministrative": "48132000", "researchAndDevelopment": "29282000", "operatingExpenses": "77759000", "investmentIncomeNet": "None", "netInterestIncome": "None", "interestIncome": "None", "interestExpense": "10621000", "nonInterestIncome": "None", "otherNonOperatingIncome": "None", "depreciation": "None", "depreciationAndAmortization": "11206000", "incomeBeforeTax": "71934000", "incomeTaxExpense": "23727000", "interestAndDebtExpense": "None", "netIncomeFromContinuingOperations": "None", "comprehensiveIncomeNetOfTax": "None", "ebit": "73866000", "ebitda": "85072000", "netIncome": "48207000"}, {"fiscalDateEnding": "2005-09-30", "reportedCurrency": "USD", "grossProfit": "143231000", "totalRevenue": "297994000", "costOfRevenue": "154763000", "costofGoodsAndServicesSold": "154763000", "operatingIncome": "57983000", "sellingGeneralAndAdministrative": "57089000", "researchAndDevelopment": "28159000", "operatingExpenses": "85248000", "investmentIncomeNet": "None", "netInterestIncome": "None", "interestIncome": "None", "interestExpense": "248000", "nonInterestIncome": "None", "otherNonOperatingIncome": "None", "depreciation": "None", "depreciationAndAmortization": "12423000", "incomeBeforeTax": "53388000", "incomeTaxExpense": "17618000", "interestAndDebtExpense": "None", "netIncomeFromContinuingOperations": "None", "comprehensiveIncomeNetOfTax": "None", "ebit": "53636000", "ebitda": "66059000", "netIncome": "35770000"}, {"fiscalDateEnding": "2005-06-30", "reportedCurrency": "USD", "grossProfit": "167954000", "totalRevenue": "323378000", "costOfRevenue": "155424000", "costofGoodsAndServicesSold": "155424000", "operatingIncome": "59565000", "sellingGeneralAndAdministrative": "71302000", "researchAndDevelopment": "25087000", "operatingExpenses": "108389000", "investmentIncomeNet": "None", "netInterestIncome": "None", "interestIncome": "None", "interestExpense": "888000", "nonInterestIncome": "None", "otherNonOperatingIncome": "None", "depreciation": "None", "depreciationAndAmortization": "11505000", "incomeBeforeTax": "65121000", "incomeTaxExpense": "22206000", "interestAndDebtExpense": "None", "netIncomeFromContinuingOperations": "None", "comprehensiveIncomeNetOfTax": "None", "ebit": "66009000", "ebitda": "77514000", "netIncome": "42915000"}, {"fiscalDateEnding": "2005-03-31", "reportedCurrency": "USD", "grossProfit": "153187000", "totalRevenue": "316435000", "costOfRevenue": "163248000", "costofGoodsAndServicesSold": "163248000", "operatingIncome": "53169000", "sellingGeneralAndAdministrative": "78846000", "researchAndDevelopment": "21177000", "operatingExpenses": "100018000", "investmentIncomeNet": "None", "netInterestIncome": "None", "interestIncome": "None", "interestExpense": "7567000", "nonInterestIncome": "None", "otherNonOperatingIncome": "None", "depreciation": "None", "depreciationAndAmortization": "11674000", "incomeBeforeTax": "56950000", "incomeTaxExpense": "18815000", "interestAndDebtExpense": "None", "netIncomeFromContinuingOperations": "None", "comprehensiveIncomeNetOfTax": "None", "ebit": "49383000", "ebitda": "61057000", "netIncome": "38135000"}, {"fiscalDateEnding": "2004-12-31", "reportedCurrency": "USD", "grossProfit": "135347000", "totalRevenue": "290972000", "costOfRevenue": "155625000", "costofGoodsAndServicesSold": "155625000", "operatingIncome": "48982000", "sellingGeneralAndAdministrative": "63198000", "researchAndDevelopment": "23167000", "operatingExpenses": "86365000", "investmentIncomeNet": "None", "netInterestIncome": "None", "interestIncome": "None", "interestExpense": "7398000", "nonInterestIncome": "None", "otherNonOperatingIncome": "None", "depreciation": "None", "depreciationAndAmortization": "11377000", "incomeBeforeTax": "52681000", "incomeTaxExpense": "17911000", "interestAndDebtExpense": "None", "netIncomeFromContinuingOperations": "None", "comprehensiveIncomeNetOfTax": "None", "ebit": "45283000", "ebitda": "56660000", "netIncome": "34770000"}, {"fiscalDateEnding": "2004-09-30", "reportedCurrency": "USD", "grossProfit": "155253000", "totalRevenue": "306955000", "costOfRevenue": "151702000", "costofGoodsAndServicesSold": "151702000", "operatingIncome": "73523000", "sellingGeneralAndAdministrative": "59688000", "researchAndDevelopment": "22042000", "operatingExpenses": "81730000", "investmentIncomeNet": "None", "netInterestIncome": "None", "interestIncome": "None", "interestExpense": "3820000", "nonInterestIncome": "None", "otherNonOperatingIncome": "None", "depreciation": "None", "depreciationAndAmortization": "11088000", "incomeBeforeTax": "75433000", "incomeTaxExpense": "26779000", "interestAndDebtExpense": "None", "netIncomeFromContinuingOperations": "None", "comprehensiveIncomeNetOfTax": "None", "ebit": "71613000", "ebitda": "82701000", "netIncome": "48654000"}]}