{"symbol": "EBAY", "annualReports": [{"fiscalDateEnding": "2024-12-31", "reportedCurrency": "USD", "grossProfit": "7403000000", "totalRevenue": "10283000000", "costOfRevenue": "2880000000", "costofGoodsAndServicesSold": "2880000000", "operatingIncome": "2318000000", "sellingGeneralAndAdministrative": "914000000", "researchAndDevelopment": "1479000000", "operatingExpenses": "5085000000", "investmentIncomeNet": "None", "netInterestIncome": "13000000", "interestIncome": "272000000", "interestExpense": "259000000", "nonInterestIncome": "None", "otherNonOperatingIncome": "None", "depreciation": "None", "depreciationAndAmortization": "324000000", "incomeBeforeTax": "2278000000", "incomeTaxExpense": "297000000", "interestAndDebtExpense": "None", "netIncomeFromContinuingOperations": "1981000000", "comprehensiveIncomeNetOfTax": "None", "ebit": "2537000000", "ebitda": "2861000000", "netIncome": "1975000000"}, {"fiscalDateEnding": "2023-12-31", "reportedCurrency": "USD", "grossProfit": "7279000000", "totalRevenue": "10112000000", "costOfRevenue": "2833000000", "costofGoodsAndServicesSold": "2833000000", "operatingIncome": "1941000000", "sellingGeneralAndAdministrative": "1196000000", "researchAndDevelopment": "1544000000", "operatingExpenses": "5338000000", "investmentIncomeNet": "None", "netInterestIncome": "-59000000", "interestIncome": "204000000", "interestExpense": "263000000", "nonInterestIncome": "None", "otherNonOperatingIncome": "None", "depreciation": "None", "depreciationAndAmortization": "403000000", "incomeBeforeTax": "3707000000", "incomeTaxExpense": "932000000", "interestAndDebtExpense": "None", "netIncomeFromContinuingOperations": "2775000000", "comprehensiveIncomeNetOfTax": "None", "ebit": "3970000000", "ebitda": "4373000000", "netIncome": "2767000000"}, {"fiscalDateEnding": "2022-12-31", "reportedCurrency": "USD", "grossProfit": "7115000000", "totalRevenue": "9795000000", "costOfRevenue": "2680000000", "costofGoodsAndServicesSold": "2680000000", "operatingIncome": "2350000000", "sellingGeneralAndAdministrative": "963000000", "researchAndDevelopment": "1330000000", "operatingExpenses": "4765000000", "investmentIncomeNet": "None", "netInterestIncome": "-165000000", "interestIncome": "73000000", "interestExpense": "235000000", "nonInterestIncome": "None", "otherNonOperatingIncome": "None", "depreciation": "None", "depreciationAndAmortization": "442000000", "incomeBeforeTax": "-1601000000", "incomeTaxExpense": "-327000000", "interestAndDebtExpense": "None", "netIncomeFromContinuingOperations": "-1274000000", "comprehensiveIncomeNetOfTax": "None", "ebit": "-1366000000", "ebitda": "-924000000", "netIncome": "-1269000000"}, {"fiscalDateEnding": "2021-12-31", "reportedCurrency": "USD", "grossProfit": "7770000000", "totalRevenue": "10420000000", "costOfRevenue": "2650000000", "costofGoodsAndServicesSold": "2650000000", "operatingIncome": "2923000000", "sellingGeneralAndAdministrative": "921000000", "researchAndDevelopment": "1325000000", "operatingExpenses": "4847000000", "investmentIncomeNet": "None", "netInterestIncome": "-160000000", "interestIncome": "19000000", "interestExpense": "269000000", "nonInterestIncome": "None", "otherNonOperatingIncome": "None", "depreciation": "None", "depreciationAndAmortization": "502000000", "incomeBeforeTax": "398000000", "incomeTaxExpense": "146000000", "interestAndDebtExpense": "None", "netIncomeFromContinuingOperations": "252000000", "comprehensiveIncomeNetOfTax": "None", "ebit": "667000000", "ebitda": "1169000000", "netIncome": "13608000000"}, {"fiscalDateEnding": "2020-12-31", "reportedCurrency": "USD", "grossProfit": "7097000000", "totalRevenue": "8894000000", "costOfRevenue": "1797000000", "costofGoodsAndServicesSold": "1797000000", "operatingIncome": "2636000000", "sellingGeneralAndAdministrative": "985000000", "researchAndDevelopment": "1028000000", "operatingExpenses": "4461000000", "investmentIncomeNet": "None", "netInterestIncome": "-298000000", "interestIncome": "39000000", "interestExpense": "304000000", "nonInterestIncome": "None", "otherNonOperatingIncome": "None", "depreciation": "None", "depreciationAndAmortization": "583000000", "incomeBeforeTax": "3345000000", "incomeTaxExpense": "858000000", "interestAndDebtExpense": "None", "netIncomeFromContinuingOperations": "2542000000", "comprehensiveIncomeNetOfTax": "None", "ebit": "3649000000", "ebitda": "4232000000", "netIncome": "5667000000"}, {"fiscalDateEnding": "2019-12-31", "reportedCurrency": "USD", "grossProfit": "5844000000", "totalRevenue": "7429000000", "costOfRevenue": "1585000000", "costofGoodsAndServicesSold": "1585000000", "operatingIncome": "1770000000", "sellingGeneralAndAdministrative": "988000000", "researchAndDevelopment": "930000000", "operatingExpenses": "4074000000", "investmentIncomeNet": "None", "netInterestIncome": "-191000000", "interestIncome": "120000000", "interestExpense": "311000000", "nonInterestIncome": "None", "otherNonOperatingIncome": "None", "depreciation": "None", "depreciationAndAmortization": "600000000", "incomeBeforeTax": "1652000000", "incomeTaxExpense": "219000000", "interestAndDebtExpense": "None", "netIncomeFromContinuingOperations": "1792000000", "comprehensiveIncomeNetOfTax": "None", "ebit": "1963000000", "ebitda": "2563000000", "netIncome": "1786000000"}, {"fiscalDateEnding": "2018-12-31", "reportedCurrency": "USD", "grossProfit": "6627000000", "totalRevenue": "8650000000", "costOfRevenue": "2023000000", "costofGoodsAndServicesSold": "2023000000", "operatingIncome": "1752000000", "sellingGeneralAndAdministrative": "979000000", "researchAndDevelopment": "1051000000", "operatingExpenses": "4875000000", "investmentIncomeNet": "None", "netInterestIncome": "-150000000", "interestIncome": "176000000", "interestExpense": "342000000", "nonInterestIncome": "None", "otherNonOperatingIncome": "None", "depreciation": "None", "depreciationAndAmortization": "635000000", "incomeBeforeTax": "2249000000", "incomeTaxExpense": "121000000", "interestAndDebtExpense": "None", "netIncomeFromContinuingOperations": "2528000000", "comprehensiveIncomeNetOfTax": "None", "ebit": "2591000000", "ebitda": "3226000000", "netIncome": "2530000000"}, {"fiscalDateEnding": "2017-12-31", "reportedCurrency": "USD", "grossProfit": "7706000000", "totalRevenue": "9927000000", "costOfRevenue": "2221000000", "costofGoodsAndServicesSold": "2221000000", "operatingIncome": "2264000000", "sellingGeneralAndAdministrative": "1030000000", "researchAndDevelopment": "1224000000", "operatingExpenses": "5442000000", "investmentIncomeNet": "None", "netInterestIncome": "-115000000", "interestIncome": "177000000", "interestExpense": "292000000", "nonInterestIncome": "None", "otherNonOperatingIncome": "None", "depreciation": "None", "depreciationAndAmortization": "676000000", "incomeBeforeTax": "2275000000", "incomeTaxExpense": "3288000000", "interestAndDebtExpense": "None", "netIncomeFromContinuingOperations": "-1012000000", "comprehensiveIncomeNetOfTax": "None", "ebit": "2567000000", "ebitda": "3243000000", "netIncome": "-1017000000"}, {"fiscalDateEnding": "2016-12-31", "reportedCurrency": "USD", "grossProfit": "7294000000", "totalRevenue": "9298000000", "costOfRevenue": "2004000000", "costofGoodsAndServicesSold": "2004000000", "operatingIncome": "2325000000", "sellingGeneralAndAdministrative": "899000000", "researchAndDevelopment": "1114000000", "operatingExpenses": "4969000000", "investmentIncomeNet": "None", "netInterestIncome": "-100000000", "interestIncome": "125000000", "interestExpense": "225000000", "nonInterestIncome": "None", "otherNonOperatingIncome": "None", "depreciation": "None", "depreciationAndAmortization": "682000000", "incomeBeforeTax": "3651000000", "incomeTaxExpense": "-3634000000", "interestAndDebtExpense": "None", "netIncomeFromContinuingOperations": "7285000000", "comprehensiveIncomeNetOfTax": "None", "ebit": "3876000000", "ebitda": "4558000000", "netIncome": "7266000000"}, {"fiscalDateEnding": "2015-12-31", "reportedCurrency": "USD", "grossProfit": "6821000000", "totalRevenue": "8592000000", "costOfRevenue": "1771000000", "costofGoodsAndServicesSold": "1771000000", "operatingIncome": "2197000000", "sellingGeneralAndAdministrative": "1122000000", "researchAndDevelopment": "923000000", "operatingExpenses": "4624000000", "investmentIncomeNet": "None", "netInterestIncome": "None", "interestIncome": "220000000", "interestExpense": "144000000", "nonInterestIncome": "None", "otherNonOperatingIncome": "None", "depreciation": "None", "depreciationAndAmortization": "687000000", "incomeBeforeTax": "2406000000", "incomeTaxExpense": "459000000", "interestAndDebtExpense": "None", "netIncomeFromContinuingOperations": "1947000000", "comprehensiveIncomeNetOfTax": "None", "ebit": "2550000000", "ebitda": "3237000000", "netIncome": "1725000000"}, {"fiscalDateEnding": "2014-12-31", "reportedCurrency": "USD", "grossProfit": "7127000000", "totalRevenue": "8790000000", "costOfRevenue": "1663000000", "costofGoodsAndServicesSold": "1663000000", "operatingIncome": "2476000000", "sellingGeneralAndAdministrative": "889000000", "researchAndDevelopment": "983000000", "operatingExpenses": "4651000000", "investmentIncomeNet": "None", "netInterestIncome": "None", "interestIncome": "None", "interestExpense": "109000000", "nonInterestIncome": "None", "otherNonOperatingIncome": "None", "depreciation": "None", "depreciationAndAmortization": "682000000", "incomeBeforeTax": "2515000000", "incomeTaxExpense": "3380000000", "interestAndDebtExpense": "None", "netIncomeFromContinuingOperations": "46000000", "comprehensiveIncomeNetOfTax": "None", "ebit": "2624000000", "ebitda": "3306000000", "netIncome": "46000000"}, {"fiscalDateEnding": "2013-12-31", "reportedCurrency": "USD", "grossProfit": "6765000000", "totalRevenue": "8257000000", "costOfRevenue": "1492000000", "costofGoodsAndServicesSold": "1492000000", "operatingIncome": "2454000000", "sellingGeneralAndAdministrative": "880000000", "researchAndDevelopment": "915000000", "operatingExpenses": "4311000000", "investmentIncomeNet": "None", "netInterestIncome": "None", "interestIncome": "None", "interestExpense": "95000000", "nonInterestIncome": "None", "otherNonOperatingIncome": "None", "depreciation": "None", "depreciationAndAmortization": "660000000", "incomeBeforeTax": "2571000000", "incomeTaxExpense": "504000000", "interestAndDebtExpense": "None", "netIncomeFromContinuingOperations": "2856000000", "comprehensiveIncomeNetOfTax": "None", "ebit": "2666000000", "ebitda": "3326000000", "netIncome": "2856000000"}, {"fiscalDateEnding": "2012-12-31", "reportedCurrency": "USD", "grossProfit": "9856000000", "totalRevenue": "14072000000", "costOfRevenue": "4216000000", "costofGoodsAndServicesSold": "4216000000", "operatingIncome": "2888000000", "sellingGeneralAndAdministrative": "1567000000", "researchAndDevelopment": "1573000000", "operatingExpenses": "6968000000", "investmentIncomeNet": "None", "netInterestIncome": "None", "interestIncome": "None", "interestExpense": "63000000", "nonInterestIncome": "None", "otherNonOperatingIncome": "None", "depreciation": "None", "depreciationAndAmortization": "1200000000", "incomeBeforeTax": "3084000000", "incomeTaxExpense": "475000000", "interestAndDebtExpense": "None", "netIncomeFromContinuingOperations": "2609000000", "comprehensiveIncomeNetOfTax": "None", "ebit": "3147000000", "ebitda": "4347000000", "netIncome": "2609000000"}, {"fiscalDateEnding": "2011-12-31", "reportedCurrency": "USD", "grossProfit": "8191000000", "totalRevenue": "11652000000", "costOfRevenue": "3461000000", "costofGoodsAndServicesSold": "3461000000", "operatingIncome": "2373000000", "sellingGeneralAndAdministrative": "1364000000", "researchAndDevelopment": "1235000000", "operatingExpenses": "5818000000", "investmentIncomeNet": "None", "netInterestIncome": "None", "interestIncome": "None", "interestExpense": "25000000", "nonInterestIncome": "None", "otherNonOperatingIncome": "None", "depreciation": "None", "depreciationAndAmortization": "940000000", "incomeBeforeTax": "3910000000", "incomeTaxExpense": "681000000", "interestAndDebtExpense": "None", "netIncomeFromContinuingOperations": "None", "comprehensiveIncomeNetOfTax": "None", "ebit": "3935000000", "ebitda": "4875000000", "netIncome": "3229000000"}, {"fiscalDateEnding": "2010-12-31", "reportedCurrency": "USD", "grossProfit": "6592000000", "totalRevenue": "9156000000", "costOfRevenue": "2564000000", "costofGoodsAndServicesSold": "2564000000", "operatingIncome": "2054000000", "sellingGeneralAndAdministrative": "1101000000", "researchAndDevelopment": "908000000", "operatingExpenses": "4538000000", "investmentIncomeNet": "None", "netInterestIncome": "None", "interestIncome": "None", "interestExpense": "4000000", "nonInterestIncome": "None", "otherNonOperatingIncome": "44876000", "depreciation": "None", "depreciationAndAmortization": "762000000", "incomeBeforeTax": "2098000000", "incomeTaxExpense": "297000000", "interestAndDebtExpense": "None", "netIncomeFromContinuingOperations": "1800961000", "comprehensiveIncomeNetOfTax": "None", "ebit": "2102000000", "ebitda": "2864000000", "netIncome": "1801000000"}, {"fiscalDateEnding": "2009-12-31", "reportedCurrency": "USD", "grossProfit": "6247600000", "totalRevenue": "8727362000", "costOfRevenue": "2479762000", "costofGoodsAndServicesSold": "2479762000", "operatingIncome": "1494953000", "sellingGeneralAndAdministrative": "1418389000", "researchAndDevelopment": "803070000", "operatingExpenses": "6247600000", "investmentIncomeNet": "None", "netInterestIncome": "None", "interestIncome": "None", "interestExpense": "0", "nonInterestIncome": "None", "otherNonOperatingIncome": "None", "depreciation": "None", "depreciationAndAmortization": "810946000", "incomeBeforeTax": "2879151000", "incomeTaxExpense": "490054000", "interestAndDebtExpense": "None", "netIncomeFromContinuingOperations": "None", "comprehensiveIncomeNetOfTax": "None", "ebit": "1494953000", "ebitda": "2305899000", "netIncome": "2389097000"}, {"fiscalDateEnding": "2008-12-31", "reportedCurrency": "USD", "grossProfit": "6313192000", "totalRevenue": "8541261000", "costOfRevenue": "2228069000", "costofGoodsAndServicesSold": "2228069000", "operatingIncome": "2124801000", "sellingGeneralAndAdministrative": "998871000", "researchAndDevelopment": "725600000", "operatingExpenses": "6313192000", "investmentIncomeNet": "None", "netInterestIncome": "None", "interestIncome": "None", "interestExpense": "8037000", "nonInterestIncome": "None", "otherNonOperatingIncome": "None", "depreciation": "None", "depreciationAndAmortization": "719814000", "incomeBeforeTax": "2183564000", "incomeTaxExpense": "404090000", "interestAndDebtExpense": "None", "netIncomeFromContinuingOperations": "None", "comprehensiveIncomeNetOfTax": "None", "ebit": "2124801000", "ebitda": "2844615000", "netIncome": "1779474000"}, {"fiscalDateEnding": "2007-12-31", "reportedCurrency": "USD", "grossProfit": "5909357000", "totalRevenue": "7672329000", "costOfRevenue": "1762972000", "costofGoodsAndServicesSold": "1762972000", "operatingIncome": "613180000", "sellingGeneralAndAdministrative": "3081408000", "researchAndDevelopment": "619727000", "operatingExpenses": "5909357000", "investmentIncomeNet": "None", "netInterestIncome": "None", "interestIncome": "None", "interestExpense": "16600000", "nonInterestIncome": "None", "otherNonOperatingIncome": "None", "depreciation": "None", "depreciationAndAmortization": "601707000", "incomeBeforeTax": "750851000", "incomeTaxExpense": "402600000", "interestAndDebtExpense": "None", "netIncomeFromContinuingOperations": "None", "comprehensiveIncomeNetOfTax": "None", "ebit": "613180000", "ebitda": "1214887000", "netIncome": "348251000"}, {"fiscalDateEnding": "2006-12-31", "reportedCurrency": "USD", "grossProfit": "4712949000", "totalRevenue": "5969741000", "costOfRevenue": "1256792000", "costofGoodsAndServicesSold": "1256792000", "operatingIncome": "1422956000", "sellingGeneralAndAdministrative": "2598220000", "researchAndDevelopment": "494693000", "operatingExpenses": "4712949000", "investmentIncomeNet": "None", "netInterestIncome": "None", "interestIncome": "None", "interestExpense": "5916000", "nonInterestIncome": "None", "otherNonOperatingIncome": "None", "depreciation": "None", "depreciationAndAmortization": "544552000", "incomeBeforeTax": "1547061000", "incomeTaxExpense": "421418000", "interestAndDebtExpense": "None", "netIncomeFromContinuingOperations": "None", "comprehensiveIncomeNetOfTax": "None", "ebit": "1422956000", "ebitda": "1967508000", "netIncome": "1125639000"}, {"fiscalDateEnding": "2005-12-31", "reportedCurrency": "USD", "grossProfit": "3734297000", "totalRevenue": "4552401000", "costOfRevenue": "818104000", "costofGoodsAndServicesSold": "818104000", "operatingIncome": "1441707000", "sellingGeneralAndAdministrative": "1822444000", "researchAndDevelopment": "328191000", "operatingExpenses": "3734297000", "investmentIncomeNet": "None", "netInterestIncome": "None", "interestIncome": "None", "interestExpense": "3478000", "nonInterestIncome": "None", "otherNonOperatingIncome": "None", "depreciation": "None", "depreciationAndAmortization": "378165000", "incomeBeforeTax": "1549377000", "incomeTaxExpense": "467285000", "interestAndDebtExpense": "None", "netIncomeFromContinuingOperations": "None", "comprehensiveIncomeNetOfTax": "None", "ebit": "1441707000", "ebitda": "1819872000", "netIncome": "1082043000"}], "quarterlyReports": [{"fiscalDateEnding": "2024-12-31", "reportedCurrency": "USD", "grossProfit": "1861000000", "totalRevenue": "2579000000", "costOfRevenue": "718000000", "costofGoodsAndServicesSold": "718000000", "operatingIncome": "543000000", "sellingGeneralAndAdministrative": "241000000", "researchAndDevelopment": "375000000", "operatingExpenses": "1318000000", "investmentIncomeNet": "None", "netInterestIncome": "11000000", "interestIncome": "76000000", "interestExpense": "65000000", "nonInterestIncome": "None", "otherNonOperatingIncome": "None", "depreciation": "None", "depreciationAndAmortization": "79000000", "incomeBeforeTax": "617000000", "incomeTaxExpense": "-63000000", "interestAndDebtExpense": "None", "netIncomeFromContinuingOperations": "680000000", "comprehensiveIncomeNetOfTax": "None", "ebit": "682000000", "ebitda": "761000000", "netIncome": "679000000"}, {"fiscalDateEnding": "2024-09-30", "reportedCurrency": "USD", "grossProfit": "1849000000", "totalRevenue": "2576000000", "costOfRevenue": "727000000", "costofGoodsAndServicesSold": "727000000", "operatingIncome": "595000000", "sellingGeneralAndAdministrative": "194000000", "researchAndDevelopment": "374000000", "operatingExpenses": "1254000000", "investmentIncomeNet": "None", "netInterestIncome": "9000000", "interestIncome": "72000000", "interestExpense": "63000000", "nonInterestIncome": "None", "otherNonOperatingIncome": "None", "depreciation": "None", "depreciationAndAmortization": "92000000", "incomeBeforeTax": "797000000", "incomeTaxExpense": "161000000", "interestAndDebtExpense": "None", "netIncomeFromContinuingOperations": "636000000", "comprehensiveIncomeNetOfTax": "None", "ebit": "860000000", "ebitda": "952000000", "netIncome": "634000000"}, {"fiscalDateEnding": "2024-06-30", "reportedCurrency": "USD", "grossProfit": "1837000000", "totalRevenue": "2572000000", "costOfRevenue": "735000000", "costofGoodsAndServicesSold": "735000000", "operatingIncome": "549000000", "sellingGeneralAndAdministrative": "241000000", "researchAndDevelopment": "379000000", "operatingExpenses": "1288000000", "investmentIncomeNet": "None", "netInterestIncome": "-2000000", "interestIncome": "63000000", "interestExpense": "65000000", "nonInterestIncome": "None", "otherNonOperatingIncome": "None", "depreciation": "None", "depreciationAndAmortization": "77000000", "incomeBeforeTax": "328000000", "incomeTaxExpense": "102000000", "interestAndDebtExpense": "None", "netIncomeFromContinuingOperations": "226000000", "comprehensiveIncomeNetOfTax": "None", "ebit": "393000000", "ebitda": "470000000", "netIncome": "224000000"}, {"fiscalDateEnding": "2024-03-31", "reportedCurrency": "USD", "grossProfit": "1856000000", "totalRevenue": "2556000000", "costOfRevenue": "700000000", "costofGoodsAndServicesSold": "700000000", "operatingIncome": "631000000", "sellingGeneralAndAdministrative": "238000000", "researchAndDevelopment": "351000000", "operatingExpenses": "1225000000", "investmentIncomeNet": "None", "netInterestIncome": "-5000000", "interestIncome": "61000000", "interestExpense": "66000000", "nonInterestIncome": "None", "otherNonOperatingIncome": "None", "depreciation": "None", "depreciationAndAmortization": "76000000", "incomeBeforeTax": "536000000", "incomeTaxExpense": "97000000", "interestAndDebtExpense": "None", "netIncomeFromContinuingOperations": "439000000", "comprehensiveIncomeNetOfTax": "None", "ebit": "602000000", "ebitda": "678000000", "netIncome": "438000000"}, {"fiscalDateEnding": "2023-12-31", "reportedCurrency": "USD", "grossProfit": "1846000000", "totalRevenue": "2551000000", "costOfRevenue": "705000000", "costofGoodsAndServicesSold": "705000000", "operatingIncome": "507000000", "sellingGeneralAndAdministrative": "365000000", "researchAndDevelopment": "399000000", "operatingExpenses": "1339000000", "investmentIncomeNet": "None", "netInterestIncome": "-8000000", "interestIncome": "None", "interestExpense": "65000000", "nonInterestIncome": "None", "otherNonOperatingIncome": "None", "depreciation": "None", "depreciationAndAmortization": "98000000", "incomeBeforeTax": "1031000000", "incomeTaxExpense": "303000000", "interestAndDebtExpense": "None", "netIncomeFromContinuingOperations": "728000000", "comprehensiveIncomeNetOfTax": "None", "ebit": "507000000", "ebitda": "605000000", "netIncome": "724000000"}, {"fiscalDateEnding": "2023-09-30", "reportedCurrency": "USD", "grossProfit": "1795000000", "totalRevenue": "2500000000", "costOfRevenue": "705000000", "costofGoodsAndServicesSold": "705000000", "operatingIncome": "455000000", "sellingGeneralAndAdministrative": "283000000", "researchAndDevelopment": "401000000", "operatingExpenses": "1340000000", "investmentIncomeNet": "None", "netInterestIncome": "-6000000", "interestIncome": "58000000", "interestExpense": "65000000", "nonInterestIncome": "None", "otherNonOperatingIncome": "None", "depreciation": "None", "depreciationAndAmortization": "97000000", "incomeBeforeTax": "1661000000", "incomeTaxExpense": "355000000", "interestAndDebtExpense": "None", "netIncomeFromContinuingOperations": "1306000000", "comprehensiveIncomeNetOfTax": "None", "ebit": "1726000000", "ebitda": "1823000000", "netIncome": "1305000000"}, {"fiscalDateEnding": "2023-06-30", "reportedCurrency": "USD", "grossProfit": "1822000000", "totalRevenue": "2540000000", "costOfRevenue": "718000000", "costofGoodsAndServicesSold": "718000000", "operatingIncome": "518000000", "sellingGeneralAndAdministrative": "251000000", "researchAndDevelopment": "392000000", "operatingExpenses": "1304000000", "investmentIncomeNet": "None", "netInterestIncome": "-19000000", "interestIncome": "None", "interestExpense": "65000000", "nonInterestIncome": "None", "otherNonOperatingIncome": "None", "depreciation": "None", "depreciationAndAmortization": "101000000", "incomeBeforeTax": "285000000", "incomeTaxExpense": "113000000", "interestAndDebtExpense": "None", "netIncomeFromContinuingOperations": "172000000", "comprehensiveIncomeNetOfTax": "None", "ebit": "350000000", "ebitda": "451000000", "netIncome": "171000000"}, {"fiscalDateEnding": "2023-03-31", "reportedCurrency": "USD", "grossProfit": "1810000000", "totalRevenue": "2510000000", "costOfRevenue": "700000000", "costofGoodsAndServicesSold": "700000000", "operatingIncome": "558000000", "sellingGeneralAndAdministrative": "297000000", "researchAndDevelopment": "352000000", "operatingExpenses": "1252000000", "investmentIncomeNet": "None", "netInterestIncome": "-26000000", "interestIncome": "42000000", "interestExpense": "68000000", "nonInterestIncome": "None", "otherNonOperatingIncome": "None", "depreciation": "None", "depreciationAndAmortization": "107000000", "incomeBeforeTax": "730000000", "incomeTaxExpense": "161000000", "interestAndDebtExpense": "None", "netIncomeFromContinuingOperations": "569000000", "comprehensiveIncomeNetOfTax": "None", "ebit": "798000000", "ebitda": "905000000", "netIncome": "567000000"}, {"fiscalDateEnding": "2022-12-31", "reportedCurrency": "USD", "grossProfit": "1829000000", "totalRevenue": "2510000000", "costOfRevenue": "681000000", "costofGoodsAndServicesSold": "681000000", "operatingIncome": "565000000", "sellingGeneralAndAdministrative": "288000000", "researchAndDevelopment": "340000000", "operatingExpenses": "1264000000", "investmentIncomeNet": "None", "netInterestIncome": "-55000000", "interestIncome": "None", "interestExpense": "55000000", "nonInterestIncome": "None", "otherNonOperatingIncome": "None", "depreciation": "None", "depreciationAndAmortization": "107000000", "incomeBeforeTax": "829000000", "incomeTaxExpense": "158000000", "interestAndDebtExpense": "None", "netIncomeFromContinuingOperations": "671000000", "comprehensiveIncomeNetOfTax": "None", "ebit": "565000000", "ebitda": "672000000", "netIncome": "672000000"}, {"fiscalDateEnding": "2022-09-30", "reportedCurrency": "USD", "grossProfit": "1733000000", "totalRevenue": "2380000000", "costOfRevenue": "647000000", "costofGoodsAndServicesSold": "647000000", "operatingIncome": "568000000", "sellingGeneralAndAdministrative": "212000000", "researchAndDevelopment": "345000000", "operatingExpenses": "1165000000", "investmentIncomeNet": "None", "netInterestIncome": "-29000000", "interestIncome": "None", "interestExpense": "29000000", "nonInterestIncome": "None", "otherNonOperatingIncome": "None", "depreciation": "None", "depreciationAndAmortization": "104000000", "incomeBeforeTax": "-54000000", "incomeTaxExpense": "16000000", "interestAndDebtExpense": "None", "netIncomeFromContinuingOperations": "-70000000", "comprehensiveIncomeNetOfTax": "None", "ebit": "-25000000", "ebitda": "79000000", "netIncome": "-69000000"}, {"fiscalDateEnding": "2022-06-30", "reportedCurrency": "USD", "grossProfit": "1759000000", "totalRevenue": "2422000000", "costOfRevenue": "663000000", "costofGoodsAndServicesSold": "663000000", "operatingIncome": "525000000", "sellingGeneralAndAdministrative": "237000000", "researchAndDevelopment": "344000000", "operatingExpenses": "1234000000", "investmentIncomeNet": "None", "netInterestIncome": "-31000000", "interestIncome": "None", "interestExpense": "31000000", "nonInterestIncome": "None", "otherNonOperatingIncome": "None", "depreciation": "None", "depreciationAndAmortization": "113000000", "incomeBeforeTax": "-727000000", "incomeTaxExpense": "-191000000", "interestAndDebtExpense": "None", "netIncomeFromContinuingOperations": "-536000000", "comprehensiveIncomeNetOfTax": "None", "ebit": "-696000000", "ebitda": "-583000000", "netIncome": "-531000000"}, {"fiscalDateEnding": "2022-03-31", "reportedCurrency": "USD", "grossProfit": "1794000000", "totalRevenue": "2483000000", "costOfRevenue": "689000000", "costofGoodsAndServicesSold": "689000000", "operatingIncome": "692000000", "sellingGeneralAndAdministrative": "226000000", "researchAndDevelopment": "301000000", "operatingExpenses": "1102000000", "investmentIncomeNet": "None", "netInterestIncome": "-50000000", "interestIncome": "None", "interestExpense": "50000000", "nonInterestIncome": "None", "otherNonOperatingIncome": "None", "depreciation": "None", "depreciationAndAmortization": "118000000", "incomeBeforeTax": "-1649000000", "incomeTaxExpense": "-310000000", "interestAndDebtExpense": "None", "netIncomeFromContinuingOperations": "-1339000000", "comprehensiveIncomeNetOfTax": "None", "ebit": "-1599000000", "ebitda": "-1481000000", "netIncome": "-1341000000"}, {"fiscalDateEnding": "2021-12-31", "reportedCurrency": "USD", "grossProfit": "1919000000", "totalRevenue": "2613000000", "costOfRevenue": "694000000", "costofGoodsAndServicesSold": "694000000", "operatingIncome": "688000000", "sellingGeneralAndAdministrative": "206000000", "researchAndDevelopment": "337000000", "operatingExpenses": "1231000000", "investmentIncomeNet": "None", "netInterestIncome": "26000000", "interestIncome": "None", "interestExpense": "2862000000", "nonInterestIncome": "None", "otherNonOperatingIncome": "None", "depreciation": "None", "depreciationAndAmortization": "122000000", "incomeBeforeTax": "-1161000000", "incomeTaxExpense": "-268000000", "interestAndDebtExpense": "None", "netIncomeFromContinuingOperations": "-893000000", "comprehensiveIncomeNetOfTax": "None", "ebit": "-1568000000", "ebitda": "-1446000000", "netIncome": "1969000000"}, {"fiscalDateEnding": "2021-09-30", "reportedCurrency": "USD", "grossProfit": "1823000000", "totalRevenue": "2501000000", "costOfRevenue": "678000000", "costofGoodsAndServicesSold": "678000000", "operatingIncome": "662000000", "sellingGeneralAndAdministrative": "219000000", "researchAndDevelopment": "334000000", "operatingExpenses": "1161000000", "investmentIncomeNet": "None", "netInterestIncome": "-228000000", "interestIncome": "None", "interestExpense": "47000000", "nonInterestIncome": "None", "otherNonOperatingIncome": "None", "depreciation": "None", "depreciationAndAmortization": "119000000", "incomeBeforeTax": "434000000", "incomeTaxExpense": "151000000", "interestAndDebtExpense": "None", "netIncomeFromContinuingOperations": "283000000", "comprehensiveIncomeNetOfTax": "None", "ebit": "481000000", "ebitda": "600000000", "netIncome": "264000000"}, {"fiscalDateEnding": "2021-06-30", "reportedCurrency": "USD", "grossProfit": "1996000000", "totalRevenue": "2668000000", "costOfRevenue": "672000000", "costofGoodsAndServicesSold": "672000000", "operatingIncome": "732000000", "sellingGeneralAndAdministrative": "250000000", "researchAndDevelopment": "350000000", "operatingExpenses": "1264000000", "investmentIncomeNet": "None", "netInterestIncome": "-331000000", "interestIncome": "None", "interestExpense": "58000000", "nonInterestIncome": "None", "otherNonOperatingIncome": "None", "depreciation": "None", "depreciationAndAmortization": "127000000", "incomeBeforeTax": "401000000", "incomeTaxExpense": "107000000", "interestAndDebtExpense": "None", "netIncomeFromContinuingOperations": "294000000", "comprehensiveIncomeNetOfTax": "None", "ebit": "459000000", "ebitda": "586000000", "netIncome": "10734000000"}, {"fiscalDateEnding": "2021-03-31", "reportedCurrency": "USD", "grossProfit": "2032000000", "totalRevenue": "2638000000", "costOfRevenue": "606000000", "costofGoodsAndServicesSold": "606000000", "operatingIncome": "841000000", "sellingGeneralAndAdministrative": "246000000", "researchAndDevelopment": "304000000", "operatingExpenses": "1191000000", "investmentIncomeNet": "None", "netInterestIncome": "-117000000", "interestIncome": "None", "interestExpense": "81000000", "nonInterestIncome": "None", "otherNonOperatingIncome": "None", "depreciation": "None", "depreciationAndAmortization": "134000000", "incomeBeforeTax": "724000000", "incomeTaxExpense": "156000000", "interestAndDebtExpense": "None", "netIncomeFromContinuingOperations": "569000000", "comprehensiveIncomeNetOfTax": "None", "ebit": "805000000", "ebitda": "939000000", "netIncome": "641000000"}, {"fiscalDateEnding": "2020-12-31", "reportedCurrency": "USD", "grossProfit": "2126000000", "totalRevenue": "2868000000", "costOfRevenue": "742000000", "costofGoodsAndServicesSold": "742000000", "operatingIncome": "677000000", "sellingGeneralAndAdministrative": "253000000", "researchAndDevelopment": "299000000", "operatingExpenses": "1449000000", "investmentIncomeNet": "None", "netInterestIncome": "-575000000", "interestIncome": "238000000", "interestExpense": "575000000", "nonInterestIncome": "None", "otherNonOperatingIncome": "None", "depreciation": "None", "depreciationAndAmortization": "138000000", "incomeBeforeTax": "1109000000", "incomeTaxExpense": "328000000", "interestAndDebtExpense": "None", "netIncomeFromContinuingOperations": "696000000", "comprehensiveIncomeNetOfTax": "None", "ebit": "1723000000", "ebitda": "1861000000", "netIncome": "845000000"}, {"fiscalDateEnding": "2020-09-30", "reportedCurrency": "USD", "grossProfit": "1780000000", "totalRevenue": "2258000000", "costOfRevenue": "478000000", "costofGoodsAndServicesSold": "478000000", "operatingIncome": "662000000", "sellingGeneralAndAdministrative": "253000000", "researchAndDevelopment": "271000000", "operatingExpenses": "1118000000", "investmentIncomeNet": "None", "netInterestIncome": "95000000", "interestIncome": "95000000", "interestExpense": "95000000", "nonInterestIncome": "None", "otherNonOperatingIncome": "None", "depreciation": "None", "depreciationAndAmortization": "157000000", "incomeBeforeTax": "756000000", "incomeTaxExpense": "151000000", "interestAndDebtExpense": "None", "netIncomeFromContinuingOperations": "621000000", "comprehensiveIncomeNetOfTax": "None", "ebit": "662000000", "ebitda": "819000000", "netIncome": "664000000"}, {"fiscalDateEnding": "2020-06-30", "reportedCurrency": "USD", "grossProfit": "1920000000", "totalRevenue": "2337000000", "costOfRevenue": "417000000", "costofGoodsAndServicesSold": "417000000", "operatingIncome": "764000000", "sellingGeneralAndAdministrative": "281000000", "researchAndDevelopment": "256000000", "operatingExpenses": "1156000000", "investmentIncomeNet": "None", "netInterestIncome": "182000000", "interestIncome": "182000000", "interestExpense": "182000000", "nonInterestIncome": "None", "otherNonOperatingIncome": "None", "depreciation": "None", "depreciationAndAmortization": "154000000", "incomeBeforeTax": "945000000", "incomeTaxExpense": "256000000", "interestAndDebtExpense": "None", "netIncomeFromContinuingOperations": "740000000", "comprehensiveIncomeNetOfTax": "None", "ebit": "764000000", "ebitda": "918000000", "netIncome": "746000000"}, {"fiscalDateEnding": "2020-03-31", "reportedCurrency": "USD", "grossProfit": "1627000000", "totalRevenue": "2129000000", "costOfRevenue": "502000000", "costofGoodsAndServicesSold": "502000000", "operatingIncome": "565000000", "sellingGeneralAndAdministrative": "207000000", "researchAndDevelopment": "232000000", "operatingExpenses": "1062000000", "investmentIncomeNet": "None", "netInterestIncome": "2000000", "interestIncome": "2000000", "interestExpense": "2000000", "nonInterestIncome": "None", "otherNonOperatingIncome": "None", "depreciation": "None", "depreciationAndAmortization": "141000000", "incomeBeforeTax": "566000000", "incomeTaxExpense": "135000000", "interestAndDebtExpense": "None", "netIncomeFromContinuingOperations": "485000000", "comprehensiveIncomeNetOfTax": "None", "ebit": "565000000", "ebitda": "706000000", "netIncome": "3412000000"}, {"fiscalDateEnding": "2019-12-31", "reportedCurrency": "USD", "grossProfit": "2171000000", "totalRevenue": "2821000000", "costOfRevenue": "650000000", "costofGoodsAndServicesSold": "650000000", "operatingIncome": "619000000", "sellingGeneralAndAdministrative": "323000000", "researchAndDevelopment": "308000000", "operatingExpenses": "1552000000", "investmentIncomeNet": "None", "netInterestIncome": "-62000000", "interestIncome": "15000000", "interestExpense": "78000000", "nonInterestIncome": "None", "otherNonOperatingIncome": "None", "depreciation": "None", "depreciationAndAmortization": "167000000", "incomeBeforeTax": "634000000", "incomeTaxExpense": "76000000", "interestAndDebtExpense": "None", "netIncomeFromContinuingOperations": "558000000", "comprehensiveIncomeNetOfTax": "None", "ebit": "816000000", "ebitda": "983000000", "netIncome": "556000000"}, {"fiscalDateEnding": "2019-09-30", "reportedCurrency": "USD", "grossProfit": "1553000000", "totalRevenue": "2083000000", "costOfRevenue": "530000000", "costofGoodsAndServicesSold": "530000000", "operatingIncome": "408000000", "sellingGeneralAndAdministrative": "250000000", "researchAndDevelopment": "243000000", "operatingExpenses": "1145000000", "investmentIncomeNet": "None", "netInterestIncome": "-142000000", "interestIncome": "142000000", "interestExpense": "142000000", "nonInterestIncome": "None", "otherNonOperatingIncome": "None", "depreciation": "None", "depreciationAndAmortization": "144000000", "incomeBeforeTax": "266000000", "incomeTaxExpense": "56000000", "interestAndDebtExpense": "None", "netIncomeFromContinuingOperations": "310000000", "comprehensiveIncomeNetOfTax": "None", "ebit": "408000000", "ebitda": "552000000", "netIncome": "310000000"}, {"fiscalDateEnding": "2019-06-30", "reportedCurrency": "USD", "grossProfit": "1870000000", "totalRevenue": "2423000000", "costOfRevenue": "553000000", "costofGoodsAndServicesSold": "553000000", "operatingIncome": "558000000", "sellingGeneralAndAdministrative": "256000000", "researchAndDevelopment": "295000000", "operatingExpenses": "1312000000", "investmentIncomeNet": "None", "netInterestIncome": "-51000000", "interestIncome": "51000000", "interestExpense": "79000000", "nonInterestIncome": "None", "otherNonOperatingIncome": "None", "depreciation": "None", "depreciationAndAmortization": "168000000", "incomeBeforeTax": "507000000", "incomeTaxExpense": "107000000", "interestAndDebtExpense": "None", "netIncomeFromContinuingOperations": "403000000", "comprehensiveIncomeNetOfTax": "None", "ebit": "558000000", "ebitda": "726000000", "netIncome": "402000000"}, {"fiscalDateEnding": "2019-03-31", "reportedCurrency": "USD", "grossProfit": "1874000000", "totalRevenue": "2413000000", "costOfRevenue": "539000000", "costofGoodsAndServicesSold": "539000000", "operatingIncome": "593000000", "sellingGeneralAndAdministrative": "284000000", "researchAndDevelopment": "272000000", "operatingExpenses": "1281000000", "investmentIncomeNet": "None", "netInterestIncome": "64000000", "interestIncome": "None", "interestExpense": "80000000", "nonInterestIncome": "None", "otherNonOperatingIncome": "None", "depreciation": "None", "depreciationAndAmortization": "162000000", "incomeBeforeTax": "657000000", "incomeTaxExpense": "141000000", "interestAndDebtExpense": "None", "netIncomeFromContinuingOperations": "521000000", "comprehensiveIncomeNetOfTax": "None", "ebit": "593000000", "ebitda": "755000000", "netIncome": "518000000"}, {"fiscalDateEnding": "2018-12-31", "reportedCurrency": "USD", "grossProfit": "2259000000", "totalRevenue": "2877000000", "costOfRevenue": "618000000", "costofGoodsAndServicesSold": "618000000", "operatingIncome": "681000000", "sellingGeneralAndAdministrative": "245000000", "researchAndDevelopment": "292000000", "operatingExpenses": "1578000000", "investmentIncomeNet": "None", "netInterestIncome": "None", "interestIncome": "None", "interestExpense": "87000000", "nonInterestIncome": "None", "otherNonOperatingIncome": "None", "depreciation": "None", "depreciationAndAmortization": "172000000", "incomeBeforeTax": "516000000", "incomeTaxExpense": "-247000000", "interestAndDebtExpense": "None", "netIncomeFromContinuingOperations": "763000000", "comprehensiveIncomeNetOfTax": "None", "ebit": "1503000000", "ebitda": "1675000000", "netIncome": "760000000"}, {"fiscalDateEnding": "2018-09-30", "reportedCurrency": "USD", "grossProfit": "2041000000", "totalRevenue": "2649000000", "costOfRevenue": "608000000", "costofGoodsAndServicesSold": "608000000", "operatingIncome": "556000000", "sellingGeneralAndAdministrative": "248000000", "researchAndDevelopment": "307000000", "operatingExpenses": "1485000000", "investmentIncomeNet": "None", "netInterestIncome": "None", "interestIncome": "None", "interestExpense": "79000000", "nonInterestIncome": "None", "otherNonOperatingIncome": "None", "depreciation": "None", "depreciationAndAmortization": "175000000", "incomeBeforeTax": "948000000", "incomeTaxExpense": "228000000", "interestAndDebtExpense": "None", "netIncomeFromContinuingOperations": "720000000", "comprehensiveIncomeNetOfTax": "None", "ebit": "556000000", "ebitda": "731000000", "netIncome": "721000000"}, {"fiscalDateEnding": "2018-06-30", "reportedCurrency": "USD", "grossProfit": "2043000000", "totalRevenue": "2640000000", "costOfRevenue": "597000000", "costofGoodsAndServicesSold": "597000000", "operatingIncome": "406000000", "sellingGeneralAndAdministrative": "368000000", "researchAndDevelopment": "352000000", "operatingExpenses": "1637000000", "investmentIncomeNet": "None", "netInterestIncome": "None", "interestIncome": "None", "interestExpense": "79000000", "nonInterestIncome": "None", "otherNonOperatingIncome": "None", "depreciation": "None", "depreciationAndAmortization": "170000000", "incomeBeforeTax": "707000000", "incomeTaxExpense": "69000000", "interestAndDebtExpense": "None", "netIncomeFromContinuingOperations": "638000000", "comprehensiveIncomeNetOfTax": "None", "ebit": "406000000", "ebitda": "576000000", "netIncome": "642000000"}, {"fiscalDateEnding": "2018-03-31", "reportedCurrency": "USD", "grossProfit": "2021000000", "totalRevenue": "2580000000", "costOfRevenue": "559000000", "costofGoodsAndServicesSold": "559000000", "operatingIncome": "579000000", "sellingGeneralAndAdministrative": "270000000", "researchAndDevelopment": "334000000", "operatingExpenses": "1442000000", "investmentIncomeNet": "None", "netInterestIncome": "None", "interestIncome": "None", "interestExpense": "81000000", "nonInterestIncome": "None", "otherNonOperatingIncome": "None", "depreciation": "None", "depreciationAndAmortization": "179000000", "incomeBeforeTax": "547000000", "incomeTaxExpense": "140000000", "interestAndDebtExpense": "None", "netIncomeFromContinuingOperations": "407000000", "comprehensiveIncomeNetOfTax": "None", "ebit": "579000000", "ebitda": "758000000", "netIncome": "407000000"}, {"fiscalDateEnding": "2017-12-31", "reportedCurrency": "USD", "grossProfit": "2023000000", "totalRevenue": "2613000000", "costOfRevenue": "590000000", "costofGoodsAndServicesSold": "590000000", "operatingIncome": "663000000", "sellingGeneralAndAdministrative": "265000000", "researchAndDevelopment": "317000000", "operatingExpenses": "1360000000", "investmentIncomeNet": "None", "netInterestIncome": "None", "interestIncome": "None", "interestExpense": "67000000", "nonInterestIncome": "None", "otherNonOperatingIncome": "None", "depreciation": "None", "depreciationAndAmortization": "172000000", "incomeBeforeTax": "561000000", "incomeTaxExpense": "3158000000", "interestAndDebtExpense": "None", "netIncomeFromContinuingOperations": "-2597000000", "comprehensiveIncomeNetOfTax": "None", "ebit": "966000000", "ebitda": "1138000000", "netIncome": "-2601000000"}, {"fiscalDateEnding": "2017-09-30", "reportedCurrency": "USD", "grossProfit": "1941000000", "totalRevenue": "2498000000", "costOfRevenue": "557000000", "costofGoodsAndServicesSold": "557000000", "operatingIncome": "574000000", "sellingGeneralAndAdministrative": "254000000", "researchAndDevelopment": "316000000", "operatingExpenses": "1367000000", "investmentIncomeNet": "None", "netInterestIncome": "None", "interestIncome": "None", "interestExpense": "83000000", "nonInterestIncome": "None", "otherNonOperatingIncome": "None", "depreciation": "None", "depreciationAndAmortization": "173000000", "incomeBeforeTax": "694000000", "incomeTaxExpense": "174000000", "interestAndDebtExpense": "None", "netIncomeFromContinuingOperations": "523000000", "comprehensiveIncomeNetOfTax": "None", "ebit": "574000000", "ebitda": "747000000", "netIncome": "520000000"}, {"fiscalDateEnding": "2017-06-30", "reportedCurrency": "USD", "grossProfit": "1859000000", "totalRevenue": "2419000000", "costOfRevenue": "560000000", "costofGoodsAndServicesSold": "560000000", "operatingIncome": "480000000", "sellingGeneralAndAdministrative": "267000000", "researchAndDevelopment": "313000000", "operatingExpenses": "1379000000", "investmentIncomeNet": "None", "netInterestIncome": "None", "interestIncome": "None", "interestExpense": "74000000", "nonInterestIncome": "None", "otherNonOperatingIncome": "None", "depreciation": "None", "depreciationAndAmortization": "168000000", "incomeBeforeTax": "462000000", "incomeTaxExpense": "433000000", "interestAndDebtExpense": "None", "netIncomeFromContinuingOperations": "27000000", "comprehensiveIncomeNetOfTax": "None", "ebit": "480000000", "ebitda": "648000000", "netIncome": "29000000"}, {"fiscalDateEnding": "2017-03-31", "reportedCurrency": "USD", "grossProfit": "1789000000", "totalRevenue": "2303000000", "costOfRevenue": "514000000", "costofGoodsAndServicesSold": "514000000", "operatingIncome": "547000000", "sellingGeneralAndAdministrative": "245000000", "researchAndDevelopment": "278000000", "operatingExpenses": "1242000000", "investmentIncomeNet": "None", "netInterestIncome": "None", "interestIncome": "None", "interestExpense": "68000000", "nonInterestIncome": "None", "otherNonOperatingIncome": "None", "depreciation": "None", "depreciationAndAmortization": "163000000", "incomeBeforeTax": "558000000", "incomeTaxExpense": "-477000000", "interestAndDebtExpense": "None", "netIncomeFromContinuingOperations": "1035000000", "comprehensiveIncomeNetOfTax": "None", "ebit": "547000000", "ebitda": "710000000", "netIncome": "1035000000"}, {"fiscalDateEnding": "2016-12-31", "reportedCurrency": "USD", "grossProfit": "1856000000", "totalRevenue": "2395000000", "costOfRevenue": "539000000", "costofGoodsAndServicesSold": "539000000", "operatingIncome": "638000000", "sellingGeneralAndAdministrative": "249000000", "researchAndDevelopment": "292000000", "operatingExpenses": "1218000000", "investmentIncomeNet": "None", "netInterestIncome": "None", "interestIncome": "None", "interestExpense": "39000000", "nonInterestIncome": "None", "otherNonOperatingIncome": "None", "depreciation": "None", "depreciationAndAmortization": "176000000", "incomeBeforeTax": "2004000000", "incomeTaxExpense": "-3944000000", "interestAndDebtExpense": "None", "netIncomeFromContinuingOperations": "8615000000", "comprehensiveIncomeNetOfTax": "None", "ebit": "2189000000", "ebitda": "2365000000", "netIncome": "5936000000"}, {"fiscalDateEnding": "2016-09-30", "reportedCurrency": "USD", "grossProfit": "1719000000", "totalRevenue": "2217000000", "costOfRevenue": "498000000", "costofGoodsAndServicesSold": "498000000", "operatingIncome": "542000000", "sellingGeneralAndAdministrative": "224000000", "researchAndDevelopment": "288000000", "operatingExpenses": "1177000000", "investmentIncomeNet": "None", "netInterestIncome": "None", "interestIncome": "None", "interestExpense": "68000000", "nonInterestIncome": "None", "otherNonOperatingIncome": "None", "depreciation": "None", "depreciationAndAmortization": "172000000", "incomeBeforeTax": "533000000", "incomeTaxExpense": "115000000", "interestAndDebtExpense": "None", "netIncomeFromContinuingOperations": "418000000", "comprehensiveIncomeNetOfTax": "None", "ebit": "542000000", "ebitda": "714000000", "netIncome": "413000000"}, {"fiscalDateEnding": "2016-06-30", "reportedCurrency": "USD", "grossProfit": "1737000000", "totalRevenue": "2230000000", "costOfRevenue": "493000000", "costofGoodsAndServicesSold": "493000000", "operatingIncome": "531000000", "sellingGeneralAndAdministrative": "218000000", "researchAndDevelopment": "295000000", "operatingExpenses": "1206000000", "investmentIncomeNet": "None", "netInterestIncome": "None", "interestIncome": "None", "interestExpense": "68000000", "nonInterestIncome": "None", "otherNonOperatingIncome": "None", "depreciation": "None", "depreciationAndAmortization": "167000000", "incomeBeforeTax": "523000000", "incomeTaxExpense": "86000000", "interestAndDebtExpense": "None", "netIncomeFromContinuingOperations": "437000000", "comprehensiveIncomeNetOfTax": "None", "ebit": "531000000", "ebitda": "698000000", "netIncome": "435000000"}, {"fiscalDateEnding": "2016-03-31", "reportedCurrency": "USD", "grossProfit": "1660000000", "totalRevenue": "2137000000", "costOfRevenue": "477000000", "costofGoodsAndServicesSold": "477000000", "operatingIncome": "614000000", "sellingGeneralAndAdministrative": "209000000", "researchAndDevelopment": "239000000", "operatingExpenses": "1046000000", "investmentIncomeNet": "None", "netInterestIncome": "None", "interestIncome": "None", "interestExpense": "50000000", "nonInterestIncome": "None", "otherNonOperatingIncome": "None", "depreciation": "None", "depreciationAndAmortization": "167000000", "incomeBeforeTax": "591000000", "incomeTaxExpense": "109000000", "interestAndDebtExpense": "None", "netIncomeFromContinuingOperations": "0", "comprehensiveIncomeNetOfTax": "None", "ebit": "614000000", "ebitda": "781000000", "netIncome": "482000000"}, {"fiscalDateEnding": "2015-12-31", "reportedCurrency": "USD", "grossProfit": "1829000000", "totalRevenue": "2322000000", "costOfRevenue": "493000000", "costofGoodsAndServicesSold": "493000000", "operatingIncome": "662000000", "sellingGeneralAndAdministrative": "260000000", "researchAndDevelopment": "229000000", "operatingExpenses": "1167000000", "investmentIncomeNet": "None", "netInterestIncome": "None", "interestIncome": "None", "interestExpense": "41000000", "nonInterestIncome": "None", "otherNonOperatingIncome": "None", "depreciation": "None", "depreciationAndAmortization": "171000000", "incomeBeforeTax": "650000000", "incomeTaxExpense": "127000000", "interestAndDebtExpense": "None", "netIncomeFromContinuingOperations": "1947000000", "comprehensiveIncomeNetOfTax": "None", "ebit": "1015000000", "ebitda": "1186000000", "netIncome": "477000000"}, {"fiscalDateEnding": "2015-09-30", "reportedCurrency": "USD", "grossProfit": "1666000000", "totalRevenue": "2099000000", "costOfRevenue": "433000000", "costofGoodsAndServicesSold": "433000000", "operatingIncome": "578000000", "sellingGeneralAndAdministrative": "207000000", "researchAndDevelopment": "241000000", "operatingExpenses": "1088000000", "investmentIncomeNet": "None", "netInterestIncome": "None", "interestIncome": "None", "interestExpense": "46000000", "nonInterestIncome": "None", "otherNonOperatingIncome": "None", "depreciation": "None", "depreciationAndAmortization": "182000000", "incomeBeforeTax": "665000000", "incomeTaxExpense": "120000000", "interestAndDebtExpense": "None", "netIncomeFromContinuingOperations": "545000000", "comprehensiveIncomeNetOfTax": "None", "ebit": "578000000", "ebitda": "760000000", "netIncome": "539000000"}, {"fiscalDateEnding": "2015-06-30", "reportedCurrency": "USD", "grossProfit": "1676000000", "totalRevenue": "2110000000", "costOfRevenue": "434000000", "costofGoodsAndServicesSold": "434000000", "operatingIncome": "428000000", "sellingGeneralAndAdministrative": "353000000", "researchAndDevelopment": "232000000", "operatingExpenses": "1248000000", "investmentIncomeNet": "None", "netInterestIncome": "None", "interestIncome": "None", "interestExpense": "46000000", "nonInterestIncome": "None", "otherNonOperatingIncome": "None", "depreciation": "None", "depreciationAndAmortization": "174000000", "incomeBeforeTax": "552000000", "incomeTaxExpense": "122000000", "interestAndDebtExpense": "None", "netIncomeFromContinuingOperations": "682000000", "comprehensiveIncomeNetOfTax": "None", "ebit": "428000000", "ebitda": "602000000", "netIncome": "83000000"}, {"fiscalDateEnding": "2015-03-31", "reportedCurrency": "USD", "grossProfit": "1650000000", "totalRevenue": "2061000000", "costOfRevenue": "411000000", "costofGoodsAndServicesSold": "411000000", "operatingIncome": "529000000", "sellingGeneralAndAdministrative": "302000000", "researchAndDevelopment": "221000000", "operatingExpenses": "1121000000", "investmentIncomeNet": "None", "netInterestIncome": "None", "interestIncome": "None", "interestExpense": "45000000", "nonInterestIncome": "None", "otherNonOperatingIncome": "None", "depreciation": "None", "depreciationAndAmortization": "160000000", "incomeBeforeTax": "539000000", "incomeTaxExpense": "90000000", "interestAndDebtExpense": "None", "netIncomeFromContinuingOperations": "626000000", "comprehensiveIncomeNetOfTax": "None", "ebit": "529000000", "ebitda": "689000000", "netIncome": "626000000"}, {"fiscalDateEnding": "2014-12-31", "reportedCurrency": "USD", "grossProfit": "3321000000", "totalRevenue": "4921000000", "costOfRevenue": "1600000000", "costofGoodsAndServicesSold": "1600000000", "operatingIncome": "1061000000", "sellingGeneralAndAdministrative": "475000000", "researchAndDevelopment": "509000000", "operatingExpenses": "2260000000", "investmentIncomeNet": "None", "netInterestIncome": "None", "interestIncome": "None", "interestExpense": "54000000", "nonInterestIncome": "None", "otherNonOperatingIncome": "None", "depreciation": "None", "depreciationAndAmortization": "370000000", "incomeBeforeTax": "1054000000", "incomeTaxExpense": "31000000", "interestAndDebtExpense": "None", "netIncomeFromContinuingOperations": "1023000000", "comprehensiveIncomeNetOfTax": "None", "ebit": "1201000000", "ebitda": "1571000000", "netIncome": "1023000000"}, {"fiscalDateEnding": "2014-09-30", "reportedCurrency": "USD", "grossProfit": "1737000000", "totalRevenue": "2150000000", "costOfRevenue": "413000000", "costofGoodsAndServicesSold": "413000000", "operatingIncome": "596000000", "sellingGeneralAndAdministrative": "203000000", "researchAndDevelopment": "246000000", "operatingExpenses": "1141000000", "investmentIncomeNet": "None", "netInterestIncome": "None", "interestIncome": "None", "interestExpense": "32000000", "nonInterestIncome": "None", "otherNonOperatingIncome": "None", "depreciation": "None", "depreciationAndAmortization": "-97000000", "incomeBeforeTax": "613000000", "incomeTaxExpense": "104000000", "interestAndDebtExpense": "None", "netIncomeFromContinuingOperations": "673000000", "comprehensiveIncomeNetOfTax": "None", "ebit": "703000000", "ebitda": "606000000", "netIncome": "673000000"}, {"fiscalDateEnding": "2014-06-30", "reportedCurrency": "USD", "grossProfit": "2922000000", "totalRevenue": "4103000000", "costOfRevenue": "1181000000", "costofGoodsAndServicesSold": "1181000000", "operatingIncome": "854000000", "sellingGeneralAndAdministrative": "448000000", "researchAndDevelopment": "468000000", "operatingExpenses": "2068000000", "investmentIncomeNet": "None", "netInterestIncome": "None", "interestIncome": "None", "interestExpense": "51000000", "nonInterestIncome": "None", "otherNonOperatingIncome": "None", "depreciation": "None", "depreciationAndAmortization": "233000000", "incomeBeforeTax": "864000000", "incomeTaxExpense": "144000000", "interestAndDebtExpense": "None", "netIncomeFromContinuingOperations": "676000000", "comprehensiveIncomeNetOfTax": "None", "ebit": "854000000", "ebitda": "1087000000", "netIncome": "676000000"}, {"fiscalDateEnding": "2014-03-31", "reportedCurrency": "USD", "grossProfit": "2911000000", "totalRevenue": "4262000000", "costOfRevenue": "1351000000", "costofGoodsAndServicesSold": "1351000000", "operatingIncome": "878000000", "sellingGeneralAndAdministrative": "465000000", "researchAndDevelopment": "480000000", "operatingExpenses": "2033000000", "investmentIncomeNet": "None", "netInterestIncome": "None", "interestIncome": "None", "interestExpense": "None", "nonInterestIncome": "None", "otherNonOperatingIncome": "None", "depreciation": "None", "depreciationAndAmortization": "382000000", "incomeBeforeTax": "873000000", "incomeTaxExpense": "3199000000", "interestAndDebtExpense": "None", "netIncomeFromContinuingOperations": "-2326000000", "comprehensiveIncomeNetOfTax": "None", "ebit": "878000000", "ebitda": "1260000000", "netIncome": "-2326000000"}, {"fiscalDateEnding": "2013-12-31", "reportedCurrency": "USD", "grossProfit": "3081000000", "totalRevenue": "4530000000", "costOfRevenue": "1449000000", "costofGoodsAndServicesSold": "1449000000", "operatingIncome": "1022000000", "sellingGeneralAndAdministrative": "461000000", "researchAndDevelopment": "450000000", "operatingExpenses": "2059000000", "investmentIncomeNet": "None", "netInterestIncome": "None", "interestIncome": "None", "interestExpense": "26000000", "nonInterestIncome": "None", "otherNonOperatingIncome": "None", "depreciation": "None", "depreciationAndAmortization": "367000000", "incomeBeforeTax": "1028000000", "incomeTaxExpense": "178000000", "interestAndDebtExpense": "None", "netIncomeFromContinuingOperations": "0", "comprehensiveIncomeNetOfTax": "None", "ebit": "1217000000", "ebitda": "1584000000", "netIncome": "850000000"}, {"fiscalDateEnding": "2013-09-30", "reportedCurrency": "USD", "grossProfit": "2668000000", "totalRevenue": "3892000000", "costOfRevenue": "1224000000", "costofGoodsAndServicesSold": "1224000000", "operatingIncome": "799000000", "sellingGeneralAndAdministrative": "415000000", "researchAndDevelopment": "433000000", "operatingExpenses": "1869000000", "investmentIncomeNet": "None", "netInterestIncome": "None", "interestIncome": "None", "interestExpense": "26000000", "nonInterestIncome": "None", "otherNonOperatingIncome": "None", "depreciation": "None", "depreciationAndAmortization": "357000000", "incomeBeforeTax": "873000000", "incomeTaxExpense": "184000000", "interestAndDebtExpense": "None", "netIncomeFromContinuingOperations": "689000000", "comprehensiveIncomeNetOfTax": "None", "ebit": "799000000", "ebitda": "1156000000", "netIncome": "689000000"}, {"fiscalDateEnding": "2013-06-30", "reportedCurrency": "USD", "grossProfit": "2666000000", "totalRevenue": "3877000000", "costOfRevenue": "1211000000", "costofGoodsAndServicesSold": "1211000000", "operatingIncome": "750000000", "sellingGeneralAndAdministrative": "419000000", "researchAndDevelopment": "451000000", "operatingExpenses": "1916000000", "investmentIncomeNet": "None", "netInterestIncome": "None", "interestIncome": "None", "interestExpense": "27000000", "nonInterestIncome": "None", "otherNonOperatingIncome": "None", "depreciation": "None", "depreciationAndAmortization": "347000000", "incomeBeforeTax": "756000000", "incomeTaxExpense": "116000000", "interestAndDebtExpense": "None", "netIncomeFromContinuingOperations": "640000000", "comprehensiveIncomeNetOfTax": "None", "ebit": "750000000", "ebitda": "1097000000", "netIncome": "640000000"}, {"fiscalDateEnding": "2013-03-31", "reportedCurrency": "USD", "grossProfit": "2596000000", "totalRevenue": "3748000000", "costOfRevenue": "1152000000", "costofGoodsAndServicesSold": "1152000000", "operatingIncome": "800000000", "sellingGeneralAndAdministrative": "408000000", "researchAndDevelopment": "434000000", "operatingExpenses": "1796000000", "investmentIncomeNet": "None", "netInterestIncome": "None", "interestIncome": "None", "interestExpense": "26000000", "nonInterestIncome": "None", "otherNonOperatingIncome": "None", "depreciation": "None", "depreciationAndAmortization": "329000000", "incomeBeforeTax": "809000000", "incomeTaxExpense": "132000000", "interestAndDebtExpense": "None", "netIncomeFromContinuingOperations": "677000000", "comprehensiveIncomeNetOfTax": "None", "ebit": "800000000", "ebitda": "1129000000", "netIncome": "677000000"}, {"fiscalDateEnding": "2012-12-31", "reportedCurrency": "USD", "grossProfit": "2769000000", "totalRevenue": "3993000000", "costOfRevenue": "1224000000", "costofGoodsAndServicesSold": "1224000000", "operatingIncome": "873000000", "sellingGeneralAndAdministrative": "436000000", "researchAndDevelopment": "416000000", "operatingExpenses": "2769000000", "investmentIncomeNet": "None", "netInterestIncome": "None", "interestIncome": "None", "interestExpense": "63000000", "nonInterestIncome": "None", "otherNonOperatingIncome": "None", "depreciation": "None", "depreciationAndAmortization": "318000000", "incomeBeforeTax": "877000000", "incomeTaxExpense": "127000000", "interestAndDebtExpense": "None", "netIncomeFromContinuingOperations": "0", "comprehensiveIncomeNetOfTax": "None", "ebit": "1132000000", "ebitda": "1450000000", "netIncome": "750000000"}, {"fiscalDateEnding": "2012-09-30", "reportedCurrency": "USD", "grossProfit": "2382000000", "totalRevenue": "3404000000", "costOfRevenue": "1022000000", "costofGoodsAndServicesSold": "1022000000", "operatingIncome": "667000000", "sellingGeneralAndAdministrative": "369000000", "researchAndDevelopment": "389000000", "operatingExpenses": "1715000000", "investmentIncomeNet": "None", "netInterestIncome": "None", "interestIncome": "None", "interestExpense": "0", "nonInterestIncome": "None", "otherNonOperatingIncome": "None", "depreciation": "None", "depreciationAndAmortization": "311000000", "incomeBeforeTax": "672000000", "incomeTaxExpense": "75000000", "interestAndDebtExpense": "None", "netIncomeFromContinuingOperations": "0", "comprehensiveIncomeNetOfTax": "None", "ebit": "667000000", "ebitda": "978000000", "netIncome": "597000000"}, {"fiscalDateEnding": "2012-06-30", "reportedCurrency": "USD", "grossProfit": "2411000000", "totalRevenue": "3398000000", "costOfRevenue": "987000000", "costofGoodsAndServicesSold": "987000000", "operatingIncome": "695000000", "sellingGeneralAndAdministrative": "390000000", "researchAndDevelopment": "394000000", "operatingExpenses": "1716000000", "investmentIncomeNet": "None", "netInterestIncome": "None", "interestIncome": "None", "interestExpense": "0", "nonInterestIncome": "None", "otherNonOperatingIncome": "None", "depreciation": "None", "depreciationAndAmortization": "290000000", "incomeBeforeTax": "851000000", "incomeTaxExpense": "159000000", "interestAndDebtExpense": "None", "netIncomeFromContinuingOperations": "0", "comprehensiveIncomeNetOfTax": "None", "ebit": "695000000", "ebitda": "985000000", "netIncome": "692000000"}, {"fiscalDateEnding": "2012-03-31", "reportedCurrency": "USD", "grossProfit": "2294000000", "totalRevenue": "3277000000", "costOfRevenue": "983000000", "costofGoodsAndServicesSold": "983000000", "operatingIncome": "653000000", "sellingGeneralAndAdministrative": "372000000", "researchAndDevelopment": "374000000", "operatingExpenses": "1641000000", "investmentIncomeNet": "None", "netInterestIncome": "None", "interestIncome": "None", "interestExpense": "0", "nonInterestIncome": "None", "otherNonOperatingIncome": "None", "depreciation": "None", "depreciationAndAmortization": "281000000", "incomeBeforeTax": "684000000", "incomeTaxExpense": "114000000", "interestAndDebtExpense": "None", "netIncomeFromContinuingOperations": "0", "comprehensiveIncomeNetOfTax": "None", "ebit": "653000000", "ebitda": "934000000", "netIncome": "570000000"}, {"fiscalDateEnding": "2011-12-31", "reportedCurrency": "USD", "grossProfit": "2345578000", "totalRevenue": "3380010000", "costOfRevenue": "1034432000", "costofGoodsAndServicesSold": "1034432000", "operatingIncome": "753108000", "sellingGeneralAndAdministrative": "345987000", "researchAndDevelopment": "344250000", "operatingExpenses": "2345578000", "investmentIncomeNet": "None", "netInterestIncome": "None", "interestIncome": "None", "interestExpense": "25030000", "nonInterestIncome": "None", "otherNonOperatingIncome": "None", "depreciation": "None", "depreciationAndAmortization": "272553000", "incomeBeforeTax": "2435201000", "incomeTaxExpense": "455589000", "interestAndDebtExpense": "None", "netIncomeFromContinuingOperations": "0", "comprehensiveIncomeNetOfTax": "None", "ebit": "2315184000", "ebitda": "2587737000", "netIncome": "1979612000"}, {"fiscalDateEnding": "2011-09-30", "reportedCurrency": "USD", "grossProfit": "2046000000", "totalRevenue": "2966000000", "costOfRevenue": "920000000", "costofGoodsAndServicesSold": "920000000", "operatingIncome": "537000000", "sellingGeneralAndAdministrative": "336000000", "researchAndDevelopment": "319000000", "operatingExpenses": "2046000000", "investmentIncomeNet": "None", "netInterestIncome": "None", "interestIncome": "None", "interestExpense": "78704000", "nonInterestIncome": "None", "otherNonOperatingIncome": "None", "depreciation": "None", "depreciationAndAmortization": "266000000", "incomeBeforeTax": "616000000", "incomeTaxExpense": "125000000", "interestAndDebtExpense": "None", "netIncomeFromContinuingOperations": "490503000", "comprehensiveIncomeNetOfTax": "None", "ebit": "537000000", "ebitda": "803000000", "netIncome": "491000000"}, {"fiscalDateEnding": "2011-06-30", "reportedCurrency": "USD", "grossProfit": "1987000000", "totalRevenue": "2760000000", "costOfRevenue": "773000000", "costofGoodsAndServicesSold": "773000000", "operatingIncome": "519000000", "sellingGeneralAndAdministrative": "392000000", "researchAndDevelopment": "297000000", "operatingExpenses": "1987000000", "investmentIncomeNet": "None", "netInterestIncome": "None", "interestIncome": "None", "interestExpense": "28576000", "nonInterestIncome": "None", "otherNonOperatingIncome": "None", "depreciation": "None", "depreciationAndAmortization": "208000000", "incomeBeforeTax": "291000000", "incomeTaxExpense": "8000000", "interestAndDebtExpense": "None", "netIncomeFromContinuingOperations": "283407000", "comprehensiveIncomeNetOfTax": "None", "ebit": "519000000", "ebitda": "727000000", "netIncome": "283000000"}, {"fiscalDateEnding": "2011-03-31", "reportedCurrency": "USD", "grossProfit": "1817000000", "totalRevenue": "2546000000", "costOfRevenue": "729000000", "costofGoodsAndServicesSold": "729000000", "operatingIncome": "565000000", "sellingGeneralAndAdministrative": "293000000", "researchAndDevelopment": "275000000", "operatingExpenses": "1817000000", "investmentIncomeNet": "None", "netInterestIncome": "None", "interestIncome": "None", "interestExpense": "3692000", "nonInterestIncome": "None", "otherNonOperatingIncome": "None", "depreciation": "None", "depreciationAndAmortization": "193000000", "incomeBeforeTax": "568000000", "incomeTaxExpense": "92000000", "interestAndDebtExpense": "None", "netIncomeFromContinuingOperations": "475865000", "comprehensiveIncomeNetOfTax": "None", "ebit": "565000000", "ebitda": "758000000", "netIncome": "476000000"}, {"fiscalDateEnding": "2010-12-31", "reportedCurrency": "USD", "grossProfit": "1792877000", "totalRevenue": "2495350000", "costOfRevenue": "702473000", "costofGoodsAndServicesSold": "702473000", "operatingIncome": "591221000", "sellingGeneralAndAdministrative": "278878000", "researchAndDevelopment": "246175000", "operatingExpenses": "1792877000", "investmentIncomeNet": "None", "netInterestIncome": "None", "interestIncome": "None", "interestExpense": "1422385000", "nonInterestIncome": "None", "otherNonOperatingIncome": "None", "depreciation": "None", "depreciationAndAmortization": "192288000", "incomeBeforeTax": "587405000", "incomeTaxExpense": "28218000", "interestAndDebtExpense": "None", "netIncomeFromContinuingOperations": "0", "comprehensiveIncomeNetOfTax": "None", "ebit": "591221000", "ebitda": "783509000", "netIncome": "559187000"}, {"fiscalDateEnding": "2010-09-30", "reportedCurrency": "USD", "grossProfit": "1609220000", "totalRevenue": "2249488000", "costOfRevenue": "640268000", "costofGoodsAndServicesSold": "640268000", "operatingIncome": "493181000", "sellingGeneralAndAdministrative": "261662000", "researchAndDevelopment": "226803000", "operatingExpenses": "1609220000", "investmentIncomeNet": "None", "netInterestIncome": "None", "interestIncome": "None", "interestExpense": "26825000", "nonInterestIncome": "None", "otherNonOperatingIncome": "None", "depreciation": "None", "depreciationAndAmortization": "194338000", "incomeBeforeTax": "517001000", "incomeTaxExpense": "85072000", "interestAndDebtExpense": "None", "netIncomeFromContinuingOperations": "0", "comprehensiveIncomeNetOfTax": "None", "ebit": "493181000", "ebitda": "687519000", "netIncome": "431929000"}, {"fiscalDateEnding": "2010-06-30", "reportedCurrency": "USD", "grossProfit": "1600008000", "totalRevenue": "2215379000", "costOfRevenue": "615371000", "costofGoodsAndServicesSold": "615371000", "operatingIncome": "493428000", "sellingGeneralAndAdministrative": "262100000", "researchAndDevelopment": "225317000", "operatingExpenses": "1600008000", "investmentIncomeNet": "None", "netInterestIncome": "None", "interestIncome": "None", "interestExpense": "14821000", "nonInterestIncome": "None", "otherNonOperatingIncome": "None", "depreciation": "None", "depreciationAndAmortization": "187817000", "incomeBeforeTax": "499386000", "incomeTaxExpense": "87194000", "interestAndDebtExpense": "None", "netIncomeFromContinuingOperations": "0", "comprehensiveIncomeNetOfTax": "None", "ebit": "493428000", "ebitda": "681245000", "netIncome": "412192000"}, {"fiscalDateEnding": "2010-03-31", "reportedCurrency": "USD", "grossProfit": "1589502000", "totalRevenue": "2196057000", "costOfRevenue": "606555000", "costofGoodsAndServicesSold": "606555000", "operatingIncome": "497178000", "sellingGeneralAndAdministrative": "276743000", "researchAndDevelopment": "210139000", "operatingExpenses": "1589502000", "investmentIncomeNet": "None", "netInterestIncome": "None", "interestIncome": "None", "interestExpense": "0", "nonInterestIncome": "None", "otherNonOperatingIncome": "None", "depreciation": "None", "depreciationAndAmortization": "188022000", "incomeBeforeTax": "494655000", "incomeTaxExpense": "97002000", "interestAndDebtExpense": "None", "netIncomeFromContinuingOperations": "0", "comprehensiveIncomeNetOfTax": "None", "ebit": "497178000", "ebitda": "685200000", "netIncome": "397653000"}, {"fiscalDateEnding": "2009-12-31", "reportedCurrency": "USD", "grossProfit": "1700237000", "totalRevenue": "2370932000", "costOfRevenue": "670695000", "costofGoodsAndServicesSold": "670695000", "operatingIncome": "180622000", "sellingGeneralAndAdministrative": "620423000", "researchAndDevelopment": "197944000", "operatingExpenses": "1700237000", "investmentIncomeNet": "None", "netInterestIncome": "None", "interestIncome": "None", "interestExpense": "0", "nonInterestIncome": "None", "otherNonOperatingIncome": "None", "depreciation": "None", "depreciationAndAmortization": "200784000", "incomeBeforeTax": "1592800000", "incomeTaxExpense": "237894000", "interestAndDebtExpense": "None", "netIncomeFromContinuingOperations": "0", "comprehensiveIncomeNetOfTax": "None", "ebit": "180622000", "ebitda": "381406000", "netIncome": "1354906000"}, {"fiscalDateEnding": "2009-09-30", "reportedCurrency": "USD", "grossProfit": "1593944000", "totalRevenue": "2237852000", "costOfRevenue": "643908000", "costofGoodsAndServicesSold": "643908000", "operatingIncome": "455614000", "sellingGeneralAndAdministrative": "272177000", "researchAndDevelopment": "205207000", "operatingExpenses": "1593944000", "investmentIncomeNet": "None", "netInterestIncome": "None", "interestIncome": "None", "interestExpense": "4606000", "nonInterestIncome": "None", "otherNonOperatingIncome": "None", "depreciation": "None", "depreciationAndAmortization": "215068000", "incomeBeforeTax": "438335000", "incomeTaxExpense": "88599000", "interestAndDebtExpense": "None", "netIncomeFromContinuingOperations": "0", "comprehensiveIncomeNetOfTax": "None", "ebit": "455614000", "ebitda": "670682000", "netIncome": "349736000"}, {"fiscalDateEnding": "2009-06-30", "reportedCurrency": "USD", "grossProfit": "1506219000", "totalRevenue": "2097992000", "costOfRevenue": "591773000", "costofGoodsAndServicesSold": "591773000", "operatingIncome": "429342000", "sellingGeneralAndAdministrative": "257498000", "researchAndDevelopment": "198403000", "operatingExpenses": "1506219000", "investmentIncomeNet": "None", "netInterestIncome": "None", "interestIncome": "None", "interestExpense": "4529000", "nonInterestIncome": "None", "otherNonOperatingIncome": "None", "depreciation": "None", "depreciationAndAmortization": "197805000", "incomeBeforeTax": "407160000", "incomeTaxExpense": "79818000", "interestAndDebtExpense": "None", "netIncomeFromContinuingOperations": "0", "comprehensiveIncomeNetOfTax": "None", "ebit": "429342000", "ebitda": "627147000", "netIncome": "327342000"}, {"fiscalDateEnding": "2009-03-31", "reportedCurrency": "USD", "grossProfit": "1447200000", "totalRevenue": "2020586000", "costOfRevenue": "573386000", "costofGoodsAndServicesSold": "573386000", "operatingIncome": "429375000", "sellingGeneralAndAdministrative": "268291000", "researchAndDevelopment": "201516000", "operatingExpenses": "1447200000", "investmentIncomeNet": "None", "netInterestIncome": "None", "interestIncome": "None", "interestExpense": "0", "nonInterestIncome": "None", "otherNonOperatingIncome": "None", "depreciation": "None", "depreciationAndAmortization": "197289000", "incomeBeforeTax": "440856000", "incomeTaxExpense": "83743000", "interestAndDebtExpense": "None", "netIncomeFromContinuingOperations": "0", "comprehensiveIncomeNetOfTax": "None", "ebit": "429375000", "ebitda": "626664000", "netIncome": "357113000"}, {"fiscalDateEnding": "2008-12-31", "reportedCurrency": "USD", "grossProfit": "1456255000", "totalRevenue": "2035846000", "costOfRevenue": "579591000", "costofGoodsAndServicesSold": "579591000", "operatingIncome": "502582000", "sellingGeneralAndAdministrative": "362569000", "researchAndDevelopment": "171207000", "operatingExpenses": "1456255000", "investmentIncomeNet": "None", "netInterestIncome": "None", "interestIncome": "None", "interestExpense": "5916000", "nonInterestIncome": "None", "otherNonOperatingIncome": "None", "depreciation": "None", "depreciationAndAmortization": "201897000", "incomeBeforeTax": "473268000", "incomeTaxExpense": "106076000", "interestAndDebtExpense": "None", "netIncomeFromContinuingOperations": "0", "comprehensiveIncomeNetOfTax": "None", "ebit": "569382000", "ebitda": "771279000", "netIncome": "367192000"}, {"fiscalDateEnding": "2008-09-30", "reportedCurrency": "USD", "grossProfit": "1556568000", "totalRevenue": "2117531000", "costOfRevenue": "560963000", "costofGoodsAndServicesSold": "560963000", "operatingIncome": "524075000", "sellingGeneralAndAdministrative": "248909000", "researchAndDevelopment": "190842000", "operatingExpenses": "1556568000", "investmentIncomeNet": "None", "netInterestIncome": "None", "interestIncome": "None", "interestExpense": "11000", "nonInterestIncome": "None", "otherNonOperatingIncome": "None", "depreciation": "None", "depreciationAndAmortization": "178578000", "incomeBeforeTax": "562642000", "incomeTaxExpense": "70423000", "interestAndDebtExpense": "None", "netIncomeFromContinuingOperations": "0", "comprehensiveIncomeNetOfTax": "None", "ebit": "524075000", "ebitda": "702653000", "netIncome": "492219000"}, {"fiscalDateEnding": "2008-06-30", "reportedCurrency": "USD", "grossProfit": "1633558000", "totalRevenue": "2195661000", "costOfRevenue": "562103000", "costofGoodsAndServicesSold": "562103000", "operatingIncome": "545367000", "sellingGeneralAndAdministrative": "846482000", "researchAndDevelopment": "186791000", "operatingExpenses": "1633558000", "investmentIncomeNet": "None", "netInterestIncome": "None", "interestIncome": "None", "interestExpense": "619000", "nonInterestIncome": "None", "otherNonOperatingIncome": "None", "depreciation": "None", "depreciationAndAmortization": "173359000", "incomeBeforeTax": "568133000", "incomeTaxExpense": "107788000", "interestAndDebtExpense": "None", "netIncomeFromContinuingOperations": "0", "comprehensiveIncomeNetOfTax": "None", "ebit": "545367000", "ebitda": "718726000", "netIncome": "460345000"}, {"fiscalDateEnding": "2008-03-31", "reportedCurrency": "USD", "grossProfit": "1666811000", "totalRevenue": "2192223000", "costOfRevenue": "525412000", "costofGoodsAndServicesSold": "525412000", "operatingIncome": "552777000", "sellingGeneralAndAdministrative": "281721000", "researchAndDevelopment": "176760000", "operatingExpenses": "1666811000", "investmentIncomeNet": "None", "netInterestIncome": "None", "interestIncome": "None", "interestExpense": "2866000", "nonInterestIncome": "None", "otherNonOperatingIncome": "None", "depreciation": "None", "depreciationAndAmortization": "165980000", "incomeBeforeTax": "579521000", "incomeTaxExpense": "119803000", "interestAndDebtExpense": "None", "netIncomeFromContinuingOperations": "0", "comprehensiveIncomeNetOfTax": "None", "ebit": "552777000", "ebitda": "718757000", "netIncome": "459718000"}, {"fiscalDateEnding": "2007-12-31", "reportedCurrency": "USD", "grossProfit": "1674633000", "totalRevenue": "2180606000", "costOfRevenue": "505973000", "costofGoodsAndServicesSold": "505973000", "operatingIncome": "626140000", "sellingGeneralAndAdministrative": "825864000", "researchAndDevelopment": "169316000", "operatingExpenses": "1674633000", "investmentIncomeNet": "None", "netInterestIncome": "None", "interestIncome": "None", "interestExpense": "3478000", "nonInterestIncome": "None", "otherNonOperatingIncome": "None", "depreciation": "None", "depreciationAndAmortization": "159816000", "incomeBeforeTax": "671465000", "incomeTaxExpense": "140579000", "interestAndDebtExpense": "None", "netIncomeFromContinuingOperations": "0", "comprehensiveIncomeNetOfTax": "None", "ebit": "626140000", "ebitda": "785956000", "netIncome": "530886000"}, {"fiscalDateEnding": "2007-09-30", "reportedCurrency": "USD", "grossProfit": "1442699000", "totalRevenue": "1889220000", "costOfRevenue": "446521000", "costofGoodsAndServicesSold": "446521000", "operatingIncome": "-937693000", "sellingGeneralAndAdministrative": "772687000", "researchAndDevelopment": "164879000", "operatingExpenses": "1442699000", "investmentIncomeNet": "None", "netInterestIncome": "None", "interestIncome": "None", "interestExpense": "2728000", "nonInterestIncome": "None", "otherNonOperatingIncome": "None", "depreciation": "None", "depreciationAndAmortization": "151720000", "incomeBeforeTax": "-902058000", "incomeTaxExpense": "33577000", "interestAndDebtExpense": "None", "netIncomeFromContinuingOperations": "0", "comprehensiveIncomeNetOfTax": "None", "ebit": "-937693000", "ebitda": "-785973000", "netIncome": "-935635000"}, {"fiscalDateEnding": "2007-06-30", "reportedCurrency": "USD", "grossProfit": "1417640000", "totalRevenue": "1834429000", "costOfRevenue": "416789000", "costofGoodsAndServicesSold": "416789000", "operatingIncome": "456906000", "sellingGeneralAndAdministrative": "761246000", "researchAndDevelopment": "147934000", "operatingExpenses": "1417640000", "investmentIncomeNet": "None", "netInterestIncome": "None", "interestIncome": "None", "interestExpense": "2734000", "nonInterestIncome": "None", "otherNonOperatingIncome": "None", "depreciation": "None", "depreciationAndAmortization": "146722000", "incomeBeforeTax": "488139000", "incomeTaxExpense": "112315000", "interestAndDebtExpense": "None", "netIncomeFromContinuingOperations": "0", "comprehensiveIncomeNetOfTax": "None", "ebit": "456906000", "ebitda": "603628000", "netIncome": "375824000"}, {"fiscalDateEnding": "2007-03-31", "reportedCurrency": "USD", "grossProfit": "1374385000", "totalRevenue": "1768074000", "costOfRevenue": "393689000", "costofGoodsAndServicesSold": "393689000", "operatingIncome": "467827000", "sellingGeneralAndAdministrative": "721611000", "researchAndDevelopment": "137598000", "operatingExpenses": "1374385000", "investmentIncomeNet": "None", "netInterestIncome": "None", "interestIncome": "None", "interestExpense": "4542000", "nonInterestIncome": "None", "otherNonOperatingIncome": "None", "depreciation": "None", "depreciationAndAmortization": "143449000", "incomeBeforeTax": "493305000", "incomeTaxExpense": "116129000", "interestAndDebtExpense": "None", "netIncomeFromContinuingOperations": "0", "comprehensiveIncomeNetOfTax": "None", "ebit": "467827000", "ebitda": "611276000", "netIncome": "377176000"}, {"fiscalDateEnding": "2006-12-31", "reportedCurrency": "USD", "grossProfit": "1349873000", "totalRevenue": "1719901000", "costOfRevenue": "370028000", "costofGoodsAndServicesSold": "370028000", "operatingIncome": "449885000", "sellingGeneralAndAdministrative": "737053000", "researchAndDevelopment": "131246000", "operatingExpenses": "1349873000", "investmentIncomeNet": "None", "netInterestIncome": "None", "interestIncome": "None", "interestExpense": "8879000", "nonInterestIncome": "None", "otherNonOperatingIncome": "None", "depreciation": "None", "depreciationAndAmortization": "-99129000", "incomeBeforeTax": "483598000", "incomeTaxExpense": "137130000", "interestAndDebtExpense": "None", "netIncomeFromContinuingOperations": "0", "comprehensiveIncomeNetOfTax": "None", "ebit": "580701000", "ebitda": "481572000", "netIncome": "346467000"}, {"fiscalDateEnding": "2006-09-30", "reportedCurrency": "USD", "grossProfit": "1128642000", "totalRevenue": "1448637000", "costOfRevenue": "319995000", "costofGoodsAndServicesSold": "319995000", "operatingIncome": "339033000", "sellingGeneralAndAdministrative": "622008000", "researchAndDevelopment": "120405000", "operatingExpenses": "1128642000", "investmentIncomeNet": "None", "netInterestIncome": "None", "interestIncome": "None", "interestExpense": "553000", "nonInterestIncome": "None", "otherNonOperatingIncome": "None", "depreciation": "None", "depreciationAndAmortization": "135224000", "incomeBeforeTax": "379710000", "incomeTaxExpense": "98814000", "interestAndDebtExpense": "None", "netIncomeFromContinuingOperations": "0", "comprehensiveIncomeNetOfTax": "None", "ebit": "339033000", "ebitda": "474257000", "netIncome": "280896000"}, {"fiscalDateEnding": "2006-06-30", "reportedCurrency": "USD", "grossProfit": "1118305000", "totalRevenue": "1410784000", "costOfRevenue": "292479000", "costofGoodsAndServicesSold": "292479000", "operatingIncome": "311414000", "sellingGeneralAndAdministrative": "620923000", "researchAndDevelopment": "123972000", "operatingExpenses": "1118305000", "investmentIncomeNet": "None", "netInterestIncome": "None", "interestIncome": "None", "interestExpense": "929000", "nonInterestIncome": "None", "otherNonOperatingIncome": "None", "depreciation": "None", "depreciationAndAmortization": "142426000", "incomeBeforeTax": "336115000", "incomeTaxExpense": "86120000", "interestAndDebtExpense": "None", "netIncomeFromContinuingOperations": "0", "comprehensiveIncomeNetOfTax": "None", "ebit": "311414000", "ebitda": "453840000", "netIncome": "249994000"}, {"fiscalDateEnding": "2006-03-31", "reportedCurrency": "USD", "grossProfit": "1106822000", "totalRevenue": "1390419000", "costOfRevenue": "283597000", "costofGoodsAndServicesSold": "283597000", "operatingIncome": "322624000", "sellingGeneralAndAdministrative": "615912000", "researchAndDevelopment": "119070000", "operatingExpenses": "1106822000", "investmentIncomeNet": "None", "netInterestIncome": "None", "interestIncome": "None", "interestExpense": "747000", "nonInterestIncome": "None", "otherNonOperatingIncome": "None", "depreciation": "None", "depreciationAndAmortization": "123286000", "incomeBeforeTax": "347637000", "incomeTaxExpense": "99354000", "interestAndDebtExpense": "None", "netIncomeFromContinuingOperations": "0", "comprehensiveIncomeNetOfTax": "None", "ebit": "322624000", "ebitda": "445910000", "netIncome": "248282000"}, {"fiscalDateEnding": "2005-12-31", "reportedCurrency": "USD", "grossProfit": "1089339000", "totalRevenue": "1328859000", "costOfRevenue": "239520000", "costofGoodsAndServicesSold": "239520000", "operatingIncome": "370411000", "sellingGeneralAndAdministrative": "560189000", "researchAndDevelopment": "103882000", "operatingExpenses": "1089339000", "investmentIncomeNet": "None", "netInterestIncome": "None", "interestIncome": "None", "interestExpense": "4314000", "nonInterestIncome": "None", "otherNonOperatingIncome": "None", "depreciation": "None", "depreciationAndAmortization": "144099000", "incomeBeforeTax": "395052000", "incomeTaxExpense": "115830000", "interestAndDebtExpense": "None", "netIncomeFromContinuingOperations": "0", "comprehensiveIncomeNetOfTax": "None", "ebit": "370411000", "ebitda": "514510000", "netIncome": "279221000"}, {"fiscalDateEnding": "2005-09-30", "reportedCurrency": "USD", "grossProfit": "905140000", "totalRevenue": "1105515000", "costOfRevenue": "200375000", "costofGoodsAndServicesSold": "200375000", "operatingIncome": "356736000", "sellingGeneralAndAdministrative": "438033000", "researchAndDevelopment": "78881000", "operatingExpenses": "905140000", "investmentIncomeNet": "None", "netInterestIncome": "None", "interestIncome": "None", "interestExpense": "431000", "nonInterestIncome": "None", "otherNonOperatingIncome": "None", "depreciation": "None", "depreciationAndAmortization": "97227000", "incomeBeforeTax": "386962000", "incomeTaxExpense": "131989000", "interestAndDebtExpense": "None", "netIncomeFromContinuingOperations": "0", "comprehensiveIncomeNetOfTax": "None", "ebit": "356736000", "ebitda": "453963000", "netIncome": "254971000"}, {"fiscalDateEnding": "2005-06-30", "reportedCurrency": "USD", "grossProfit": "894463000", "totalRevenue": "1086303000", "costOfRevenue": "191840000", "costofGoodsAndServicesSold": "191840000", "operatingIncome": "378986000", "sellingGeneralAndAdministrative": "416484000", "researchAndDevelopment": "71639000", "operatingExpenses": "894463000", "investmentIncomeNet": "None", "netInterestIncome": "None", "interestIncome": "None", "interestExpense": "405000", "nonInterestIncome": "None", "otherNonOperatingIncome": "None", "depreciation": "None", "depreciationAndAmortization": "88951000", "incomeBeforeTax": "411106000", "incomeTaxExpense": "119518000", "interestAndDebtExpense": "None", "netIncomeFromContinuingOperations": "0", "comprehensiveIncomeNetOfTax": "None", "ebit": "378986000", "ebitda": "467937000", "netIncome": "291560000"}, {"fiscalDateEnding": "2005-03-31", "reportedCurrency": "USD", "grossProfit": "845355000", "totalRevenue": "1031724000", "costOfRevenue": "186369000", "costofGoodsAndServicesSold": "186369000", "operatingIncome": "335574000", "sellingGeneralAndAdministrative": "407738000", "researchAndDevelopment": "73789000", "operatingExpenses": "845355000", "investmentIncomeNet": "None", "netInterestIncome": "None", "interestIncome": "None", "interestExpense": "1720000", "nonInterestIncome": "None", "otherNonOperatingIncome": "None", "depreciation": "None", "depreciationAndAmortization": "79660000", "incomeBeforeTax": "356257000", "incomeTaxExpense": "99948000", "interestAndDebtExpense": "None", "netIncomeFromContinuingOperations": "0", "comprehensiveIncomeNetOfTax": "None", "ebit": "335574000", "ebitda": "415234000", "netIncome": "256291000"}, {"fiscalDateEnding": "2004-12-31", "reportedCurrency": "USD", "grossProfit": "759377000", "totalRevenue": "935782000", "costOfRevenue": "176405000", "costofGoodsAndServicesSold": "176405000", "operatingIncome": "284723000", "sellingGeneralAndAdministrative": "385157000", "researchAndDevelopment": "64568000", "operatingExpenses": "759377000", "investmentIncomeNet": "None", "netInterestIncome": "None", "interestIncome": "None", "interestExpense": "1492000", "nonInterestIncome": "None", "otherNonOperatingIncome": "None", "depreciation": "None", "depreciationAndAmortization": "77055000", "incomeBeforeTax": "301220000", "incomeTaxExpense": "95782000", "interestAndDebtExpense": "None", "netIncomeFromContinuingOperations": "0", "comprehensiveIncomeNetOfTax": "None", "ebit": "284723000", "ebitda": "361778000", "netIncome": "205379000"}]}