{"symbol": "BX", "annualReports": [{"fiscalDateEnding": "2024-12-31", "reportedCurrency": "USD", "grossProfit": "12662587000", "totalRevenue": "12662587000", "costOfRevenue": "None", "costofGoodsAndServicesSold": "None", "operatingIncome": "6286949000", "sellingGeneralAndAdministrative": "1381585000", "researchAndDevelopment": "None", "operatingExpenses": "6375638000", "investmentIncomeNet": "None", "netInterestIncome": "-32529000", "interestIncome": "411159000", "interestExpense": "443688000", "nonInterestIncome": "None", "otherNonOperatingIncome": "None", "depreciation": "None", "depreciationAndAmortization": "35965000", "incomeBeforeTax": "6459480000", "incomeTaxExpense": "1021671000", "interestAndDebtExpense": "None", "netIncomeFromContinuingOperations": "5437809000", "comprehensiveIncomeNetOfTax": "None", "ebit": "None", "ebitda": "6286949000", "netIncome": "2776508000"}, {"fiscalDateEnding": "2023-12-31", "reportedCurrency": "USD", "grossProfit": "7683902000", "totalRevenue": "7683902000", "costOfRevenue": "253162000", "costofGoodsAndServicesSold": "253162000", "operatingIncome": "3134640000", "sellingGeneralAndAdministrative": "1236292000", "researchAndDevelopment": "0.29", "operatingExpenses": "4549262000", "investmentIncomeNet": "None", "netInterestIncome": "84629000", "interestIncome": "516497000", "interestExpense": "431868000", "nonInterestIncome": "None", "otherNonOperatingIncome": "None", "depreciation": "None", "depreciationAndAmortization": "134175000", "incomeBeforeTax": "2957714000", "incomeTaxExpense": "513461000", "interestAndDebtExpense": "None", "netIncomeFromContinuingOperations": "2444253000", "comprehensiveIncomeNetOfTax": "None", "ebit": "3350407000", "ebitda": "3134640000", "netIncome": "1390880000"}, {"fiscalDateEnding": "2022-12-31", "reportedCurrency": "USD", "grossProfit": "8015891000", "totalRevenue": "8015891000", "costOfRevenue": "3532454000", "costofGoodsAndServicesSold": "3532454000", "operatingIncome": "3360091000", "sellingGeneralAndAdministrative": "1123346000", "researchAndDevelopment": "0.25", "operatingExpenses": "4655800000", "investmentIncomeNet": "None", "netInterestIncome": "-45613000", "interestIncome": "105142000", "interestExpense": "317225000", "nonInterestIncome": "None", "otherNonOperatingIncome": "-82859000", "depreciation": "None", "depreciationAndAmortization": "9918909000", "incomeBeforeTax": "3461789000", "incomeTaxExpense": "472880000", "interestAndDebtExpense": "None", "netIncomeFromContinuingOperations": "2988909000", "comprehensiveIncomeNetOfTax": "None", "ebit": "-8596141000", "ebitda": "3360091000", "netIncome": "1747631000"}, {"fiscalDateEnding": "2021-12-31", "reportedCurrency": "USD", "grossProfit": "22175794000", "totalRevenue": "22175794000", "costOfRevenue": "8350126000", "costofGoodsAndServicesSold": "8350126000", "operatingIncome": "12897445000", "sellingGeneralAndAdministrative": "928223000", "researchAndDevelopment": "1.08", "operatingExpenses": "9278349000", "investmentIncomeNet": "None", "netInterestIncome": "-37625000", "interestIncome": "461624000", "interestExpense": "198268000", "nonInterestIncome": "None", "otherNonOperatingIncome": "458865000", "depreciation": "None", "depreciationAndAmortization": "-1143036000", "incomeBeforeTax": "13559396000", "incomeTaxExpense": "1184401000", "interestAndDebtExpense": "None", "netIncomeFromContinuingOperations": "12374995000", "comprehensiveIncomeNetOfTax": "None", "ebit": "8259705000", "ebitda": "12897445000", "netIncome": "5857397000"}, {"fiscalDateEnding": "2020-12-31", "reportedCurrency": "USD", "grossProfit": "6188907000", "totalRevenue": "6188907000", "costOfRevenue": "2588758000", "costofGoodsAndServicesSold": "2588758000", "operatingIncome": "3608642000", "sellingGeneralAndAdministrative": "724646000", "researchAndDevelopment": "0.40", "operatingExpenses": "2580265000", "investmentIncomeNet": "None", "netInterestIncome": "-40931000", "interestIncome": "30542000", "interestExpense": "166162000", "nonInterestIncome": "None", "otherNonOperatingIncome": "-4841000", "depreciation": "None", "depreciationAndAmortization": "3752041000", "incomeBeforeTax": "2617520000", "incomeTaxExpense": "356014000", "interestAndDebtExpense": "None", "netIncomeFromContinuingOperations": "2261506000", "comprehensiveIncomeNetOfTax": "None", "ebit": "-2806273000", "ebitda": "3608642000", "netIncome": "1045363000"}, {"fiscalDateEnding": "2019-12-31", "reportedCurrency": "USD", "grossProfit": "7058629000", "totalRevenue": "7058629000", "costOfRevenue": "3067857000", "costofGoodsAndServicesSold": "3067857000", "operatingIncome": "4541153000", "sellingGeneralAndAdministrative": "697146000", "researchAndDevelopment": "0.63", "operatingExpenses": "2517476000", "investmentIncomeNet": "None", "netInterestIncome": "-17250000", "interestIncome": "182398000", "interestExpense": "199648000", "nonInterestIncome": "None", "otherNonOperatingIncome": "444396000", "depreciation": "None", "depreciationAndAmortization": "171860", "incomeBeforeTax": "3818015000", "incomeTaxExpense": "47952000", "interestAndDebtExpense": "None", "netIncomeFromContinuingOperations": "3865967000", "comprehensiveIncomeNetOfTax": "None", "ebit": "2072557140", "ebitda": "4541153000", "netIncome": "2049681999"}, {"fiscalDateEnding": "2018-12-31", "reportedCurrency": "USD", "grossProfit": "5996952000", "totalRevenue": "5996952000", "costOfRevenue": "2674691000", "costofGoodsAndServicesSold": "2674691000", "operatingIncome": "3713636000", "sellingGeneralAndAdministrative": "673359000", "researchAndDevelopment": "0", "operatingExpenses": "2283316000", "investmentIncomeNet": "None", "netInterestIncome": "7957000", "interestIncome": "171947000", "interestExpense": "163990000", "nonInterestIncome": "None", "otherNonOperatingIncome": "191722000", "depreciation": "None", "depreciationAndAmortization": "161141", "incomeBeforeTax": "3512941000", "incomeTaxExpense": "249390000", "interestAndDebtExpense": "None", "netIncomeFromContinuingOperations": "3263551000", "comprehensiveIncomeNetOfTax": "None", "ebit": "2014027859", "ebitda": "3713636000", "netIncome": "1541788000"}, {"fiscalDateEnding": "2017-12-31", "reportedCurrency": "USD", "grossProfit": "6947529000", "totalRevenue": "6947529000", "costOfRevenue": "2930815000", "costofGoodsAndServicesSold": "2930815000", "operatingIncome": "4883675001", "sellingGeneralAndAdministrative": "621369000", "researchAndDevelopment": "0", "operatingExpenses": "2063853999", "investmentIncomeNet": "None", "netInterestIncome": "1949554000", "interestIncome": "3478973000", "interestExpense": "1529419000", "nonInterestIncome": "None", "otherNonOperatingIncome": "725452000", "depreciation": "None", "depreciationAndAmortization": "52516", "incomeBeforeTax": "4118089000", "incomeTaxExpense": "743147000", "interestAndDebtExpense": "None", "netIncomeFromContinuingOperations": "3373954000", "comprehensiveIncomeNetOfTax": "None", "ebit": "3790119484", "ebitda": "4883675001", "netIncome": "1471374000"}, {"fiscalDateEnding": "2016-12-31", "reportedCurrency": "USD", "grossProfit": "4993645000", "totalRevenue": "4993645000", "costOfRevenue": "2203430000", "costofGoodsAndServicesSold": "2203430000", "operatingIncome": "3064432000", "sellingGeneralAndAdministrative": "593805000", "researchAndDevelopment": "0", "operatingExpenses": "1929213000", "investmentIncomeNet": "None", "netInterestIncome": "1130412000", "interestIncome": "2051858000", "interestExpense": "921446000", "nonInterestIncome": "None", "otherNonOperatingIncome": "184750000", "depreciation": "None", "depreciationAndAmortization": "22816", "incomeBeforeTax": "2381604000", "incomeTaxExpense": "132362000", "interestAndDebtExpense": "None", "netIncomeFromContinuingOperations": "2249648000", "comprehensiveIncomeNetOfTax": "None", "ebit": "2175963184", "ebitda": "3064432000", "netIncome": "1039013999"}, {"fiscalDateEnding": "2015-12-31", "reportedCurrency": "USD", "grossProfit": "4502030000", "totalRevenue": "4502030000", "costOfRevenue": "2290751000", "costofGoodsAndServicesSold": "2290751000", "operatingIncome": "2120237000", "sellingGeneralAndAdministrative": "655602000", "researchAndDevelopment": "0", "operatingExpenses": "2381793000", "investmentIncomeNet": "None", "netInterestIncome": "None", "interestIncome": "176364000", "interestExpense": "625627000", "nonInterestIncome": "None", "otherNonOperatingIncome": "259071000", "depreciation": "None", "depreciationAndAmortization": "101437000", "incomeBeforeTax": "1814748000", "incomeTaxExpense": "190398000", "interestAndDebtExpense": "None", "netIncomeFromContinuingOperations": "1624350000", "comprehensiveIncomeNetOfTax": "None", "ebit": "1525814000", "ebitda": "2120237000", "netIncome": "709789000"}, {"fiscalDateEnding": "2014-12-31", "reportedCurrency": "USD", "grossProfit": "7363204000", "totalRevenue": "7363204000", "costOfRevenue": "3154371000", "costofGoodsAndServicesSold": "3154371000", "operatingIncome": "4914375000", "sellingGeneralAndAdministrative": "482761000", "researchAndDevelopment": "0", "operatingExpenses": "2448829000", "investmentIncomeNet": "None", "netInterestIncome": "None", "interestIncome": "None", "interestExpense": "1316204000", "nonInterestIncome": "None", "otherNonOperatingIncome": "357854000", "depreciation": "None", "depreciationAndAmortization": "101915000", "incomeBeforeTax": "3986726000", "incomeTaxExpense": "291173000", "interestAndDebtExpense": "None", "netIncomeFromContinuingOperations": "3695553000", "comprehensiveIncomeNetOfTax": "None", "ebit": "3191966000", "ebitda": "4914375000", "netIncome": "1584589000"}, {"fiscalDateEnding": "2013-12-31", "reportedCurrency": "USD", "grossProfit": "2405274000", "totalRevenue": "6505195000", "costOfRevenue": "3257667000", "costofGoodsAndServicesSold": "3257667000", "operatingIncome": "4159610000", "sellingGeneralAndAdministrative": "422500000", "researchAndDevelopment": "0", "operatingExpenses": "2345585000", "investmentIncomeNet": "None", "netInterestIncome": "None", "interestIncome": "None", "interestExpense": "1331891000", "nonInterestIncome": "None", "otherNonOperatingIncome": "402133000", "depreciation": "None", "depreciationAndAmortization": "95671000", "incomeBeforeTax": "3148561000", "incomeTaxExpense": "255642000", "interestAndDebtExpense": "None", "netIncomeFromContinuingOperations": "2892919000", "comprehensiveIncomeNetOfTax": "None", "ebit": "2758735000", "ebitda": "4159610000", "netIncome": "1171202000"}, {"fiscalDateEnding": "2012-12-31", "reportedCurrency": "USD", "grossProfit": "1179440000", "totalRevenue": "3946571000", "costOfRevenue": "2605244000", "costofGoodsAndServicesSold": "2605244000", "operatingIncome": "758760000", "sellingGeneralAndAdministrative": "507767000", "researchAndDevelopment": "0", "operatingExpenses": "3187810999", "investmentIncomeNet": "None", "netInterestIncome": "None", "interestIncome": "None", "interestExpense": "490902000", "nonInterestIncome": "None", "otherNonOperatingIncome": "256145000", "depreciation": "None", "depreciationAndAmortization": "-758760000", "incomeBeforeTax": "1014905000", "incomeTaxExpense": "185023000", "interestAndDebtExpense": "None", "netIncomeFromContinuingOperations": "829882000", "comprehensiveIncomeNetOfTax": "None", "ebit": "1517520000", "ebitda": "758760000", "netIncome": "218598000"}, {"fiscalDateEnding": "2011-12-31", "reportedCurrency": "USD", "grossProfit": "154549000", "totalRevenue": "2892974000", "costOfRevenue": "2738425000", "costofGoodsAndServicesSold": "2738425000", "operatingIncome": "-135493000", "sellingGeneralAndAdministrative": "591820000", "researchAndDevelopment": "0", "operatingExpenses": "2815716000", "investmentIncomeNet": "None", "netInterestIncome": "None", "interestIncome": "None", "interestExpense": "57824000", "nonInterestIncome": "None", "otherNonOperatingIncome": "213323000", "depreciation": "None", "depreciationAndAmortization": "207591000", "incomeBeforeTax": "77258000", "incomeTaxExpense": "345711000", "interestAndDebtExpense": "None", "netIncomeFromContinuingOperations": "422969000", "comprehensiveIncomeNetOfTax": "None", "ebit": "-343084000", "ebitda": "-135493000", "netIncome": "-168303000"}, {"fiscalDateEnding": "2010-12-31", "reportedCurrency": "USD", "grossProfit": "-387045000", "totalRevenue": "3223144000", "costOfRevenue": "3610189000", "costofGoodsAndServicesSold": "3610189000", "operatingIncome": "-1024648000", "sellingGeneralAndAdministrative": "492572000", "researchAndDevelopment": "0", "operatingExpenses": "3745798000", "investmentIncomeNet": "None", "netInterestIncome": "None", "interestIncome": "None", "interestExpense": "41229000", "nonInterestIncome": "None", "otherNonOperatingIncome": "None", "depreciation": "None", "depreciationAndAmortization": "162051000", "incomeBeforeTax": "-522654000", "incomeTaxExpense": "84669000", "interestAndDebtExpense": "None", "netIncomeFromContinuingOperations": "607323000", "comprehensiveIncomeNetOfTax": "None", "ebit": "-1186699000", "ebitda": "-1024648000", "netIncome": "-370028000"}, {"fiscalDateEnding": "2009-12-31", "reportedCurrency": "USD", "grossProfit": "-1839517000", "totalRevenue": "1938089000", "costOfRevenue": "3777606000", "costofGoodsAndServicesSold": "3777606000", "operatingIncome": "-602677000", "sellingGeneralAndAdministrative": "450869000", "researchAndDevelopment": "None", "operatingExpenses": "4229555000", "investmentIncomeNet": "None", "netInterestIncome": "None", "interestIncome": "None", "interestExpense": "13384000", "nonInterestIncome": "None", "otherNonOperatingIncome": "None", "depreciation": "None", "depreciationAndAmortization": "158048000", "incomeBeforeTax": "-2291466000", "incomeTaxExpense": "99230000", "interestAndDebtExpense": "None", "netIncomeFromContinuingOperations": "None", "comprehensiveIncomeNetOfTax": "None", "ebit": "-760725000", "ebitda": "-602677000", "netIncome": "-715291000"}, {"fiscalDateEnding": "2008-12-31", "reportedCurrency": "USD", "grossProfit": "-6349197000", "totalRevenue": "-1244705000", "costOfRevenue": "5104492000", "costofGoodsAndServicesSold": "5104492000", "operatingIncome": "-1181013000", "sellingGeneralAndAdministrative": "503807000", "researchAndDevelopment": "None", "operatingExpenses": "4363594000", "investmentIncomeNet": "None", "netInterestIncome": "None", "interestIncome": "None", "interestExpense": "23008000", "nonInterestIncome": "None", "otherNonOperatingIncome": "None", "depreciation": "None", "depreciationAndAmortization": "153237000", "incomeBeforeTax": "-5608299000", "incomeTaxExpense": "-40989000", "interestAndDebtExpense": "None", "netIncomeFromContinuingOperations": "None", "comprehensiveIncomeNetOfTax": "None", "ebit": "-1334250000", "ebitda": "-1181013000", "netIncome": "-1163032000"}, {"fiscalDateEnding": "2007-12-31", "reportedCurrency": "USD", "grossProfit": "3927906000", "totalRevenue": "6184553000", "costOfRevenue": "2256647000", "costofGoodsAndServicesSold": "2256647000", "operatingIncome": "317384000", "sellingGeneralAndAdministrative": "476117000", "researchAndDevelopment": "None", "operatingExpenses": "476117000", "investmentIncomeNet": "None", "netInterestIncome": "None", "interestIncome": "None", "interestExpense": "32080000", "nonInterestIncome": "None", "otherNonOperatingIncome": "None", "depreciation": "None", "depreciationAndAmortization": "117607000", "incomeBeforeTax": "5708436000", "incomeTaxExpense": "25978000", "interestAndDebtExpense": "None", "netIncomeFromContinuingOperations": "None", "comprehensiveIncomeNetOfTax": "None", "ebit": "199777000", "ebitda": "317384000", "netIncome": "1623237000"}, {"fiscalDateEnding": "2006-12-31", "reportedCurrency": "USD", "grossProfit": "8670642000", "totalRevenue": "8670642000", "costOfRevenue": "508842000", "costofGoodsAndServicesSold": "508842000", "operatingIncome": "604121000", "sellingGeneralAndAdministrative": "266090000", "researchAndDevelopment": "None", "operatingExpenses": "516157000", "investmentIncomeNet": "None", "netInterestIncome": "None", "interestIncome": "None", "interestExpense": "36932000", "nonInterestIncome": "None", "otherNonOperatingIncome": "None", "depreciation": "None", "depreciationAndAmortization": "1694019000", "incomeBeforeTax": "8154485000", "incomeTaxExpense": "31934000", "interestAndDebtExpense": "None", "netIncomeFromContinuingOperations": "None", "comprehensiveIncomeNetOfTax": "None", "ebit": "-1089898000", "ebitda": "604121000", "netIncome": "2266206000"}, {"fiscalDateEnding": "2005-12-31", "reportedCurrency": "USD", "grossProfit": "5639278000", "totalRevenue": "5639278000", "costOfRevenue": "329463000", "costofGoodsAndServicesSold": "329463000", "operatingIncome": "5794663000", "sellingGeneralAndAdministrative": "182605000", "researchAndDevelopment": "None", "operatingExpenses": "-155385000", "investmentIncomeNet": "None", "netInterestIncome": "None", "interestIncome": "None", "interestExpense": "4451740000", "nonInterestIncome": "None", "otherNonOperatingIncome": "None", "depreciation": "None", "depreciationAndAmortization": "-4451740000", "incomeBeforeTax": "1342923000", "incomeTaxExpense": "12260000", "interestAndDebtExpense": "None", "netIncomeFromContinuingOperations": "None", "comprehensiveIncomeNetOfTax": "None", "ebit": "10246403000", "ebitda": "5794663000", "netIncome": "1330663000"}], "quarterlyReports": [{"fiscalDateEnding": "2024-12-31", "reportedCurrency": "USD", "grossProfit": "2811479000", "totalRevenue": "2811479000", "costOfRevenue": "None", "costofGoodsAndServicesSold": "None", "operatingIncome": "1426894000", "sellingGeneralAndAdministrative": "345382000", "researchAndDevelopment": "None", "operatingExpenses": "1384585000", "investmentIncomeNet": "None", "netInterestIncome": "-16985000", "interestIncome": "98547000", "interestExpense": "115532000", "nonInterestIncome": "None", "otherNonOperatingIncome": "None", "depreciation": "None", "depreciationAndAmortization": "9021000", "incomeBeforeTax": "1561277000", "incomeTaxExpense": "232451000", "interestAndDebtExpense": "None", "netIncomeFromContinuingOperations": "1328826000", "comprehensiveIncomeNetOfTax": "None", "ebit": "None", "ebitda": "1426894000", "netIncome": "703873000"}, {"fiscalDateEnding": "2024-09-30", "reportedCurrency": "USD", "grossProfit": "3648169000", "totalRevenue": "3648169000", "costOfRevenue": "1440344000", "costofGoodsAndServicesSold": "1440344000", "operatingIncome": "1863410000", "sellingGeneralAndAdministrative": "344415000", "researchAndDevelopment": "None", "operatingExpenses": "1784759000", "investmentIncomeNet": "None", "netInterestIncome": "-1563000", "interestIncome": "109774000", "interestExpense": "111337000", "nonInterestIncome": "None", "otherNonOperatingIncome": "None", "depreciation": "None", "depreciationAndAmortization": "9000000", "incomeBeforeTax": "1809940000", "incomeTaxExpense": "245303000", "interestAndDebtExpense": "None", "netIncomeFromContinuingOperations": "1564637000", "comprehensiveIncomeNetOfTax": "None", "ebit": "-8981000", "ebitda": "1863410000", "netIncome": "780835000"}, {"fiscalDateEnding": "2024-06-30", "reportedCurrency": "USD", "grossProfit": "2668134000", "totalRevenue": "2668134000", "costOfRevenue": "14960000", "costofGoodsAndServicesSold": "14960000", "operatingIncome": "1144044000", "sellingGeneralAndAdministrative": "317888000", "researchAndDevelopment": "None", "operatingExpenses": "1524090000", "investmentIncomeNet": "None", "netInterestIncome": "-3617000", "interestIncome": "104999000", "interestExpense": "108616000", "nonInterestIncome": "None", "otherNonOperatingIncome": "None", "depreciation": "None", "depreciationAndAmortization": "9000000", "incomeBeforeTax": "1208609000", "incomeTaxExpense": "260245999", "interestAndDebtExpense": "None", "netIncomeFromContinuingOperations": "948363000", "comprehensiveIncomeNetOfTax": "None", "ebit": "1310650000", "ebitda": "1144044000", "netIncome": "444414000"}, {"fiscalDateEnding": "2024-03-31", "reportedCurrency": "USD", "grossProfit": "3534805000", "totalRevenue": "3534805000", "costOfRevenue": "12931000", "costofGoodsAndServicesSold": "12931000", "operatingIncome": "1852601000", "sellingGeneralAndAdministrative": "373900000", "researchAndDevelopment": "None", "operatingExpenses": "1682204000", "investmentIncomeNet": "None", "netInterestIncome": "-10364000", "interestIncome": "97839000", "interestExpense": "108203000", "nonInterestIncome": "None", "otherNonOperatingIncome": "None", "depreciation": "None", "depreciationAndAmortization": "8981000", "incomeBeforeTax": "1879654000", "incomeTaxExpense": "283671000", "interestAndDebtExpense": "None", "netIncomeFromContinuingOperations": "1595983000", "comprehensiveIncomeNetOfTax": "None", "ebit": "1982337000", "ebitda": "1852601000", "netIncome": "847386000"}, {"fiscalDateEnding": "2023-12-31", "reportedCurrency": "USD", "grossProfit": "1287168000", "totalRevenue": "1287168000", "costOfRevenue": "9071000", "costofGoodsAndServicesSold": "9071000", "operatingIncome": "454330000", "sellingGeneralAndAdministrative": "289760000", "researchAndDevelopment": "None", "operatingExpenses": "832838000", "investmentIncomeNet": "None", "netInterestIncome": "59642000", "interestIncome": "168374000", "interestExpense": "108732000", "nonInterestIncome": "None", "otherNonOperatingIncome": "None", "depreciation": "None", "depreciationAndAmortization": "9002000", "incomeBeforeTax": "155080000", "incomeTaxExpense": "45957000", "interestAndDebtExpense": "None", "netIncomeFromContinuingOperations": "109123000", "comprehensiveIncomeNetOfTax": "None", "ebit": "289021000", "ebitda": "454330000", "netIncome": "151800000"}, {"fiscalDateEnding": "2023-09-30", "reportedCurrency": "USD", "grossProfit": "2366917000", "totalRevenue": "2366917000", "costOfRevenue": "47934000", "costofGoodsAndServicesSold": "47934000", "operatingIncome": "1102611000", "sellingGeneralAndAdministrative": "318120000", "researchAndDevelopment": "None", "operatingExpenses": "1264306000", "investmentIncomeNet": "None", "netInterestIncome": "-1466000", "interestIncome": "49078000", "interestExpense": "110599000", "nonInterestIncome": "None", "otherNonOperatingIncome": "None", "depreciation": "None", "depreciationAndAmortization": "9000000", "incomeBeforeTax": "1117302000", "incomeTaxExpense": "196560000", "interestAndDebtExpense": "None", "netIncomeFromContinuingOperations": "920742000", "comprehensiveIncomeNetOfTax": "None", "ebit": "1255210000", "ebitda": "1102611000", "netIncome": "551994000"}, {"fiscalDateEnding": "2023-06-30", "reportedCurrency": "USD", "grossProfit": "2738259000", "totalRevenue": "2738259000", "costOfRevenue": "40685000", "costofGoodsAndServicesSold": "40685000", "operatingIncome": "1371045000", "sellingGeneralAndAdministrative": "306619000", "researchAndDevelopment": "None", "operatingExpenses": "1367214000", "investmentIncomeNet": "None", "netInterestIncome": "40409000", "interestIncome": "80500000", "interestExpense": "108096000", "nonInterestIncome": "None", "otherNonOperatingIncome": "None", "depreciation": "None", "depreciationAndAmortization": "122085", "incomeBeforeTax": "1426976000", "incomeTaxExpense": "223269000", "interestAndDebtExpense": "None", "netIncomeFromContinuingOperations": "1203707000", "comprehensiveIncomeNetOfTax": "None", "ebit": "1518211915", "ebitda": "1371045000", "netIncome": "601274000"}, {"fiscalDateEnding": "2023-03-31", "reportedCurrency": "USD", "grossProfit": "1291558000", "totalRevenue": "1291558000", "costOfRevenue": "61395000", "costofGoodsAndServicesSold": "61395000", "operatingIncome": "206654000", "sellingGeneralAndAdministrative": "321793000", "researchAndDevelopment": "None", "operatingExpenses": "1084904000", "investmentIncomeNet": "None", "netInterestIncome": "-13956000", "interestIncome": "90485000", "interestExpense": "104441000", "nonInterestIncome": "None", "otherNonOperatingIncome": "65856000", "depreciation": "None", "depreciationAndAmortization": "41584", "incomeBeforeTax": "258356000", "incomeTaxExpense": "47675000", "interestAndDebtExpense": "None", "netIncomeFromContinuingOperations": "210681000", "comprehensiveIncomeNetOfTax": "None", "ebit": "309896416", "ebitda": "206654000", "netIncome": "85812000"}, {"fiscalDateEnding": "2022-12-31", "reportedCurrency": "USD", "grossProfit": "1847012000", "totalRevenue": "1847012000", "costOfRevenue": "3532454000", "costofGoodsAndServicesSold": "3532454000", "operatingIncome": "876812000", "sellingGeneralAndAdministrative": "310871000", "researchAndDevelopment": "None", "operatingExpenses": "970200000", "investmentIncomeNet": "None", "netInterestIncome": "2303000", "interestIncome": "52870000", "interestExpense": "100329000", "nonInterestIncome": "None", "otherNonOperatingIncome": "-31335000", "depreciation": "None", "depreciationAndAmortization": "54880", "incomeBeforeTax": "602195000", "incomeTaxExpense": "141146000", "interestAndDebtExpense": "None", "netIncomeFromContinuingOperations": "743341000", "comprehensiveIncomeNetOfTax": "None", "ebit": "531791120", "ebitda": "876812000", "netIncome": "557854000"}, {"fiscalDateEnding": "2022-09-30", "reportedCurrency": "USD", "grossProfit": "778225000", "totalRevenue": "778225000", "costOfRevenue": "604968000", "costofGoodsAndServicesSold": "604968000", "operatingIncome": "-102629000", "sellingGeneralAndAdministrative": "275886000", "researchAndDevelopment": "None", "operatingExpenses": "880854000", "investmentIncomeNet": "None", "netInterestIncome": "-28087000", "interestIncome": "52420000", "interestExpense": "80507000", "nonInterestIncome": "None", "otherNonOperatingIncome": "1178000", "depreciation": "None", "depreciationAndAmortization": "27081", "incomeBeforeTax": "97931000", "incomeTaxExpense": "94231000", "interestAndDebtExpense": "None", "netIncomeFromContinuingOperations": "3700000", "comprehensiveIncomeNetOfTax": "None", "ebit": "191898919", "ebitda": "-102629000", "netIncome": "2296000"}, {"fiscalDateEnding": "2022-06-30", "reportedCurrency": "USD", "grossProfit": "404078000", "totalRevenue": "404078000", "costOfRevenue": "380748000", "costofGoodsAndServicesSold": "380748000", "operatingIncome": "-270393000", "sellingGeneralAndAdministrative": "293723000", "researchAndDevelopment": "None", "operatingExpenses": "674471000", "investmentIncomeNet": "None", "netInterestIncome": "-7567000", "interestIncome": "62075000", "interestExpense": "69642000", "nonInterestIncome": "None", "otherNonOperatingIncome": "-104339000", "depreciation": "None", "depreciationAndAmortization": "86065", "incomeBeforeTax": "-219232000", "incomeTaxExpense": "36514000", "interestAndDebtExpense": "None", "netIncomeFromContinuingOperations": "-255746000", "comprehensiveIncomeNetOfTax": "None", "ebit": "95374935", "ebitda": "-270393000", "netIncome": "-29393000"}, {"fiscalDateEnding": "2022-03-31", "reportedCurrency": "USD", "grossProfit": "4986833000", "totalRevenue": "4986833000", "costOfRevenue": "1887409000", "costofGoodsAndServicesSold": "1887409000", "operatingIncome": "2856558000", "sellingGeneralAndAdministrative": "242866000", "researchAndDevelopment": "None", "operatingExpenses": "2130275000", "investmentIncomeNet": "None", "netInterestIncome": "-12262000", "interestIncome": "54485000", "interestExpense": "66747000", "nonInterestIncome": "None", "otherNonOperatingIncome": "51637000", "depreciation": "None", "depreciationAndAmortization": "60459", "incomeBeforeTax": "2980895000", "incomeTaxExpense": "483281000", "interestAndDebtExpense": "None", "netIncomeFromContinuingOperations": "2497614000", "comprehensiveIncomeNetOfTax": "None", "ebit": "1785539541", "ebitda": "2856558000", "netIncome": "1216874000"}, {"fiscalDateEnding": "2021-12-31", "reportedCurrency": "USD", "grossProfit": "5655408000", "totalRevenue": "5655408000", "costOfRevenue": "30379000", "costofGoodsAndServicesSold": "30379000", "operatingIncome": "4766744000", "sellingGeneralAndAdministrative": "312632000", "researchAndDevelopment": "None", "operatingExpenses": "888664000", "investmentIncomeNet": "None", "netInterestIncome": "6616000", "interestIncome": "81843000", "interestExpense": "56550000", "nonInterestIncome": "None", "otherNonOperatingIncome": "113887000", "depreciation": "None", "depreciationAndAmortization": "71391", "incomeBeforeTax": "3378063000", "incomeTaxExpense": "437694000", "interestAndDebtExpense": "None", "netIncomeFromContinuingOperations": "2940369000", "comprehensiveIncomeNetOfTax": "None", "ebit": "1911347609", "ebitda": "4766744000", "netIncome": "1398478000"}, {"fiscalDateEnding": "2021-09-30", "reportedCurrency": "USD", "grossProfit": "6107665000", "totalRevenue": "6107665000", "costOfRevenue": "2382691000", "costofGoodsAndServicesSold": "2382691000", "operatingIncome": "5352211000", "sellingGeneralAndAdministrative": "219255000", "researchAndDevelopment": "None", "operatingExpenses": "755454000", "investmentIncomeNet": "None", "netInterestIncome": "-17365000", "interestIncome": "132312000", "interestExpense": "52413000", "nonInterestIncome": "None", "otherNonOperatingIncome": "94991000", "depreciation": "None", "depreciationAndAmortization": "54000", "incomeBeforeTax": "3664897000", "incomeTaxExpense": "458904000", "interestAndDebtExpense": "None", "netIncomeFromContinuingOperations": "3205993000", "comprehensiveIncomeNetOfTax": "None", "ebit": "1931856000", "ebitda": "5352211000", "netIncome": "1401895000"}, {"fiscalDateEnding": "2021-06-30", "reportedCurrency": "USD", "grossProfit": "5219136000", "totalRevenue": "5219136000", "costOfRevenue": "2019177000", "costofGoodsAndServicesSold": "2019177000", "operatingIncome": "4503201000", "sellingGeneralAndAdministrative": "208831000", "researchAndDevelopment": "None", "operatingExpenses": "715935000", "investmentIncomeNet": "None", "netInterestIncome": "-13305000", "interestIncome": "31017000", "interestExpense": "44322000", "nonInterestIncome": "None", "otherNonOperatingIncome": "126724000", "depreciation": "None", "depreciationAndAmortization": "55806", "incomeBeforeTax": "3145748000", "incomeTaxExpense": "288250000", "interestAndDebtExpense": "None", "netIncomeFromContinuingOperations": "2857498000", "comprehensiveIncomeNetOfTax": "None", "ebit": "1660366194", "ebitda": "4503201000", "netIncome": "1309152000"}, {"fiscalDateEnding": "2021-03-31", "reportedCurrency": "USD", "grossProfit": "5193585000", "totalRevenue": "5193585000", "costOfRevenue": "1818959000", "costofGoodsAndServicesSold": "1818959000", "operatingIncome": "4463442000", "sellingGeneralAndAdministrative": "187505000", "researchAndDevelopment": "None", "operatingExpenses": "730143000", "investmentIncomeNet": "None", "netInterestIncome": "-13571000", "interestIncome": "120353000", "interestExpense": "44983000", "nonInterestIncome": "None", "otherNonOperatingIncome": "123263000", "depreciation": "None", "depreciationAndAmortization": "55213", "incomeBeforeTax": "3370688000", "incomeTaxExpense": "447000", "interestAndDebtExpense": "None", "netIncomeFromContinuingOperations": "3371135000", "comprehensiveIncomeNetOfTax": "None", "ebit": "1811130787", "ebitda": "4463442000", "netIncome": "1747872000"}, {"fiscalDateEnding": "2020-12-31", "reportedCurrency": "USD", "grossProfit": "3726805000", "totalRevenue": "3726805000", "costOfRevenue": "3398650000", "costofGoodsAndServicesSold": "3398650000", "operatingIncome": "3051143000", "sellingGeneralAndAdministrative": "216026000", "researchAndDevelopment": "None", "operatingExpenses": "675662000", "investmentIncomeNet": "None", "netInterestIncome": "-5976000", "interestIncome": "90867000", "interestExpense": "45702000", "nonInterestIncome": "None", "otherNonOperatingIncome": "None", "depreciation": "None", "depreciationAndAmortization": "55131", "incomeBeforeTax": "2080505999", "incomeTaxExpense": "266341999", "interestAndDebtExpense": "None", "netIncomeFromContinuingOperations": "1814164000", "comprehensiveIncomeNetOfTax": "None", "ebit": "1078661869", "ebitda": "3051143000", "netIncome": "748870000"}, {"fiscalDateEnding": "2020-09-30", "reportedCurrency": "USD", "grossProfit": "3185517000", "totalRevenue": "3185517000", "costOfRevenue": "1119991000", "costofGoodsAndServicesSold": "1119991000", "operatingIncome": "2551219000", "sellingGeneralAndAdministrative": "173315000", "researchAndDevelopment": "None", "operatingExpenses": "634298000", "investmentIncomeNet": "None", "netInterestIncome": "-13043000", "interestIncome": "108752000", "interestExpense": "39540000", "nonInterestIncome": "None", "otherNonOperatingIncome": "101059000", "depreciation": "None", "depreciationAndAmortization": "52750", "incomeBeforeTax": "1801111000", "incomeTaxExpense": "100960000", "interestAndDebtExpense": "None", "netIncomeFromContinuingOperations": "1700151000", "comprehensiveIncomeNetOfTax": "None", "ebit": "952916250", "ebitda": "2551219000", "netIncome": "794719000"}, {"fiscalDateEnding": "2020-06-30", "reportedCurrency": "USD", "grossProfit": "2532373000", "totalRevenue": "2532373000", "costOfRevenue": "960271000", "costofGoodsAndServicesSold": "960271000", "operatingIncome": "1900782000", "sellingGeneralAndAdministrative": "173134000", "researchAndDevelopment": "None", "operatingExpenses": "631591000", "investmentIncomeNet": "None", "netInterestIncome": "-15352000", "interestIncome": "23924000", "interestExpense": "39276000", "nonInterestIncome": "None", "otherNonOperatingIncome": "158373000", "depreciation": "None", "depreciationAndAmortization": "51116", "incomeBeforeTax": "1501761000", "incomeTaxExpense": "147415000", "interestAndDebtExpense": "None", "netIncomeFromContinuingOperations": "1354346000", "comprehensiveIncomeNetOfTax": "None", "ebit": "772655884", "ebitda": "1900782000", "netIncome": "568266000"}, {"fiscalDateEnding": "2020-03-31", "reportedCurrency": "USD", "grossProfit": "-3255788000", "totalRevenue": "-3255788000", "costOfRevenue": "841890000", "costofGoodsAndServicesSold": "841890000", "operatingIncome": "-3894502000", "sellingGeneralAndAdministrative": "162171000", "researchAndDevelopment": "None", "operatingExpenses": "638714000", "investmentIncomeNet": "None", "netInterestIncome": "-6560000", "interestIncome": "35084000", "interestExpense": "41644000", "nonInterestIncome": "None", "otherNonOperatingIncome": "-327969000", "depreciation": "None", "depreciationAndAmortization": "47300", "incomeBeforeTax": "-2765858000", "incomeTaxExpense": "158703000", "interestAndDebtExpense": "None", "netIncomeFromContinuingOperations": "-2607155000", "comprehensiveIncomeNetOfTax": "None", "ebit": "-1165848300", "ebitda": "-3894502000", "netIncome": "-1066492000"}, {"fiscalDateEnding": "2019-12-31", "reportedCurrency": "USD", "grossProfit": "2037202000", "totalRevenue": "2037202000", "costOfRevenue": "-2279879000", "costofGoodsAndServicesSold": "-2279879000", "operatingIncome": "1397356000", "sellingGeneralAndAdministrative": "192200000", "researchAndDevelopment": "None", "operatingExpenses": "639846000", "investmentIncomeNet": "None", "netInterestIncome": "-8542000", "interestIncome": "52146000", "interestExpense": "60688000", "nonInterestIncome": "None", "otherNonOperatingIncome": "-18566000", "depreciation": "None", "depreciationAndAmortization": "46467", "incomeBeforeTax": "1007337000", "incomeTaxExpense": "28943000", "interestAndDebtExpense": "None", "netIncomeFromContinuingOperations": "978394000", "comprehensiveIncomeNetOfTax": "None", "ebit": "590482533", "ebitda": "1397356000", "netIncome": "483149000"}, {"fiscalDateEnding": "2019-09-30", "reportedCurrency": "USD", "grossProfit": "1588478000", "totalRevenue": "1588478000", "costOfRevenue": "718755000", "costofGoodsAndServicesSold": "718755000", "operatingIncome": "950609000", "sellingGeneralAndAdministrative": "175103000", "researchAndDevelopment": "None", "operatingExpenses": "637869000", "investmentIncomeNet": "None", "netInterestIncome": "-10880000", "interestIncome": "42482000", "interestExpense": "53362000", "nonInterestIncome": "None", "otherNonOperatingIncome": "271506000", "depreciation": "None", "depreciationAndAmortization": "44646", "incomeBeforeTax": "1010949000", "incomeTaxExpense": "156786000", "interestAndDebtExpense": "None", "netIncomeFromContinuingOperations": "1167735000", "comprehensiveIncomeNetOfTax": "None", "ebit": "693718354", "ebitda": "950609000", "netIncome": "779437000"}, {"fiscalDateEnding": "2019-06-30", "reportedCurrency": "USD", "grossProfit": "1460330000", "totalRevenue": "1460330000", "costOfRevenue": "637750000", "costofGoodsAndServicesSold": "637750000", "operatingIncome": "840915000", "sellingGeneralAndAdministrative": "180894000", "researchAndDevelopment": "None", "operatingExpenses": "619415000", "investmentIncomeNet": "None", "netInterestIncome": "90000", "interestIncome": "43686000", "interestExpense": "43596000", "nonInterestIncome": "None", "otherNonOperatingIncome": "61131000", "depreciation": "None", "depreciationAndAmortization": "40963", "incomeBeforeTax": "685697000", "incomeTaxExpense": "38736000", "interestAndDebtExpense": "None", "netIncomeFromContinuingOperations": "646961000", "comprehensiveIncomeNetOfTax": "None", "ebit": "405833037", "ebitda": "840915000", "netIncome": "305792000"}, {"fiscalDateEnding": "2019-03-31", "reportedCurrency": "USD", "grossProfit": "1972619000", "totalRevenue": "1972619000", "costOfRevenue": "850213000", "costofGoodsAndServicesSold": "850213000", "operatingIncome": "1352273000", "sellingGeneralAndAdministrative": "148949000", "researchAndDevelopment": "None", "operatingExpenses": "620346000", "investmentIncomeNet": "None", "netInterestIncome": "2082000", "interestIncome": "44084000", "interestExpense": "42002000", "nonInterestIncome": "None", "otherNonOperatingIncome": "130325000", "depreciation": "None", "depreciationAndAmortization": "40374", "incomeBeforeTax": "1114032000", "incomeTaxExpense": "41155000", "interestAndDebtExpense": "None", "netIncomeFromContinuingOperations": "1072877000", "comprehensiveIncomeNetOfTax": "None", "ebit": "582170626", "ebitda": "1352273000", "netIncome": "481304000"}, {"fiscalDateEnding": "2018-12-31", "reportedCurrency": "USD", "grossProfit": "460334000", "totalRevenue": "460334000", "costOfRevenue": "-3785200000", "costofGoodsAndServicesSold": "-3785200000", "operatingIncome": "-70551999", "sellingGeneralAndAdministrative": "157096000", "researchAndDevelopment": "0", "operatingExpenses": "530885999", "investmentIncomeNet": "None", "netInterestIncome": "None", "interestIncome": "None", "interestExpense": "44644000", "nonInterestIncome": "None", "otherNonOperatingIncome": "-59234000", "depreciation": "None", "depreciationAndAmortization": "15561000", "incomeBeforeTax": "-49352000", "incomeTaxExpense": "29366000", "interestAndDebtExpense": "None", "netIncomeFromContinuingOperations": "-78718000", "comprehensiveIncomeNetOfTax": "None", "ebit": "63142000", "ebitda": "-70551999", "netIncome": "-10868000"}, {"fiscalDateEnding": "2018-09-30", "reportedCurrency": "USD", "grossProfit": "1885225000", "totalRevenue": "1885225000", "costOfRevenue": "805162000", "costofGoodsAndServicesSold": "805162000", "operatingIncome": "1294825000", "sellingGeneralAndAdministrative": "171115000", "researchAndDevelopment": "0", "operatingExpenses": "590400000", "investmentIncomeNet": "None", "netInterestIncome": "None", "interestIncome": "None", "interestExpense": "41355000", "nonInterestIncome": "None", "otherNonOperatingIncome": "66838000", "depreciation": "None", "depreciationAndAmortization": "14476000", "incomeBeforeTax": "975786000", "incomeTaxExpense": "26798000", "interestAndDebtExpense": "None", "netIncomeFromContinuingOperations": "948988000", "comprehensiveIncomeNetOfTax": "None", "ebit": "510895000", "ebitda": "1294825000", "netIncome": "442742000"}, {"fiscalDateEnding": "2018-06-30", "reportedCurrency": "USD", "grossProfit": "2593250000", "totalRevenue": "2593250000", "costOfRevenue": "813611000", "costofGoodsAndServicesSold": "813611000", "operatingIncome": "2002321000", "sellingGeneralAndAdministrative": "163450000", "researchAndDevelopment": "0", "operatingExpenses": "590929000", "investmentIncomeNet": "None", "netInterestIncome": "None", "interestIncome": "None", "interestExpense": "39320000", "nonInterestIncome": "None", "otherNonOperatingIncome": "73519000", "depreciation": "None", "depreciationAndAmortization": "14492000", "incomeBeforeTax": "1689708000", "incomeTaxExpense": "138731000", "interestAndDebtExpense": "None", "netIncomeFromContinuingOperations": "1550977000", "comprehensiveIncomeNetOfTax": "None", "ebit": "920093000", "ebitda": "2002321000", "netIncome": "742042000"}, {"fiscalDateEnding": "2018-03-31", "reportedCurrency": "USD", "grossProfit": "1730460000", "totalRevenue": "1730460000", "costOfRevenue": "762562000", "costofGoodsAndServicesSold": "762562000", "operatingIncome": "1159359000", "sellingGeneralAndAdministrative": "181698000", "researchAndDevelopment": "0", "operatingExpenses": "571101000", "investmentIncomeNet": "None", "netInterestIncome": "None", "interestIncome": "None", "interestExpense": "38671000", "nonInterestIncome": "None", "otherNonOperatingIncome": "110599000", "depreciation": "None", "depreciationAndAmortization": "14492000", "incomeBeforeTax": "896799000", "incomeTaxExpense": "54495000", "interestAndDebtExpense": "None", "netIncomeFromContinuingOperations": "842304000", "comprehensiveIncomeNetOfTax": "None", "ebit": "461038000", "ebitda": "1159359000", "netIncome": "367872000"}, {"fiscalDateEnding": "2017-12-31", "reportedCurrency": "USD", "grossProfit": "1884607000", "totalRevenue": "1884607000", "costOfRevenue": "-1470029000", "costofGoodsAndServicesSold": "-1470029000", "operatingIncome": "1348823000", "sellingGeneralAndAdministrative": "171300000", "researchAndDevelopment": "0", "operatingExpenses": "535784000", "investmentIncomeNet": "None", "netInterestIncome": "None", "interestIncome": "None", "interestExpense": "453774000", "nonInterestIncome": "None", "otherNonOperatingIncome": "485818000", "depreciation": "None", "depreciationAndAmortization": "13885000", "incomeBeforeTax": "1400130000", "incomeTaxExpense": "596590000", "interestAndDebtExpense": "None", "netIncomeFromContinuingOperations": "762544000", "comprehensiveIncomeNetOfTax": "None", "ebit": "1331952000", "ebitda": "1348823000", "netIncome": "304138000"}, {"fiscalDateEnding": "2017-09-30", "reportedCurrency": "USD", "grossProfit": "1693813000", "totalRevenue": "1693813000", "costOfRevenue": "720110000", "costofGoodsAndServicesSold": "720110000", "operatingIncome": "1187218000", "sellingGeneralAndAdministrative": "147386000", "researchAndDevelopment": "0", "operatingExpenses": "506595000", "investmentIncomeNet": "None", "netInterestIncome": "None", "interestIncome": "None", "interestExpense": "362717000", "nonInterestIncome": "None", "otherNonOperatingIncome": "63448000", "depreciation": "None", "depreciationAndAmortization": "10964000", "incomeBeforeTax": "894295000", "incomeTaxExpense": "59512000", "interestAndDebtExpense": "None", "netIncomeFromContinuingOperations": "846953000", "comprehensiveIncomeNetOfTax": "None", "ebit": "806871000", "ebitda": "1187218000", "netIncome": "377920000"}, {"fiscalDateEnding": "2017-06-30", "reportedCurrency": "USD", "grossProfit": "1494637000", "totalRevenue": "1494637000", "costOfRevenue": "679073000", "costofGoodsAndServicesSold": "679073000", "operatingIncome": "958213000", "sellingGeneralAndAdministrative": "169221000", "researchAndDevelopment": "0", "operatingExpenses": "536424000", "investmentIncomeNet": "None", "netInterestIncome": "None", "interestIncome": "None", "interestExpense": "310878000", "nonInterestIncome": "None", "otherNonOperatingIncome": "110054000", "depreciation": "None", "depreciationAndAmortization": "10963000", "incomeBeforeTax": "764587000", "incomeTaxExpense": "29608000", "interestAndDebtExpense": "None", "netIncomeFromContinuingOperations": "744689000", "comprehensiveIncomeNetOfTax": "None", "ebit": "683261000", "ebitda": "958213000", "netIncome": "337407000"}, {"fiscalDateEnding": "2017-03-31", "reportedCurrency": "USD", "grossProfit": "1874472000", "totalRevenue": "1874472000", "costOfRevenue": "759284000", "costofGoodsAndServicesSold": "759284000", "operatingIncome": "1389421000", "sellingGeneralAndAdministrative": "133461999", "researchAndDevelopment": "0", "operatingExpenses": "485051000", "investmentIncomeNet": "None", "netInterestIncome": "None", "interestIncome": "None", "interestExpense": "402050000", "nonInterestIncome": "None", "otherNonOperatingIncome": "66132000", "depreciation": "None", "depreciationAndAmortization": "10964000", "incomeBeforeTax": "1059077000", "incomeTaxExpense": "57437000", "interestAndDebtExpense": "None", "netIncomeFromContinuingOperations": "1019768000", "comprehensiveIncomeNetOfTax": "None", "ebit": "921312000", "ebitda": "1389421000", "netIncome": "451909000"}, {"fiscalDateEnding": "2016-12-31", "reportedCurrency": "USD", "grossProfit": "1528227000", "totalRevenue": "1528227000", "costOfRevenue": "-863005000", "costofGoodsAndServicesSold": "-863005000", "operatingIncome": "1058694000", "sellingGeneralAndAdministrative": "165186000", "researchAndDevelopment": "0", "operatingExpenses": "469533000", "investmentIncomeNet": "None", "netInterestIncome": "None", "interestIncome": "None", "interestExpense": "320176000", "nonInterestIncome": "None", "otherNonOperatingIncome": "73510000", "depreciation": "None", "depreciationAndAmortization": "15615000", "incomeBeforeTax": "818395000", "incomeTaxExpense": "48087000", "interestAndDebtExpense": "None", "netIncomeFromContinuingOperations": "780028000", "comprehensiveIncomeNetOfTax": "None", "ebit": "736214000", "ebitda": "1058694000", "netIncome": "367951000"}, {"fiscalDateEnding": "2016-09-30", "reportedCurrency": "USD", "grossProfit": "1394407000", "totalRevenue": "1394407000", "costOfRevenue": "597049000", "costofGoodsAndServicesSold": "597049000", "operatingIncome": "925323000", "sellingGeneralAndAdministrative": "139450000", "researchAndDevelopment": "0", "operatingExpenses": "469084000", "investmentIncomeNet": "None", "netInterestIncome": "None", "interestIncome": "None", "interestExpense": "275749000", "nonInterestIncome": "None", "otherNonOperatingIncome": "61395000", "depreciation": "None", "depreciationAndAmortization": "21673000", "incomeBeforeTax": "719303000", "incomeTaxExpense": "27714000", "interestAndDebtExpense": "None", "netIncomeFromContinuingOperations": "691589000", "comprehensiveIncomeNetOfTax": "None", "ebit": "616368000", "ebitda": "925323000", "netIncome": "312905000"}, {"fiscalDateEnding": "2016-06-30", "reportedCurrency": "USD", "grossProfit": "1155548000", "totalRevenue": "1155548000", "costOfRevenue": "536145000", "costofGoodsAndServicesSold": "536145000", "operatingIncome": "660544000", "sellingGeneralAndAdministrative": "139580000", "researchAndDevelopment": "0", "operatingExpenses": "495004000", "investmentIncomeNet": "None", "netInterestIncome": "None", "interestIncome": "None", "interestExpense": "199660000", "nonInterestIncome": "None", "otherNonOperatingIncome": "30703000", "depreciation": "None", "depreciationAndAmortization": "22827000", "incomeBeforeTax": "510526000", "incomeTaxExpense": "47415000", "interestAndDebtExpense": "None", "netIncomeFromContinuingOperations": "463111000", "comprehensiveIncomeNetOfTax": "None", "ebit": "445701000", "ebitda": "660544000", "netIncome": "198626000"}, {"fiscalDateEnding": "2016-03-31", "reportedCurrency": "USD", "grossProfit": "894998000", "totalRevenue": "894998000", "costOfRevenue": "452080000", "costofGoodsAndServicesSold": "452080000", "operatingIncome": "420721000", "sellingGeneralAndAdministrative": "128274000", "researchAndDevelopment": "0", "operatingExpenses": "474277000", "investmentIncomeNet": "None", "netInterestIncome": "None", "interestIncome": "None", "interestExpense": "125861000", "nonInterestIncome": "None", "otherNonOperatingIncome": "19142000", "depreciation": "None", "depreciationAndAmortization": "22828000", "incomeBeforeTax": "333786000", "incomeTaxExpense": "9146000", "interestAndDebtExpense": "None", "netIncomeFromContinuingOperations": "314920000", "comprehensiveIncomeNetOfTax": "None", "ebit": "294760000", "ebitda": "420721000", "netIncome": "159753000"}, {"fiscalDateEnding": "2015-12-31", "reportedCurrency": "USD", "grossProfit": "858541000", "totalRevenue": "858541000", "costOfRevenue": "-1214877000", "costofGoodsAndServicesSold": "-1214877000", "operatingIncome": "416322000", "sellingGeneralAndAdministrative": "30261000", "researchAndDevelopment": "0", "operatingExpenses": "442219000", "investmentIncomeNet": "None", "netInterestIncome": "None", "interestIncome": "None", "interestExpense": "108096000", "nonInterestIncome": "None", "otherNonOperatingIncome": "-45049000", "depreciation": "None", "depreciationAndAmortization": "23490000", "incomeBeforeTax": "440909000", "incomeTaxExpense": "46230000", "interestAndDebtExpense": "None", "netIncomeFromContinuingOperations": "274422000", "comprehensiveIncomeNetOfTax": "None", "ebit": "139004000", "ebitda": "416322000", "netIncome": "200870000"}, {"fiscalDateEnding": "2015-09-30", "reportedCurrency": "USD", "grossProfit": "-25287000", "totalRevenue": "-25287000", "costOfRevenue": "263177000", "costofGoodsAndServicesSold": "263177000", "operatingIncome": "-595902000", "sellingGeneralAndAdministrative": "176960000", "researchAndDevelopment": "0", "operatingExpenses": "570615000", "investmentIncomeNet": "None", "netInterestIncome": "None", "interestIncome": "None", "interestExpense": "134658000", "nonInterestIncome": "None", "otherNonOperatingIncome": "-16867000", "depreciation": "None", "depreciationAndAmortization": "29525000", "incomeBeforeTax": "-482291000", "incomeTaxExpense": "1573000", "interestAndDebtExpense": "None", "netIncomeFromContinuingOperations": "-483864000", "comprehensiveIncomeNetOfTax": "None", "ebit": "-118466000", "ebitda": "-595902000", "netIncome": "-254697000"}, {"fiscalDateEnding": "2015-06-30", "reportedCurrency": "USD", "grossProfit": "1187788000", "totalRevenue": "1187788000", "costOfRevenue": "688460000", "costofGoodsAndServicesSold": "688460000", "operatingIncome": "526211000", "sellingGeneralAndAdministrative": "188558000", "researchAndDevelopment": "0", "operatingExpenses": "661577000", "investmentIncomeNet": "None", "netInterestIncome": "None", "interestIncome": "None", "interestExpense": "224888000", "nonInterestIncome": "None", "otherNonOperatingIncome": "82015000", "depreciation": "None", "depreciationAndAmortization": "23622000", "incomeBeforeTax": "392785000", "incomeTaxExpense": "43251000", "interestAndDebtExpense": "None", "netIncomeFromContinuingOperations": "349534000", "comprehensiveIncomeNetOfTax": "None", "ebit": "402307000", "ebitda": "526211000", "netIncome": "134168000"}, {"fiscalDateEnding": "2015-03-31", "reportedCurrency": "USD", "grossProfit": "2480988000", "totalRevenue": "2480988000", "costOfRevenue": "963375000", "costofGoodsAndServicesSold": "963375000", "operatingIncome": "1773606000", "sellingGeneralAndAdministrative": "147823000", "researchAndDevelopment": "0", "operatingExpenses": "707382000", "investmentIncomeNet": "None", "netInterestIncome": "None", "interestIncome": "None", "interestExpense": "397998000", "nonInterestIncome": "None", "otherNonOperatingIncome": "238972000", "depreciation": "None", "depreciationAndAmortization": "24800000", "incomeBeforeTax": "1463345000", "incomeTaxExpense": "99344000", "interestAndDebtExpense": "None", "netIncomeFromContinuingOperations": "1484258000", "comprehensiveIncomeNetOfTax": "None", "ebit": "1126790000", "ebitda": "1773606000", "netIncome": "629448000"}, {"fiscalDateEnding": "2014-12-31", "reportedCurrency": "USD", "grossProfit": "1985379000", "totalRevenue": "1985379000", "costOfRevenue": "-1526016000", "costofGoodsAndServicesSold": "-1526016000", "operatingIncome": "1467937000", "sellingGeneralAndAdministrative": "62459000", "researchAndDevelopment": "0", "operatingExpenses": "517442000", "investmentIncomeNet": "None", "netInterestIncome": "None", "interestIncome": "None", "interestExpense": "315215000", "nonInterestIncome": "None", "otherNonOperatingIncome": "349172000", "depreciation": "None", "depreciationAndAmortization": "25006000", "incomeBeforeTax": "1338120000", "incomeTaxExpense": "74686000", "interestAndDebtExpense": "None", "netIncomeFromContinuingOperations": "1263434000", "comprehensiveIncomeNetOfTax": "None", "ebit": "941352000", "ebitda": "1467937000", "netIncome": "551451000"}, {"fiscalDateEnding": "2014-09-30", "reportedCurrency": "USD", "grossProfit": "1647811000", "totalRevenue": "1647811000", "costOfRevenue": "885255000", "costofGoodsAndServicesSold": "885255000", "operatingIncome": "984450000", "sellingGeneralAndAdministrative": "138268000", "researchAndDevelopment": "0", "operatingExpenses": "663361000", "investmentIncomeNet": "None", "netInterestIncome": "None", "interestIncome": "None", "interestExpense": "381750000", "nonInterestIncome": "None", "otherNonOperatingIncome": "8682000", "depreciation": "None", "depreciationAndAmortization": "25085000", "incomeBeforeTax": "632970000", "incomeTaxExpense": "79108000", "interestAndDebtExpense": "None", "netIncomeFromContinuingOperations": "553862000", "comprehensiveIncomeNetOfTax": "None", "ebit": "711363000", "ebitda": "984450000", "netIncome": "250505000"}, {"fiscalDateEnding": "2014-06-30", "reportedCurrency": "USD", "grossProfit": "2228013000", "totalRevenue": "2228013000", "costOfRevenue": "918439000", "costofGoodsAndServicesSold": "918439000", "operatingIncome": "1585877000", "sellingGeneralAndAdministrative": "141495000", "researchAndDevelopment": "0", "operatingExpenses": "642136000", "investmentIncomeNet": "None", "netInterestIncome": "None", "interestIncome": "None", "interestExpense": "404444000", "nonInterestIncome": "None", "otherNonOperatingIncome": "None", "depreciation": "None", "depreciationAndAmortization": "25566000", "incomeBeforeTax": "1306664000", "incomeTaxExpense": "83282000", "interestAndDebtExpense": "None", "netIncomeFromContinuingOperations": "1223382000", "comprehensiveIncomeNetOfTax": "None", "ebit": "1004742000", "ebitda": "1585877000", "netIncome": "517015999"}, {"fiscalDateEnding": "2014-03-31", "reportedCurrency": "USD", "grossProfit": "1502001000", "totalRevenue": "1502001000", "costOfRevenue": "722645000", "costofGoodsAndServicesSold": "722645000", "operatingIncome": "876111000", "sellingGeneralAndAdministrative": "140539000", "researchAndDevelopment": "0", "operatingExpenses": "625890000", "investmentIncomeNet": "None", "netInterestIncome": "None", "interestIncome": "None", "interestExpense": "214795000", "nonInterestIncome": "None", "otherNonOperatingIncome": "None", "depreciation": "None", "depreciationAndAmortization": "26258000", "incomeBeforeTax": "708972000", "incomeTaxExpense": "54097000", "interestAndDebtExpense": "None", "netIncomeFromContinuingOperations": "654875000", "comprehensiveIncomeNetOfTax": "None", "ebit": "534509000", "ebitda": "876111000", "netIncome": "265617000"}, {"fiscalDateEnding": "2013-12-31", "reportedCurrency": "USD", "grossProfit": "2405274000", "totalRevenue": "2681693000", "costOfRevenue": "-185610000", "costofGoodsAndServicesSold": "-185610000", "operatingIncome": "2571296000", "sellingGeneralAndAdministrative": "57680000", "researchAndDevelopment": "0", "operatingExpenses": "110397000", "investmentIncomeNet": "None", "netInterestIncome": "None", "interestIncome": "None", "interestExpense": "675252000", "nonInterestIncome": "None", "otherNonOperatingIncome": "402133000", "depreciation": "None", "depreciationAndAmortization": "26396000", "incomeBeforeTax": "1584913000", "incomeTaxExpense": "91090000", "interestAndDebtExpense": "None", "netIncomeFromContinuingOperations": "1493823000", "comprehensiveIncomeNetOfTax": "None", "ebit": "1387597000", "ebitda": "2571296000", "netIncome": "621255000"}, {"fiscalDateEnding": "2013-09-30", "reportedCurrency": "USD", "grossProfit": "501795000", "totalRevenue": "1190577000", "costOfRevenue": "634024000", "costofGoodsAndServicesSold": "634024000", "operatingIncome": "430440000", "sellingGeneralAndAdministrative": "126113000", "researchAndDevelopment": "0", "operatingExpenses": "760137000", "investmentIncomeNet": "None", "netInterestIncome": "None", "interestIncome": "None", "interestExpense": "168978000", "nonInterestIncome": "None", "otherNonOperatingIncome": "None", "depreciation": "None", "depreciationAndAmortization": "24783000", "incomeBeforeTax": "518392000", "incomeTaxExpense": "57477000", "interestAndDebtExpense": "None", "netIncomeFromContinuingOperations": "460915000", "comprehensiveIncomeNetOfTax": "None", "ebit": "397619000", "ebitda": "430440000", "netIncome": "171164000"}, {"fiscalDateEnding": "2013-06-30", "reportedCurrency": "USD", "grossProfit": "-39048000", "totalRevenue": "1413514000", "costOfRevenue": "1244794000", "costofGoodsAndServicesSold": "1244794000", "operatingIncome": "525707999", "sellingGeneralAndAdministrative": "121993000", "researchAndDevelopment": "0", "operatingExpenses": "887805999", "investmentIncomeNet": "None", "netInterestIncome": "None", "interestIncome": "None", "interestExpense": "275690000", "nonInterestIncome": "None", "otherNonOperatingIncome": "None", "depreciation": "None", "depreciationAndAmortization": "-525707999", "incomeBeforeTax": "566674000", "incomeTaxExpense": "56082000", "interestAndDebtExpense": "None", "netIncomeFromContinuingOperations": "510592000", "comprehensiveIncomeNetOfTax": "None", "ebit": "1051415998", "ebitda": "525707999", "netIncome": "211148000"}, {"fiscalDateEnding": "2013-03-31", "reportedCurrency": "USD", "grossProfit": "410387000", "totalRevenue": "1219411000", "costOfRevenue": "691325000", "costofGoodsAndServicesSold": "691325000", "operatingIncome": "411372000", "sellingGeneralAndAdministrative": "116714000", "researchAndDevelopment": "0", "operatingExpenses": "808039000", "investmentIncomeNet": "None", "netInterestIncome": "None", "interestIncome": "None", "interestExpense": "211971000", "nonInterestIncome": "None", "otherNonOperatingIncome": "None", "depreciation": "None", "depreciationAndAmortization": "-411372000", "incomeBeforeTax": "478582000", "incomeTaxExpense": "50993000", "interestAndDebtExpense": "None", "netIncomeFromContinuingOperations": "427589000", "comprehensiveIncomeNetOfTax": "None", "ebit": "822744000", "ebitda": "411372000", "netIncome": "167635000"}, {"fiscalDateEnding": "2012-12-31", "reportedCurrency": "USD", "grossProfit": "-1687854000", "totalRevenue": "1191608000", "costOfRevenue": "2605244000", "costofGoodsAndServicesSold": "2605244000", "operatingIncome": "333534000", "sellingGeneralAndAdministrative": "59749000", "researchAndDevelopment": "0", "operatingExpenses": "860174000", "investmentIncomeNet": "None", "netInterestIncome": "None", "interestIncome": "None", "interestExpense": "405677000", "nonInterestIncome": "None", "otherNonOperatingIncome": "166984000", "depreciation": "None", "depreciationAndAmortization": "-333534000", "incomeBeforeTax": "187167000", "incomeTaxExpense": "65696000", "interestAndDebtExpense": "None", "netIncomeFromContinuingOperations": "43965000", "comprehensiveIncomeNetOfTax": "None", "ebit": "667068000", "ebitda": "333534000", "netIncome": "106413000"}, {"fiscalDateEnding": "2012-09-30", "reportedCurrency": "USD", "grossProfit": "214278000", "totalRevenue": "917170000", "costOfRevenue": "702892000", "costofGoodsAndServicesSold": "702892000", "operatingIncome": "371699000", "sellingGeneralAndAdministrative": "129425000", "researchAndDevelopment": "0", "operatingExpenses": "681431000", "investmentIncomeNet": "None", "netInterestIncome": "None", "interestIncome": "None", "interestExpense": "41097000", "nonInterestIncome": "None", "otherNonOperatingIncome": "None", "depreciation": "None", "depreciationAndAmortization": "30597000", "incomeBeforeTax": "235739000", "incomeTaxExpense": "39237000", "interestAndDebtExpense": "None", "netIncomeFromContinuingOperations": "196502000", "comprehensiveIncomeNetOfTax": "None", "ebit": "341102000", "ebitda": "371699000", "netIncome": "128824000"}, {"fiscalDateEnding": "2012-06-30", "reportedCurrency": "USD", "grossProfit": "-290481000", "totalRevenue": "816947000", "costOfRevenue": "1107428000", "costofGoodsAndServicesSold": "1107428000", "operatingIncome": "-112616000", "sellingGeneralAndAdministrative": "151985000", "researchAndDevelopment": "0", "operatingExpenses": "681333000", "investmentIncomeNet": "None", "netInterestIncome": "None", "interestIncome": "None", "interestExpense": "21671000", "nonInterestIncome": "None", "otherNonOperatingIncome": "None", "depreciation": "None", "depreciationAndAmortization": "36693000", "incomeBeforeTax": "135614000", "incomeTaxExpense": "41337000", "interestAndDebtExpense": "None", "netIncomeFromContinuingOperations": "94277000", "comprehensiveIncomeNetOfTax": "None", "ebit": "-149309000", "ebitda": "-112616000", "netIncome": "-74964000"}, {"fiscalDateEnding": "2012-03-31", "reportedCurrency": "USD", "grossProfit": "511381000", "totalRevenue": "1116148000", "costOfRevenue": "604767000", "costofGoodsAndServicesSold": "604767000", "operatingIncome": "168243000", "sellingGeneralAndAdministrative": "164508000", "researchAndDevelopment": "0", "operatingExpenses": "659763000", "investmentIncomeNet": "None", "netInterestIncome": "None", "interestIncome": "None", "interestExpense": "14518000", "nonInterestIncome": "None", "otherNonOperatingIncome": "89161000", "depreciation": "None", "depreciationAndAmortization": "48142000", "incomeBeforeTax": "456385000", "incomeTaxExpense": "38753000", "interestAndDebtExpense": "None", "netIncomeFromContinuingOperations": "495138000", "comprehensiveIncomeNetOfTax": "None", "ebit": "120101000", "ebitda": "168243000", "netIncome": "58325000"}, {"fiscalDateEnding": "2011-12-31", "reportedCurrency": "USD", "grossProfit": "-1469920000", "totalRevenue": "1268505000", "costOfRevenue": "2738425000", "costofGoodsAndServicesSold": "2738425000", "operatingIncome": "43665000", "sellingGeneralAndAdministrative": "192342000", "researchAndDevelopment": "0", "operatingExpenses": "562845000", "investmentIncomeNet": "None", "netInterestIncome": "None", "interestIncome": "None", "interestExpense": "16051000", "nonInterestIncome": "None", "otherNonOperatingIncome": "213323000", "depreciation": "None", "depreciationAndAmortization": "82827000", "incomeBeforeTax": "705660000", "incomeTaxExpense": "250299000", "interestAndDebtExpense": "None", "netIncomeFromContinuingOperations": "-300845000", "comprehensiveIncomeNetOfTax": "None", "ebit": "-39162000", "ebitda": "43665000", "netIncome": "-22677000"}, {"fiscalDateEnding": "2011-09-30", "reportedCurrency": "USD", "grossProfit": "-1151259000", "totalRevenue": "-391304000", "costOfRevenue": "759955000", "costofGoodsAndServicesSold": "759955000", "operatingIncome": "-665013000", "sellingGeneralAndAdministrative": "133564000", "researchAndDevelopment": "0", "operatingExpenses": "628042000", "investmentIncomeNet": "None", "netInterestIncome": "None", "interestIncome": "None", "interestExpense": "13785000", "nonInterestIncome": "None", "otherNonOperatingIncome": "None", "depreciation": "None", "depreciationAndAmortization": "42339000", "incomeBeforeTax": "-994412000", "incomeTaxExpense": "-7637000", "interestAndDebtExpense": "None", "netIncomeFromContinuingOperations": "986775000", "comprehensiveIncomeNetOfTax": "None", "ebit": "-707352000", "ebitda": "-665013000", "netIncome": "-274567000"}, {"fiscalDateEnding": "2011-06-30", "reportedCurrency": "USD", "grossProfit": "463039000", "totalRevenue": "1308281000", "costOfRevenue": "845242000", "costofGoodsAndServicesSold": "845242000", "operatingIncome": "323450000", "sellingGeneralAndAdministrative": "970646000", "researchAndDevelopment": "0", "operatingExpenses": "970646000", "investmentIncomeNet": "None", "netInterestIncome": "None", "interestIncome": "None", "interestExpense": "14185000", "nonInterestIncome": "None", "otherNonOperatingIncome": "None", "depreciation": "None", "depreciationAndAmortization": "41579000", "incomeBeforeTax": "248796000", "incomeTaxExpense": "64199000", "interestAndDebtExpense": "None", "netIncomeFromContinuingOperations": "-184597000", "comprehensiveIncomeNetOfTax": "None", "ebit": "281871000", "ebitda": "323450000", "netIncome": "86237000"}, {"fiscalDateEnding": "2011-03-31", "reportedCurrency": "USD", "grossProfit": "316718000", "totalRevenue": "1153269000", "costOfRevenue": "836551000", "costofGoodsAndServicesSold": "836551000", "operatingIncome": "162405000", "sellingGeneralAndAdministrative": "977061000", "researchAndDevelopment": "0", "operatingExpenses": "977061000", "investmentIncomeNet": "None", "netInterestIncome": "None", "interestIncome": "None", "interestExpense": "13803000", "nonInterestIncome": "None", "otherNonOperatingIncome": "None", "depreciation": "None", "depreciationAndAmortization": "40846000", "incomeBeforeTax": "117214000", "incomeTaxExpense": "38850000", "interestAndDebtExpense": "None", "netIncomeFromContinuingOperations": "-78364000", "comprehensiveIncomeNetOfTax": "None", "ebit": "121559000", "ebitda": "162405000", "netIncome": "42704000"}, {"fiscalDateEnding": "2010-12-31", "reportedCurrency": "USD", "grossProfit": "-1592459000", "totalRevenue": "1030439000", "costOfRevenue": "2622898000", "costofGoodsAndServicesSold": "2622898000", "operatingIncome": "94274000", "sellingGeneralAndAdministrative": "135235000", "researchAndDevelopment": "0", "operatingExpenses": "831796000", "investmentIncomeNet": "None", "netInterestIncome": "None", "interestIncome": "None", "interestExpense": "14596000", "nonInterestIncome": "None", "otherNonOperatingIncome": "None", "depreciation": "None", "depreciationAndAmortization": "40845000", "incomeBeforeTax": "198643000", "incomeTaxExpense": "59867000", "interestAndDebtExpense": "None", "netIncomeFromContinuingOperations": "0", "comprehensiveIncomeNetOfTax": "None", "ebit": "53429000", "ebitda": "94274000", "netIncome": "-10973000"}, {"fiscalDateEnding": "2010-09-30", "reportedCurrency": "USD", "grossProfit": "-529275000", "totalRevenue": "264015000", "costOfRevenue": "793290000", "costofGoodsAndServicesSold": "793290000", "operatingIncome": "-141769000", "sellingGeneralAndAdministrative": "120713000", "researchAndDevelopment": "0", "operatingExpenses": "120713000", "investmentIncomeNet": "None", "netInterestIncome": "None", "interestIncome": "None", "interestExpense": "11766000", "nonInterestIncome": "None", "otherNonOperatingIncome": "None", "depreciation": "None", "depreciationAndAmortization": "40872000", "incomeBeforeTax": "143302000", "incomeTaxExpense": "-4225000", "interestAndDebtExpense": "None", "netIncomeFromContinuingOperations": "-147527000", "comprehensiveIncomeNetOfTax": "None", "ebit": "-182641000", "ebitda": "-141769000", "netIncome": "-44358000"}, {"fiscalDateEnding": "2010-06-30", "reportedCurrency": "USD", "grossProfit": "-528529000", "totalRevenue": "461169000", "costOfRevenue": "989698000", "costofGoodsAndServicesSold": "989698000", "operatingIncome": "-577678000", "sellingGeneralAndAdministrative": "130386000", "researchAndDevelopment": "0", "operatingExpenses": "1098097000", "investmentIncomeNet": "None", "netInterestIncome": "None", "interestIncome": "None", "interestExpense": "7682000", "nonInterestIncome": "None", "otherNonOperatingIncome": "None", "depreciation": "None", "depreciationAndAmortization": "40822000", "incomeBeforeTax": "-636928000", "incomeTaxExpense": "19392000", "interestAndDebtExpense": "None", "netIncomeFromContinuingOperations": "656320000", "comprehensiveIncomeNetOfTax": "None", "ebit": "-618500000", "ebitda": "-577678000", "netIncome": "-193320000"}, {"fiscalDateEnding": "2010-03-31", "reportedCurrency": "USD", "grossProfit": "-286052000", "totalRevenue": "701239000", "costOfRevenue": "987291000", "costofGoodsAndServicesSold": "987291000", "operatingIncome": "-399475000", "sellingGeneralAndAdministrative": "1093670000", "researchAndDevelopment": "0", "operatingExpenses": "1093529000", "investmentIncomeNet": "None", "netInterestIncome": "None", "interestIncome": "None", "interestExpense": "7185000", "nonInterestIncome": "None", "otherNonOperatingIncome": "None", "depreciation": "None", "depreciationAndAmortization": "39512000", "incomeBeforeTax": "-149850000", "incomeTaxExpense": "9635000", "interestAndDebtExpense": "None", "netIncomeFromContinuingOperations": "0", "comprehensiveIncomeNetOfTax": "None", "ebit": "-438987000", "ebitda": "-399475000", "netIncome": "-121377000"}, {"fiscalDateEnding": "2009-12-31", "reportedCurrency": "USD", "grossProfit": "-3053320000", "totalRevenue": "724286000", "costOfRevenue": "3777606000", "costofGoodsAndServicesSold": "3777606000", "operatingIncome": "-118547000", "sellingGeneralAndAdministrative": "116481000", "researchAndDevelopment": "0", "operatingExpenses": "1089600000", "investmentIncomeNet": "None", "netInterestIncome": "None", "interestIncome": "None", "interestExpense": "6640000", "nonInterestIncome": "None", "otherNonOperatingIncome": "None", "depreciation": "None", "depreciationAndAmortization": "39511000", "incomeBeforeTax": "-365314000", "incomeTaxExpense": "18063000", "interestAndDebtExpense": "None", "netIncomeFromContinuingOperations": "0", "comprehensiveIncomeNetOfTax": "None", "ebit": "-158058000", "ebitda": "-118547000", "netIncome": "-143250000"}, {"fiscalDateEnding": "2009-09-30", "reportedCurrency": "USD", "grossProfit": "-315051000", "totalRevenue": "665577000", "costOfRevenue": "980628000", "costofGoodsAndServicesSold": "980628000", "operatingIncome": "-500771000", "sellingGeneralAndAdministrative": "111908000", "researchAndDevelopment": "0", "operatingExpenses": "1092536000", "investmentIncomeNet": "None", "netInterestIncome": "None", "interestIncome": "None", "interestExpense": "5258000", "nonInterestIncome": "None", "otherNonOperatingIncome": "None", "depreciation": "None", "depreciationAndAmortization": "39513000", "incomeBeforeTax": "-426959000", "incomeTaxExpense": "52551000", "interestAndDebtExpense": "None", "netIncomeFromContinuingOperations": "0", "comprehensiveIncomeNetOfTax": "None", "ebit": "-540284000", "ebitda": "-500771000", "netIncome": "-176183000"}, {"fiscalDateEnding": "2009-06-30", "reportedCurrency": "USD", "grossProfit": "-473118000", "totalRevenue": "464633000", "costOfRevenue": "937751000", "costofGoodsAndServicesSold": "937751000", "operatingIncome": "-645290000", "sellingGeneralAndAdministrative": "113868000", "researchAndDevelopment": "0", "operatingExpenses": "1051619000", "investmentIncomeNet": "None", "netInterestIncome": "None", "interestIncome": "None", "interestExpense": "87000", "nonInterestIncome": "None", "otherNonOperatingIncome": "None", "depreciation": "None", "depreciationAndAmortization": "39511000", "incomeBeforeTax": "-586986000", "incomeTaxExpense": "10885000", "interestAndDebtExpense": "None", "netIncomeFromContinuingOperations": "0", "comprehensiveIncomeNetOfTax": "None", "ebit": "-684801000", "ebitda": "-645290000", "netIncome": "-164284000"}, {"fiscalDateEnding": "2009-03-31", "reportedCurrency": "USD", "grossProfit": "-801378000", "totalRevenue": "10969000", "costOfRevenue": "812347000", "costofGoodsAndServicesSold": "812347000", "operatingIncome": "-877444000", "sellingGeneralAndAdministrative": "110829000", "researchAndDevelopment": "0", "operatingExpenses": "923176000", "investmentIncomeNet": "None", "netInterestIncome": "None", "interestIncome": "None", "interestExpense": "1399000", "nonInterestIncome": "None", "otherNonOperatingIncome": "None", "depreciation": "None", "depreciationAndAmortization": "39513000", "incomeBeforeTax": "-912207000", "incomeTaxExpense": "17731000", "interestAndDebtExpense": "None", "netIncomeFromContinuingOperations": "0", "comprehensiveIncomeNetOfTax": "None", "ebit": "-916957000", "ebitda": "-877444000", "netIncome": "-231574000"}, {"fiscalDateEnding": "2008-12-31", "reportedCurrency": "USD", "grossProfit": "-5690961000", "totalRevenue": "-915587000", "costOfRevenue": "4775374000", "costofGoodsAndServicesSold": "4775374000", "operatingIncome": "-397612000", "sellingGeneralAndAdministrative": "121040000", "researchAndDevelopment": "0", "operatingExpenses": "983351000", "investmentIncomeNet": "None", "netInterestIncome": "None", "interestIncome": "None", "interestExpense": "8682000", "nonInterestIncome": "None", "otherNonOperatingIncome": "None", "depreciation": "None", "depreciationAndAmortization": "39512000", "incomeBeforeTax": "-1898938000", "incomeTaxExpense": "8883000", "interestAndDebtExpense": "None", "netIncomeFromContinuingOperations": "0", "comprehensiveIncomeNetOfTax": "None", "ebit": "-437124000", "ebitda": "-397612000", "netIncome": "-415177000"}, {"fiscalDateEnding": "2008-09-30", "reportedCurrency": "USD", "grossProfit": "-2425325000", "totalRevenue": "-716902000", "costOfRevenue": "1708423000", "costofGoodsAndServicesSold": "1708423000", "operatingIncome": "-1292952000", "sellingGeneralAndAdministrative": "135284000", "researchAndDevelopment": "0", "operatingExpenses": "1126805000", "investmentIncomeNet": "None", "netInterestIncome": "None", "interestIncome": "None", "interestExpense": "5893000", "nonInterestIncome": "None", "otherNonOperatingIncome": "None", "depreciation": "None", "depreciationAndAmortization": "39512000", "incomeBeforeTax": "-1843707000", "incomeTaxExpense": "-25168000", "interestAndDebtExpense": "None", "netIncomeFromContinuingOperations": "0", "comprehensiveIncomeNetOfTax": "None", "ebit": "-1332464000", "ebitda": "-1292952000", "netIncome": "-340331000"}, {"fiscalDateEnding": "2008-06-30", "reportedCurrency": "USD", "grossProfit": "-491168000", "totalRevenue": "537640000", "costOfRevenue": "1028808000", "costofGoodsAndServicesSold": "1028808000", "operatingIncome": "-810156000", "sellingGeneralAndAdministrative": "129310000", "researchAndDevelopment": "0", "operatingExpenses": "1158118000", "investmentIncomeNet": "None", "netInterestIncome": "None", "interestIncome": "None", "interestExpense": "5690000", "nonInterestIncome": "None", "otherNonOperatingIncome": "None", "depreciation": "None", "depreciationAndAmortization": "40685000", "incomeBeforeTax": "-620478000", "incomeTaxExpense": "-28978000", "interestAndDebtExpense": "None", "netIncomeFromContinuingOperations": "0", "comprehensiveIncomeNetOfTax": "None", "ebit": "-850841000", "ebitda": "-810156000", "netIncome": "-156531000"}, {"fiscalDateEnding": "2008-03-31", "reportedCurrency": "USD", "grossProfit": "-1276859000", "totalRevenue": "-149856000", "costOfRevenue": "1127003000", "costofGoodsAndServicesSold": "1127003000", "operatingIncome": "-1029540000", "sellingGeneralAndAdministrative": "118173000", "researchAndDevelopment": "0", "operatingExpenses": "1095320000", "investmentIncomeNet": "None", "netInterestIncome": "None", "interestIncome": "None", "interestExpense": "2743000", "nonInterestIncome": "None", "otherNonOperatingIncome": "None", "depreciation": "None", "depreciationAndAmortization": "33528000", "incomeBeforeTax": "-1245176000", "incomeTaxExpense": "4274000", "interestAndDebtExpense": "None", "netIncomeFromContinuingOperations": "0", "comprehensiveIncomeNetOfTax": "None", "ebit": "-1063068000", "ebitda": "-1029540000", "netIncome": "-250993000"}, {"fiscalDateEnding": "2007-12-31", "reportedCurrency": "USD", "grossProfit": "-3797556000", "totalRevenue": "-1898778000", "costOfRevenue": "1898778000", "costofGoodsAndServicesSold": "1898778000", "operatingIncome": "-716245000", "sellingGeneralAndAdministrative": "159036000", "researchAndDevelopment": "0", "operatingExpenses": "-1195436000", "investmentIncomeNet": "None", "netInterestIncome": "None", "interestIncome": "None", "interestExpense": "3520000", "nonInterestIncome": "None", "otherNonOperatingIncome": "None", "depreciation": "None", "depreciationAndAmortization": "55203000", "incomeBeforeTax": "-703342000", "incomeTaxExpense": "8576000", "interestAndDebtExpense": "None", "netIncomeFromContinuingOperations": "0", "comprehensiveIncomeNetOfTax": "None", "ebit": "-771448000", "ebitda": "-716245000", "netIncome": "-170000000"}, {"fiscalDateEnding": "2007-09-30", "reportedCurrency": "USD", "grossProfit": "-395409000", "totalRevenue": "534312000", "costOfRevenue": "929721000", "costofGoodsAndServicesSold": "929721000", "operatingIncome": "-522051000", "sellingGeneralAndAdministrative": "119016000", "researchAndDevelopment": "0", "operatingExpenses": "1048737000", "investmentIncomeNet": "None", "netInterestIncome": "None", "interestIncome": "None", "interestExpense": "2258000", "nonInterestIncome": "None", "otherNonOperatingIncome": "None", "depreciation": "None", "depreciationAndAmortization": "55204000", "incomeBeforeTax": "-514425000", "incomeTaxExpense": "5841000", "interestAndDebtExpense": "None", "netIncomeFromContinuingOperations": "0", "comprehensiveIncomeNetOfTax": "None", "ebit": "-577255000", "ebitda": "-522051000", "netIncome": "-113190000"}, {"fiscalDateEnding": "2007-06-30", "reportedCurrency": "USD", "grossProfit": "3027404000", "totalRevenue": "3372949000", "costOfRevenue": "345545000", "costofGoodsAndServicesSold": "345545000", "operatingIncome": "559557000", "sellingGeneralAndAdministrative": "109787000", "researchAndDevelopment": "0", "operatingExpenses": "534539000", "investmentIncomeNet": "None", "netInterestIncome": "None", "interestIncome": "None", "interestExpense": "26302000", "nonInterestIncome": "None", "otherNonOperatingIncome": "None", "depreciation": "None", "depreciationAndAmortization": "1384732000", "incomeBeforeTax": "2838410000", "incomeTaxExpense": "11560000", "interestAndDebtExpense": "None", "netIncomeFromContinuingOperations": "0", "comprehensiveIncomeNetOfTax": "None", "ebit": "-825175000", "ebitda": "559557000", "netIncome": "1906427000"}, {"fiscalDateEnding": "2007-03-31", "reportedCurrency": "USD", "grossProfit": "4262850000", "totalRevenue": "4262850000", "costOfRevenue": "161028000", "costofGoodsAndServicesSold": "161028000", "operatingIncome": "4344671000", "sellingGeneralAndAdministrative": "79207000", "researchAndDevelopment": "0", "operatingExpenses": "-81821000", "investmentIncomeNet": "None", "netInterestIncome": "None", "interestIncome": "None", "interestExpense": "3198625000", "nonInterestIncome": "None", "otherNonOperatingIncome": "None", "depreciation": "None", "depreciationAndAmortization": "-3198625000", "incomeBeforeTax": "1146046000", "incomeTaxExpense": "13970000", "interestAndDebtExpense": "None", "netIncomeFromContinuingOperations": "0", "comprehensiveIncomeNetOfTax": "None", "ebit": "7543296000", "ebitda": "4344671000", "netIncome": "1132076000"}, {"fiscalDateEnding": "2006-12-31", "reportedCurrency": "USD", "grossProfit": "7850126000", "totalRevenue": "7850126000", "costOfRevenue": "173377000", "costofGoodsAndServicesSold": "173377000", "operatingIncome": "-216395000", "sellingGeneralAndAdministrative": "0", "researchAndDevelopment": "0", "operatingExpenses": "-8066521000", "investmentIncomeNet": "None", "netInterestIncome": "None", "interestIncome": "None", "interestExpense": "9483000", "nonInterestIncome": "None", "otherNonOperatingIncome": "None", "depreciation": "None", "depreciationAndAmortization": "809412000", "incomeBeforeTax": "4960576000", "incomeTaxExpense": "-809412000", "interestAndDebtExpense": "None", "netIncomeFromContinuingOperations": "0", "comprehensiveIncomeNetOfTax": "None", "ebit": "-1025807000", "ebitda": "-216395000", "netIncome": "593017000"}, {"fiscalDateEnding": "2006-09-30", "reportedCurrency": "USD", "grossProfit": "299763000", "totalRevenue": "299763000", "costOfRevenue": "125506000", "costofGoodsAndServicesSold": "125506000", "operatingIncome": "299763000", "sellingGeneralAndAdministrative": "63946000", "researchAndDevelopment": "0", "operatingExpenses": "133000000", "investmentIncomeNet": "None", "netInterestIncome": "None", "interestIncome": "None", "interestExpense": "7268000", "nonInterestIncome": "None", "otherNonOperatingIncome": "None", "depreciation": "None", "depreciationAndAmortization": "293254000", "incomeBeforeTax": "1143927000", "incomeTaxExpense": "-293254000", "interestAndDebtExpense": "None", "netIncomeFromContinuingOperations": "0", "comprehensiveIncomeNetOfTax": "None", "ebit": "6509000", "ebitda": "299763000", "netIncome": "593017000"}, {"fiscalDateEnding": "2006-06-30", "reportedCurrency": "USD", "grossProfit": "299763000", "totalRevenue": "299763000", "costOfRevenue": "126166000", "costofGoodsAndServicesSold": "126166000", "operatingIncome": "299763000", "sellingGeneralAndAdministrative": "70218000", "researchAndDevelopment": "0", "operatingExpenses": "139000000", "investmentIncomeNet": "None", "netInterestIncome": "None", "interestIncome": "None", "interestExpense": "15180000", "nonInterestIncome": "None", "otherNonOperatingIncome": "None", "depreciation": "None", "depreciationAndAmortization": "293254000", "incomeBeforeTax": "1146059000", "incomeTaxExpense": "-293254000", "interestAndDebtExpense": "None", "netIncomeFromContinuingOperations": "0", "comprehensiveIncomeNetOfTax": "None", "ebit": "6509000", "ebitda": "299763000", "netIncome": "593017000"}, {"fiscalDateEnding": "2006-03-31", "reportedCurrency": "USD", "grossProfit": "220989000", "totalRevenue": "220989000", "costOfRevenue": "91108000", "costofGoodsAndServicesSold": "91108000", "operatingIncome": "220989000", "sellingGeneralAndAdministrative": "0", "researchAndDevelopment": "0", "operatingExpenses": "0", "investmentIncomeNet": "None", "netInterestIncome": "None", "interestIncome": "None", "interestExpense": "7488000", "nonInterestIncome": "None", "otherNonOperatingIncome": "None", "depreciation": "None", "depreciationAndAmortization": "266166000", "incomeBeforeTax": "1808774000", "incomeTaxExpense": "-266166000", "interestAndDebtExpense": "None", "netIncomeFromContinuingOperations": "0", "comprehensiveIncomeNetOfTax": "None", "ebit": "-45177000", "ebitda": "220989000", "netIncome": "487155000"}, {"fiscalDateEnding": "2005-12-31", "reportedCurrency": "USD", "grossProfit": "5266717000", "totalRevenue": "5266717000", "costOfRevenue": "329463000", "costofGoodsAndServicesSold": "329463000", "operatingIncome": "5422102000", "sellingGeneralAndAdministrative": "0", "researchAndDevelopment": "0", "operatingExpenses": "155385000", "investmentIncomeNet": "None", "netInterestIncome": "None", "interestIncome": "None", "interestExpense": "23830000", "nonInterestIncome": "None", "otherNonOperatingIncome": "None", "depreciation": "None", "depreciationAndAmortization": "-5089436000", "incomeBeforeTax": "5277458000", "incomeTaxExpense": "5089436000", "interestAndDebtExpense": "None", "netIncomeFromContinuingOperations": "0", "comprehensiveIncomeNetOfTax": "None", "ebit": "10511538000", "ebitda": "5422102000", "netIncome": "332666000"}, {"fiscalDateEnding": "2005-09-30", "reportedCurrency": "USD", "grossProfit": "124187000", "totalRevenue": "124187000", "costOfRevenue": "None", "costofGoodsAndServicesSold": "None", "operatingIncome": "124187000", "sellingGeneralAndAdministrative": "None", "researchAndDevelopment": "None", "operatingExpenses": "None", "investmentIncomeNet": "None", "netInterestIncome": "None", "interestIncome": "None", "interestExpense": "None", "nonInterestIncome": "None", "otherNonOperatingIncome": "None", "depreciation": "None", "depreciationAndAmortization": "208479000", "incomeBeforeTax": "None", "incomeTaxExpense": "-208479000", "interestAndDebtExpense": "None", "netIncomeFromContinuingOperations": "None", "comprehensiveIncomeNetOfTax": "None", "ebit": "-84292000", "ebitda": "124187000", "netIncome": "332666000"}, {"fiscalDateEnding": "2005-06-30", "reportedCurrency": "USD", "grossProfit": "124187000", "totalRevenue": "124187000", "costOfRevenue": "None", "costofGoodsAndServicesSold": "None", "operatingIncome": "124187000", "sellingGeneralAndAdministrative": "None", "researchAndDevelopment": "None", "operatingExpenses": "None", "investmentIncomeNet": "None", "netInterestIncome": "None", "interestIncome": "None", "interestExpense": "None", "nonInterestIncome": "None", "otherNonOperatingIncome": "None", "depreciation": "None", "depreciationAndAmortization": "208479000", "incomeBeforeTax": "None", "incomeTaxExpense": "-208479000", "interestAndDebtExpense": "None", "netIncomeFromContinuingOperations": "None", "comprehensiveIncomeNetOfTax": "None", "ebit": "-84292000", "ebitda": "124187000", "netIncome": "332666000"}, {"fiscalDateEnding": "2005-03-31", "reportedCurrency": "USD", "grossProfit": "124187000", "totalRevenue": "124187000", "costOfRevenue": "None", "costofGoodsAndServicesSold": "None", "operatingIncome": "124187000", "sellingGeneralAndAdministrative": "None", "researchAndDevelopment": "None", "operatingExpenses": "None", "investmentIncomeNet": "None", "netInterestIncome": "None", "interestIncome": "None", "interestExpense": "None", "nonInterestIncome": "None", "otherNonOperatingIncome": "None", "depreciation": "None", "depreciationAndAmortization": "208479000", "incomeBeforeTax": "None", "incomeTaxExpense": "-208479000", "interestAndDebtExpense": "None", "netIncomeFromContinuingOperations": "None", "comprehensiveIncomeNetOfTax": "None", "ebit": "-84292000", "ebitda": "124187000", "netIncome": "332666000"}]}