{"symbol": "MCHP", "annualReports": [{"fiscalDateEnding": "2024-03-31", "reportedCurrency": "USD", "grossProfit": "4995700000", "totalRevenue": "7634400000", "costOfRevenue": "2638700000", "costofGoodsAndServicesSold": "2638700000", "operatingIncome": "2571000000", "sellingGeneralAndAdministrative": "734200000", "researchAndDevelopment": "1097400000", "operatingExpenses": "2424700000", "investmentIncomeNet": "None", "netInterestIncome": "-190700000", "interestIncome": "7600000", "interestExpense": "198300000", "nonInterestIncome": "None", "otherNonOperatingIncome": "None", "depreciation": "None", "depreciationAndAmortization": "879500000", "incomeBeforeTax": "2365900000", "incomeTaxExpense": "459000000", "interestAndDebtExpense": "None", "netIncomeFromContinuingOperations": "1906900000", "comprehensiveIncomeNetOfTax": "None", "ebit": "2556900000", "ebitda": "3436400000", "netIncome": "1906900000"}, {"fiscalDateEnding": "2023-03-31", "reportedCurrency": "USD", "grossProfit": "5697900000", "totalRevenue": "8438700000", "costOfRevenue": "2740800000", "costofGoodsAndServicesSold": "2740800000", "operatingIncome": "3116000000", "sellingGeneralAndAdministrative": "797700000", "researchAndDevelopment": "1118300000", "operatingExpenses": "2585900000", "investmentIncomeNet": "None", "netInterestIncome": "-201800000", "interestIncome": "2100000", "interestExpense": "198300000", "nonInterestIncome": "None", "otherNonOperatingIncome": "-2400000", "depreciation": "None", "depreciationAndAmortization": "998400000", "incomeBeforeTax": "2909700000", "incomeTaxExpense": "672000000", "interestAndDebtExpense": "None", "netIncomeFromContinuingOperations": "2237700000", "comprehensiveIncomeNetOfTax": "None", "ebit": "3113600000", "ebitda": "4112000000", "netIncome": "2237700000"}, {"fiscalDateEnding": "2022-03-31", "reportedCurrency": "USD", "grossProfit": "4449600000", "totalRevenue": "6820900000", "costOfRevenue": "2371300000", "costofGoodsAndServicesSold": "2371300000", "operatingIncome": "1849600000", "sellingGeneralAndAdministrative": "718900000", "researchAndDevelopment": "989100000", "operatingExpenses": "2570500000", "investmentIncomeNet": "None", "netInterestIncome": "-256500000", "interestIncome": "500000", "interestExpense": "245500000", "nonInterestIncome": "None", "otherNonOperatingIncome": "-110100000", "depreciation": "None", "depreciationAndAmortization": "1143500000", "incomeBeforeTax": "1482500000", "incomeTaxExpense": "197000000", "interestAndDebtExpense": "None", "netIncomeFromContinuingOperations": "1285500000", "comprehensiveIncomeNetOfTax": "None", "ebit": "1879100000", "ebitda": "3022600000", "netIncome": "1285500000"}, {"fiscalDateEnding": "2021-03-31", "reportedCurrency": "USD", "grossProfit": "3378800000", "totalRevenue": "5438400000", "costOfRevenue": "2059600000", "costofGoodsAndServicesSold": "2059600000", "operatingIncome": "998100000", "sellingGeneralAndAdministrative": "610300000", "researchAndDevelopment": "836400000", "operatingExpenses": "2379000000", "investmentIncomeNet": "None", "netInterestIncome": "-355200000", "interestIncome": "1700000", "interestExpense": "339800000", "nonInterestIncome": "None", "otherNonOperatingIncome": "-301700000", "depreciation": "None", "depreciationAndAmortization": "1153300000", "incomeBeforeTax": "339500000", "incomeTaxExpense": "-9900000", "interestAndDebtExpense": "None", "netIncomeFromContinuingOperations": "349400000", "comprehensiveIncomeNetOfTax": "None", "ebit": "999800000", "ebitda": "2153100000", "netIncome": "349400000"}, {"fiscalDateEnding": "2020-03-31", "reportedCurrency": "USD", "grossProfit": "3242100000", "totalRevenue": "5274200000", "costOfRevenue": "2032100000", "costofGoodsAndServicesSold": "2032100000", "operatingIncome": "647100000", "sellingGeneralAndAdministrative": "676600000", "researchAndDevelopment": "877800000", "operatingExpenses": "2548300000", "investmentIncomeNet": "None", "netInterestIncome": "-494500000", "interestIncome": "2800000", "interestExpense": "497300000", "nonInterestIncome": "None", "otherNonOperatingIncome": "600000", "depreciation": "None", "depreciationAndAmortization": "1215600000", "incomeBeforeTax": "150400000", "incomeTaxExpense": "-420200000", "interestAndDebtExpense": "None", "netIncomeFromContinuingOperations": "570600000", "comprehensiveIncomeNetOfTax": "None", "ebit": "693800000", "ebitda": "1909400000", "netIncome": "570600000"}, {"fiscalDateEnding": "2019-03-31", "reportedCurrency": "USD", "grossProfit": "2931300000", "totalRevenue": "5349500000", "costOfRevenue": "2418200000", "costofGoodsAndServicesSold": "2418200000", "operatingIncome": "714300000", "sellingGeneralAndAdministrative": "682900000", "researchAndDevelopment": "826300000", "operatingExpenses": "2183300000", "investmentIncomeNet": "None", "netInterestIncome": "-494800000", "interestIncome": "8100000", "interestExpense": "502900000", "nonInterestIncome": "None", "otherNonOperatingIncome": "-6900000", "depreciation": "None", "depreciationAndAmortization": "876400000", "incomeBeforeTax": "204500000", "incomeTaxExpense": "-151400000", "interestAndDebtExpense": "None", "netIncomeFromContinuingOperations": "355900000", "comprehensiveIncomeNetOfTax": "None", "ebit": "748000000", "ebitda": "1624400000", "netIncome": "355900000"}, {"fiscalDateEnding": "2018-03-31", "reportedCurrency": "USD", "grossProfit": "2420700000", "totalRevenue": "3980800000", "costOfRevenue": "1560100000", "costofGoodsAndServicesSold": "1560100000", "operatingIncome": "936300000", "sellingGeneralAndAdministrative": "452100000", "researchAndDevelopment": "529300000", "operatingExpenses": "1466900000", "investmentIncomeNet": "None", "netInterestIncome": "-177000000", "interestIncome": "22000000", "interestExpense": "199000000", "nonInterestIncome": "None", "otherNonOperatingIncome": "None", "depreciation": "None", "depreciationAndAmortization": "615900000", "incomeBeforeTax": "737300000", "incomeTaxExpense": "481900000", "interestAndDebtExpense": "None", "netIncomeFromContinuingOperations": "255400000", "comprehensiveIncomeNetOfTax": "None", "ebit": "936300000", "ebitda": "1552200000", "netIncome": "255400000"}, {"fiscalDateEnding": "2017-03-31", "reportedCurrency": "USD", "grossProfit": "1757196000", "totalRevenue": "3407807000", "costOfRevenue": "1650611000", "costofGoodsAndServicesSold": "1650611000", "operatingIncome": "275817000", "sellingGeneralAndAdministrative": "499811000", "researchAndDevelopment": "545293000", "operatingExpenses": "1382771000", "investmentIncomeNet": "None", "netInterestIncome": "-143267000", "interestIncome": "3079000", "interestExpense": "146346000", "nonInterestIncome": "None", "otherNonOperatingIncome": "-39684000", "depreciation": "None", "depreciationAndAmortization": "469208000", "incomeBeforeTax": "89787000", "incomeTaxExpense": "-80805000", "interestAndDebtExpense": "None", "netIncomeFromContinuingOperations": "170592000", "comprehensiveIncomeNetOfTax": "None", "ebit": "236133000", "ebitda": "705341000", "netIncome": "164639000"}, {"fiscalDateEnding": "2016-03-31", "reportedCurrency": "USD", "grossProfit": "1205464000", "totalRevenue": "2173334000", "costOfRevenue": "967870000", "costofGoodsAndServicesSold": "967870000", "operatingIncome": "352345000", "sellingGeneralAndAdministrative": "301670000", "researchAndDevelopment": "372596000", "operatingExpenses": "849162000", "investmentIncomeNet": "None", "netInterestIncome": "None", "interestIncome": "79916000", "interestExpense": "104018000", "nonInterestIncome": "None", "otherNonOperatingIncome": "32966000", "depreciation": "None", "depreciationAndAmortization": "283171000", "incomeBeforeTax": "281293000", "incomeTaxExpense": "-42632000", "interestAndDebtExpense": "None", "netIncomeFromContinuingOperations": "238661000", "comprehensiveIncomeNetOfTax": "None", "ebit": "385311000", "ebitda": "668482000", "netIncome": "324132000"}, {"fiscalDateEnding": "2015-03-31", "reportedCurrency": "USD", "grossProfit": "1229564000", "totalRevenue": "2147036000", "costOfRevenue": "917472000", "costofGoodsAndServicesSold": "917472000", "operatingIncome": "425620000", "sellingGeneralAndAdministrative": "274815000", "researchAndDevelopment": "349543000", "operatingExpenses": "801104000", "investmentIncomeNet": "None", "netInterestIncome": "None", "interestIncome": "None", "interestExpense": "62034000", "nonInterestIncome": "None", "otherNonOperatingIncome": "-17679000", "depreciation": "None", "depreciationAndAmortization": "176746000", "incomeBeforeTax": "345907000", "incomeTaxExpense": "-19418000", "interestAndDebtExpense": "None", "netIncomeFromContinuingOperations": "326489000", "comprehensiveIncomeNetOfTax": "None", "ebit": "554412000", "ebitda": "731158000", "netIncome": "369009000"}, {"fiscalDateEnding": "2014-03-31", "reportedCurrency": "USD", "grossProfit": "1128743000", "totalRevenue": "1931217000", "costOfRevenue": "802474000", "costofGoodsAndServicesSold": "802474000", "operatingIncome": "458864000", "sellingGeneralAndAdministrative": "267278000", "researchAndDevelopment": "305043000", "operatingExpenses": "666855000", "investmentIncomeNet": "None", "netInterestIncome": "None", "interestIncome": "None", "interestExpense": "48716000", "nonInterestIncome": "None", "otherNonOperatingIncome": "22206000", "depreciation": "None", "depreciationAndAmortization": "94534000", "incomeBeforeTax": "432354000", "incomeTaxExpense": "37073000", "interestAndDebtExpense": "None", "netIncomeFromContinuingOperations": "469427000", "comprehensiveIncomeNetOfTax": "None", "ebit": "556493000", "ebitda": "651027000", "netIncome": "395281000"}, {"fiscalDateEnding": "2013-03-31", "reportedCurrency": "USD", "grossProfit": "838459000", "totalRevenue": "1581623000", "costOfRevenue": "743164000", "costofGoodsAndServicesSold": "743164000", "operatingIncome": "178553000", "sellingGeneralAndAdministrative": "261471000", "researchAndDevelopment": "254723000", "operatingExpenses": "627731000", "investmentIncomeNet": "None", "netInterestIncome": "None", "interestIncome": "None", "interestExpense": "40915000", "nonInterestIncome": "None", "otherNonOperatingIncome": "14539000", "depreciation": "None", "depreciationAndAmortization": "111537000", "incomeBeforeTax": "152177000", "incomeTaxExpense": "24788000", "interestAndDebtExpense": "None", "netIncomeFromContinuingOperations": "152177000", "comprehensiveIncomeNetOfTax": "None", "ebit": "285652000", "ebitda": "397189000", "netIncome": "127389000"}, {"fiscalDateEnding": "2012-03-31", "reportedCurrency": "USD", "grossProfit": "792394000", "totalRevenue": "1383176000", "costOfRevenue": "590782000", "costofGoodsAndServicesSold": "590782000", "operatingIncome": "396516000", "sellingGeneralAndAdministrative": "212391000", "researchAndDevelopment": "182650000", "operatingExpenses": "395041000", "investmentIncomeNet": "None", "netInterestIncome": "None", "interestIncome": "None", "interestExpense": "34266000", "nonInterestIncome": "None", "otherNonOperatingIncome": "17445000", "depreciation": "None", "depreciationAndAmortization": "99424000", "incomeBeforeTax": "379695000", "incomeTaxExpense": "42990000", "interestAndDebtExpense": "None", "netIncomeFromContinuingOperations": "379695000", "comprehensiveIncomeNetOfTax": "None", "ebit": "413961000", "ebitda": "513385000", "netIncome": "336705000"}, {"fiscalDateEnding": "2011-03-31", "reportedCurrency": "USD", "grossProfit": "874436000", "totalRevenue": "1487205000", "costOfRevenue": "612769000", "costofGoodsAndServicesSold": "612769000", "operatingIncome": "474183000", "sellingGeneralAndAdministrative": "227781000", "researchAndDevelopment": "170607000", "operatingExpenses": "398388000", "investmentIncomeNet": "None", "netInterestIncome": "None", "interestIncome": "None", "interestExpense": "31521000", "nonInterestIncome": "None", "otherNonOperatingIncome": "18036000", "depreciation": "None", "depreciationAndAmortization": "106612000", "incomeBeforeTax": "460698000", "incomeTaxExpense": "31531000", "interestAndDebtExpense": "None", "netIncomeFromContinuingOperations": "429167000", "comprehensiveIncomeNetOfTax": "None", "ebit": "492219000", "ebitda": "598831000", "netIncome": "418950000"}, {"fiscalDateEnding": "2010-03-31", "reportedCurrency": "USD", "grossProfit": "534242000", "totalRevenue": "947729000", "costOfRevenue": "413487000", "costofGoodsAndServicesSold": "413487000", "operatingIncome": "244959000", "sellingGeneralAndAdministrative": "167222000", "researchAndDevelopment": "120823000", "operatingExpenses": "288045000", "investmentIncomeNet": "None", "netInterestIncome": "None", "interestIncome": "None", "interestExpense": "31150000", "nonInterestIncome": "None", "otherNonOperatingIncome": "24004000", "depreciation": "None", "depreciationAndAmortization": "90057000", "incomeBeforeTax": "237813000", "incomeTaxExpense": "20808000", "interestAndDebtExpense": "None", "netIncomeFromContinuingOperations": "217005000", "comprehensiveIncomeNetOfTax": "None", "ebit": "268963000", "ebitda": "359020000", "netIncome": "217005000"}, {"fiscalDateEnding": "2009-03-31", "reportedCurrency": "USD", "grossProfit": "516504000", "totalRevenue": "903297000", "costOfRevenue": "386793000", "costofGoodsAndServicesSold": "386793000", "operatingIncome": "233328000", "sellingGeneralAndAdministrative": "161218000", "researchAndDevelopment": "115524000", "operatingExpenses": "276742000", "investmentIncomeNet": "None", "netInterestIncome": "None", "interestIncome": "None", "interestExpense": "24269000", "nonInterestIncome": "None", "otherNonOperatingIncome": "None", "depreciation": "None", "depreciationAndAmortization": "96046000", "incomeBeforeTax": "237250000", "incomeTaxExpense": "-11570000", "interestAndDebtExpense": "None", "netIncomeFromContinuingOperations": "None", "comprehensiveIncomeNetOfTax": "None", "ebit": "261519000", "ebitda": "357565000", "netIncome": "248820000"}, {"fiscalDateEnding": "2008-03-31", "reportedCurrency": "USD", "grossProfit": "624938000", "totalRevenue": "1035737000", "costOfRevenue": "410799000", "costofGoodsAndServicesSold": "410799000", "operatingIncome": "301665000", "sellingGeneralAndAdministrative": "175646000", "researchAndDevelopment": "120864000", "operatingExpenses": "296510000", "investmentIncomeNet": "None", "netInterestIncome": "None", "interestIncome": "None", "interestExpense": "7966000", "nonInterestIncome": "None", "otherNonOperatingIncome": "None", "depreciation": "None", "depreciationAndAmortization": "100317000", "incomeBeforeTax": "350985000", "incomeTaxExpense": "53237000", "interestAndDebtExpense": "None", "netIncomeFromContinuingOperations": "None", "comprehensiveIncomeNetOfTax": "None", "ebit": "328428000", "ebitda": "428745000", "netIncome": "297748000"}, {"fiscalDateEnding": "2007-03-31", "reportedCurrency": "USD", "grossProfit": "624756000", "totalRevenue": "1039671000", "costOfRevenue": "414915000", "costofGoodsAndServicesSold": "414915000", "operatingIncome": "347811000", "sellingGeneralAndAdministrative": "163247000", "researchAndDevelopment": "113698000", "operatingExpenses": "276945000", "investmentIncomeNet": "None", "netInterestIncome": "None", "interestIncome": "None", "interestExpense": "5416000", "nonInterestIncome": "None", "otherNonOperatingIncome": "None", "depreciation": "None", "depreciationAndAmortization": "116171000", "incomeBeforeTax": "401090000", "incomeTaxExpense": "44061000", "interestAndDebtExpense": "None", "netIncomeFromContinuingOperations": "None", "comprehensiveIncomeNetOfTax": "None", "ebit": "347811000", "ebitda": "463982000", "netIncome": "357029000"}, {"fiscalDateEnding": "2006-03-31", "reportedCurrency": "USD", "grossProfit": "550877000", "totalRevenue": "927893000", "costOfRevenue": "377016000", "costofGoodsAndServicesSold": "377016000", "operatingIncome": "326364000", "sellingGeneralAndAdministrative": "129587000", "researchAndDevelopment": "94926000", "operatingExpenses": "224513000", "investmentIncomeNet": "None", "netInterestIncome": "None", "interestIncome": "None", "interestExpense": "1967000", "nonInterestIncome": "None", "otherNonOperatingIncome": "None", "depreciation": "None", "depreciationAndAmortization": "110682000", "incomeBeforeTax": "359185000", "incomeTaxExpense": "116816000", "interestAndDebtExpense": "None", "netIncomeFromContinuingOperations": "None", "comprehensiveIncomeNetOfTax": "None", "ebit": "326364000", "ebitda": "437046000", "netIncome": "242369000"}, {"fiscalDateEnding": "2005-03-31", "reportedCurrency": "USD", "grossProfit": "483975000", "totalRevenue": "846936000", "costOfRevenue": "362961000", "costofGoodsAndServicesSold": "362961000", "operatingIncome": "258647000", "sellingGeneralAndAdministrative": "111188000", "researchAndDevelopment": "93040000", "operatingExpenses": "225328000", "investmentIncomeNet": "None", "netInterestIncome": "None", "interestIncome": "None", "interestExpense": "940000", "nonInterestIncome": "None", "otherNonOperatingIncome": "None", "depreciation": "None", "depreciationAndAmortization": "120466000", "incomeBeforeTax": "277268000", "incomeTaxExpense": "63483000", "interestAndDebtExpense": "None", "netIncomeFromContinuingOperations": "None", "comprehensiveIncomeNetOfTax": "None", "ebit": "258647000", "ebitda": "379113000", "netIncome": "213785000"}], "quarterlyReports": [{"fiscalDateEnding": "2024-12-31", "reportedCurrency": "USD", "grossProfit": "561400000", "totalRevenue": "1026000000", "costOfRevenue": "464600000", "costofGoodsAndServicesSold": "464600000", "operatingIncome": "30900000", "sellingGeneralAndAdministrative": "158200000", "researchAndDevelopment": "246200000", "operatingExpenses": "530500000", "investmentIncomeNet": "None", "netInterestIncome": "-67000000", "interestIncome": "1700000", "interestExpense": "66900000", "nonInterestIncome": "None", "otherNonOperatingIncome": "None", "depreciation": "None", "depreciationAndAmortization": "186800000", "incomeBeforeTax": "-46100000", "incomeTaxExpense": "7500000", "interestAndDebtExpense": "None", "netIncomeFromContinuingOperations": "-53600000", "comprehensiveIncomeNetOfTax": "None", "ebit": "20800000", "ebitda": "207600000", "netIncome": "-53600000"}, {"fiscalDateEnding": "2024-09-30", "reportedCurrency": "USD", "grossProfit": "668500000", "totalRevenue": "1163800000", "costOfRevenue": "495300000", "costofGoodsAndServicesSold": "495300000", "operatingIncome": "146600000", "sellingGeneralAndAdministrative": "157000000", "researchAndDevelopment": "240700000", "operatingExpenses": "397700000", "investmentIncomeNet": "None", "netInterestIncome": "-57100000", "interestIncome": "2000000", "interestExpense": "59100000", "nonInterestIncome": "None", "otherNonOperatingIncome": "None", "depreciation": "None", "depreciationAndAmortization": "187600000", "incomeBeforeTax": "91500000", "incomeTaxExpense": "13100000", "interestAndDebtExpense": "None", "netIncomeFromContinuingOperations": "78400000", "comprehensiveIncomeNetOfTax": "None", "ebit": "150600000", "ebitda": "338200000", "netIncome": "78400000"}, {"fiscalDateEnding": "2024-06-30", "reportedCurrency": "USD", "grossProfit": "613900000", "totalRevenue": "1241300000", "costOfRevenue": "627400000", "costofGoodsAndServicesSold": "627400000", "operatingIncome": "221700000", "sellingGeneralAndAdministrative": "150500000", "researchAndDevelopment": "241700000", "operatingExpenses": "392200000", "investmentIncomeNet": "None", "netInterestIncome": "-59000000", "interestIncome": "2800000", "interestExpense": "59800000", "nonInterestIncome": "None", "otherNonOperatingIncome": "None", "depreciation": "None", "depreciationAndAmortization": "188700000", "incomeBeforeTax": "161800000", "incomeTaxExpense": "32500000", "interestAndDebtExpense": "None", "netIncomeFromContinuingOperations": "129300000", "comprehensiveIncomeNetOfTax": "None", "ebit": "221700000", "ebitda": "410400000", "netIncome": "129300000"}, {"fiscalDateEnding": "2024-03-31", "reportedCurrency": "USD", "grossProfit": "789900000", "totalRevenue": "1325800000", "costOfRevenue": "535900000", "costofGoodsAndServicesSold": "535900000", "operatingIncome": "236600000", "sellingGeneralAndAdministrative": "161800000", "researchAndDevelopment": "240300000", "operatingExpenses": "553300000", "investmentIncomeNet": "None", "netInterestIncome": "-52600000", "interestIncome": "2500000", "interestExpense": "53500000", "nonInterestIncome": "None", "otherNonOperatingIncome": "None", "depreciation": "None", "depreciationAndAmortization": "219400000", "incomeBeforeTax": "199700000", "incomeTaxExpense": "45000000", "interestAndDebtExpense": "None", "netIncomeFromContinuingOperations": "154700000", "comprehensiveIncomeNetOfTax": "None", "ebit": "235400000", "ebitda": "454800000", "netIncome": "154700000"}, {"fiscalDateEnding": "2023-12-31", "reportedCurrency": "USD", "grossProfit": "1120000000", "totalRevenue": "1765700000", "costOfRevenue": "645700000", "costofGoodsAndServicesSold": "645700000", "operatingIncome": "529400000", "sellingGeneralAndAdministrative": "172200000", "researchAndDevelopment": "266000000", "operatingExpenses": "590600000", "investmentIncomeNet": "None", "netInterestIncome": "-47200000", "interestIncome": "2000000", "interestExpense": "49200000", "nonInterestIncome": "None", "otherNonOperatingIncome": "None", "depreciation": "None", "depreciationAndAmortization": "219400000", "incomeBeforeTax": "484300000", "incomeTaxExpense": "65099999", "interestAndDebtExpense": "None", "netIncomeFromContinuingOperations": "419200000", "comprehensiveIncomeNetOfTax": "None", "ebit": "530500000", "ebitda": "749900000", "netIncome": "419200000"}, {"fiscalDateEnding": "2023-09-30", "reportedCurrency": "USD", "grossProfit": "1527400000", "totalRevenue": "2254300000", "costOfRevenue": "726900000", "costofGoodsAndServicesSold": "726900000", "operatingIncome": "885000000", "sellingGeneralAndAdministrative": "196600000", "researchAndDevelopment": "292600000", "operatingExpenses": "642400000", "investmentIncomeNet": "None", "netInterestIncome": "-45200000", "interestIncome": "1600000", "interestExpense": "46800000", "nonInterestIncome": "None", "otherNonOperatingIncome": "None", "depreciation": "None", "depreciationAndAmortization": "219000000", "incomeBeforeTax": "833600000", "incomeTaxExpense": "167000000", "interestAndDebtExpense": "None", "netIncomeFromContinuingOperations": "666600000", "comprehensiveIncomeNetOfTax": "None", "ebit": "886800000", "ebitda": "1105800000", "netIncome": "666600000"}, {"fiscalDateEnding": "2023-06-30", "reportedCurrency": "USD", "grossProfit": "1558400000", "totalRevenue": "2288600000", "costOfRevenue": "730200000", "costofGoodsAndServicesSold": "730200000", "operatingIncome": "903100000", "sellingGeneralAndAdministrative": "203600000", "researchAndDevelopment": "298500000", "operatingExpenses": "653600000", "investmentIncomeNet": "None", "netInterestIncome": "-45700000", "interestIncome": "1500000", "interestExpense": "45000000", "nonInterestIncome": "None", "otherNonOperatingIncome": "-7600000", "depreciation": "None", "depreciationAndAmortization": "222900000", "incomeBeforeTax": "848300000", "incomeTaxExpense": "181900000", "interestAndDebtExpense": "None", "netIncomeFromContinuingOperations": "666400000", "comprehensiveIncomeNetOfTax": "None", "ebit": "904800000", "ebitda": "1127700000", "netIncome": "666400000"}, {"fiscalDateEnding": "2023-03-31", "reportedCurrency": "USD", "grossProfit": "1519300000", "totalRevenue": "2232700000", "costOfRevenue": "713400000", "costofGoodsAndServicesSold": "713400000", "operatingIncome": "848000000", "sellingGeneralAndAdministrative": "203500000", "researchAndDevelopment": "298300000", "operatingExpenses": "669200000", "investmentIncomeNet": "None", "netInterestIncome": "-46500000", "interestIncome": "1000000", "interestExpense": "46200000", "nonInterestIncome": "None", "otherNonOperatingIncome": "1300000", "depreciation": "None", "depreciationAndAmortization": "243200000", "incomeBeforeTax": "801800000", "incomeTaxExpense": "197800000", "interestAndDebtExpense": "None", "netIncomeFromContinuingOperations": "604000000", "comprehensiveIncomeNetOfTax": "None", "ebit": "850100000", "ebitda": "1093300000", "netIncome": "604000000"}, {"fiscalDateEnding": "2022-12-31", "reportedCurrency": "USD", "grossProfit": "1470800000", "totalRevenue": "2169200000", "costOfRevenue": "698400000", "costofGoodsAndServicesSold": "698400000", "operatingIncome": "811600000", "sellingGeneralAndAdministrative": "202900000", "researchAndDevelopment": "282400000", "operatingExpenses": "652700000", "investmentIncomeNet": "None", "netInterestIncome": "-52000000", "interestIncome": "800000", "interestExpense": "50400000", "nonInterestIncome": "None", "otherNonOperatingIncome": "3400000", "depreciation": "None", "depreciationAndAmortization": "244000000", "incomeBeforeTax": "762200000", "incomeTaxExpense": "181900000", "interestAndDebtExpense": "None", "netIncomeFromContinuingOperations": "580300000", "comprehensiveIncomeNetOfTax": "None", "ebit": "815000000", "ebitda": "1059000000", "netIncome": "580300000"}, {"fiscalDateEnding": "2022-09-30", "reportedCurrency": "USD", "grossProfit": "1397900000", "totalRevenue": "2073200000", "costOfRevenue": "675300000", "costofGoodsAndServicesSold": "675300000", "operatingIncome": "755100000", "sellingGeneralAndAdministrative": "202400000", "researchAndDevelopment": "268600000", "operatingExpenses": "638500000", "investmentIncomeNet": "None", "netInterestIncome": "-53100000", "interestIncome": "200000", "interestExpense": "50900000", "nonInterestIncome": "None", "otherNonOperatingIncome": "-2700000", "depreciation": "None", "depreciationAndAmortization": "251800000", "incomeBeforeTax": "699100000", "incomeTaxExpense": "152900000", "interestAndDebtExpense": "None", "netIncomeFromContinuingOperations": "546200000", "comprehensiveIncomeNetOfTax": "None", "ebit": "759400000", "ebitda": "1011200000", "netIncome": "546200000"}, {"fiscalDateEnding": "2022-06-30", "reportedCurrency": "USD", "grossProfit": "1309900000", "totalRevenue": "1963600000", "costOfRevenue": "653700000", "costofGoodsAndServicesSold": "653700000", "operatingIncome": "701300000", "sellingGeneralAndAdministrative": "188900000", "researchAndDevelopment": "269000000", "operatingExpenses": "625500000", "investmentIncomeNet": "None", "netInterestIncome": "-50200000", "interestIncome": "100000", "interestExpense": "48000000", "nonInterestIncome": "None", "otherNonOperatingIncome": "-4400000", "depreciation": "None", "depreciationAndAmortization": "259399999", "incomeBeforeTax": "646600000", "incomeTaxExpense": "139400000", "interestAndDebtExpense": "None", "netIncomeFromContinuingOperations": "507200000", "comprehensiveIncomeNetOfTax": "None", "ebit": "684400001", "ebitda": "943800000", "netIncome": "507200000"}, {"fiscalDateEnding": "2022-03-31", "reportedCurrency": "USD", "grossProfit": "1220400000", "totalRevenue": "1844200000", "costOfRevenue": "623800000", "costofGoodsAndServicesSold": "623800000", "operatingIncome": "549500000", "sellingGeneralAndAdministrative": "187200000", "researchAndDevelopment": "259100000", "operatingExpenses": "661800000", "investmentIncomeNet": "None", "netInterestIncome": "-57800000", "interestIncome": "0", "interestExpense": "55500000", "nonInterestIncome": "None", "otherNonOperatingIncome": "-12500000", "depreciation": "None", "depreciationAndAmortization": "293200000", "incomeBeforeTax": "479200000", "incomeTaxExpense": "41300000", "interestAndDebtExpense": "None", "netIncomeFromContinuingOperations": "437900000", "comprehensiveIncomeNetOfTax": "None", "ebit": "560400000", "ebitda": "853600000", "netIncome": "437900000"}, {"fiscalDateEnding": "2021-12-31", "reportedCurrency": "USD", "grossProfit": "1153300000", "totalRevenue": "1757500000", "costOfRevenue": "604200000", "costofGoodsAndServicesSold": "604200000", "operatingIncome": "515000000", "sellingGeneralAndAdministrative": "177500000", "researchAndDevelopment": "245400000", "operatingExpenses": "638600000", "investmentIncomeNet": "None", "netInterestIncome": "-62000000", "interestIncome": "100000", "interestExpense": "59300000", "nonInterestIncome": "None", "otherNonOperatingIncome": "-11400000", "depreciation": "None", "depreciationAndAmortization": "300600000", "incomeBeforeTax": "441500000", "incomeTaxExpense": "88700000", "interestAndDebtExpense": "None", "netIncomeFromContinuingOperations": "352800000", "comprehensiveIncomeNetOfTax": "None", "ebit": "514100000", "ebitda": "814700000", "netIncome": "352800000"}, {"fiscalDateEnding": "2021-09-30", "reportedCurrency": "USD", "grossProfit": "1068300000", "totalRevenue": "1649800000", "costOfRevenue": "581500000", "costofGoodsAndServicesSold": "581500000", "operatingIncome": "416300000", "sellingGeneralAndAdministrative": "179900000", "researchAndDevelopment": "246200000", "operatingExpenses": "641800000", "investmentIncomeNet": "None", "netInterestIncome": "-64700000", "interestIncome": "100000", "interestExpense": "64800000", "nonInterestIncome": "None", "otherNonOperatingIncome": "-86700000", "depreciation": "None", "depreciationAndAmortization": "277500000", "incomeBeforeTax": "264800000", "incomeTaxExpense": "22800000", "interestAndDebtExpense": "None", "netIncomeFromContinuingOperations": "242000000", "comprehensiveIncomeNetOfTax": "None", "ebit": "426500000", "ebitda": "704000000", "netIncome": "242000000"}, {"fiscalDateEnding": "2021-06-30", "reportedCurrency": "USD", "grossProfit": "1007600000", "totalRevenue": "1569400000", "costOfRevenue": "561800000", "costofGoodsAndServicesSold": "561800000", "operatingIncome": "368800000", "sellingGeneralAndAdministrative": "174300000", "researchAndDevelopment": "238400000", "operatingExpenses": "628300000", "investmentIncomeNet": "None", "netInterestIncome": "-72000000", "interestIncome": "300000", "interestExpense": "72300000", "nonInterestIncome": "None", "otherNonOperatingIncome": "500000", "depreciation": "None", "depreciationAndAmortization": "272200000", "incomeBeforeTax": "297000000", "incomeTaxExpense": "44200000", "interestAndDebtExpense": "None", "netIncomeFromContinuingOperations": "252800000", "comprehensiveIncomeNetOfTax": "None", "ebit": "379300000", "ebitda": "651500000", "netIncome": "252800000"}, {"fiscalDateEnding": "2021-03-31", "reportedCurrency": "USD", "grossProfit": "926800000", "totalRevenue": "1467100000", "costOfRevenue": "540300000", "costofGoodsAndServicesSold": "540300000", "operatingIncome": "308000000", "sellingGeneralAndAdministrative": "445200000", "researchAndDevelopment": "228500000", "operatingExpenses": "626000000", "investmentIncomeNet": "None", "netInterestIncome": "-77100000", "interestIncome": "900000", "interestExpense": "74100000", "nonInterestIncome": "None", "otherNonOperatingIncome": "-85600000", "depreciation": "None", "depreciationAndAmortization": "287800000", "incomeBeforeTax": "144400000", "incomeTaxExpense": "28400000", "interestAndDebtExpense": "None", "netIncomeFromContinuingOperations": "116000000", "comprehensiveIncomeNetOfTax": "None", "ebit": "301700000", "ebitda": "589500000", "netIncome": "116000000"}, {"fiscalDateEnding": "2020-12-31", "reportedCurrency": "USD", "grossProfit": "845800000", "totalRevenue": "1352100000", "costOfRevenue": "506300000", "costofGoodsAndServicesSold": "506300000", "operatingIncome": "245600000", "sellingGeneralAndAdministrative": "154200000", "researchAndDevelopment": "210100000", "operatingExpenses": "595900000", "investmentIncomeNet": "None", "netInterestIncome": "-86300000", "interestIncome": "200000", "interestExpense": "82300000", "nonInterestIncome": "None", "otherNonOperatingIncome": "-142300000", "depreciation": "None", "depreciationAndAmortization": "286900000", "incomeBeforeTax": "16800000", "incomeTaxExpense": "-19400000", "interestAndDebtExpense": "None", "netIncomeFromContinuingOperations": "36200000", "comprehensiveIncomeNetOfTax": "None", "ebit": "249600000", "ebitda": "536500000", "netIncome": "36200000"}, {"fiscalDateEnding": "2020-09-30", "reportedCurrency": "USD", "grossProfit": "807900000", "totalRevenue": "1309500000", "costOfRevenue": "501600000", "costofGoodsAndServicesSold": "501600000", "operatingIncome": "226200000", "sellingGeneralAndAdministrative": "144700000", "researchAndDevelopment": "199800000", "operatingExpenses": "577400000", "investmentIncomeNet": "None", "netInterestIncome": "-93000000", "interestIncome": "300000", "interestExpense": "93300000", "nonInterestIncome": "None", "otherNonOperatingIncome": "-44100000", "depreciation": "None", "depreciationAndAmortization": "285800000", "incomeBeforeTax": "88800000", "incomeTaxExpense": "15200000", "interestAndDebtExpense": "None", "netIncomeFromContinuingOperations": "73600000", "comprehensiveIncomeNetOfTax": "None", "ebit": "230200000", "ebitda": "516000000", "netIncome": "73600000"}, {"fiscalDateEnding": "2020-06-30", "reportedCurrency": "USD", "grossProfit": "798300000", "totalRevenue": "1309700000", "costOfRevenue": "511400000", "costofGoodsAndServicesSold": "511400000", "operatingIncome": "218300000", "sellingGeneralAndAdministrative": "146300000", "researchAndDevelopment": "198000000", "operatingExpenses": "579700000", "investmentIncomeNet": "None", "netInterestIncome": "-98800000", "interestIncome": "300000", "interestExpense": "99100000", "nonInterestIncome": "None", "otherNonOperatingIncome": "-29700000", "depreciation": "None", "depreciationAndAmortization": "235400000", "incomeBeforeTax": "89500000", "incomeTaxExpense": "-34100000", "interestAndDebtExpense": "None", "netIncomeFromContinuingOperations": "123600000", "comprehensiveIncomeNetOfTax": "None", "ebit": "275700000", "ebitda": "511100000", "netIncome": "123600000"}, {"fiscalDateEnding": "2020-03-31", "reportedCurrency": "USD", "grossProfit": "813900000", "totalRevenue": "1326400000", "costOfRevenue": "512500000", "costofGoodsAndServicesSold": "512500000", "operatingIncome": "160700000", "sellingGeneralAndAdministrative": "165700000", "researchAndDevelopment": "221800000", "operatingExpenses": "636000000", "investmentIncomeNet": "None", "netInterestIncome": "-114900000", "interestIncome": "500000", "interestExpense": "115400000", "nonInterestIncome": "None", "otherNonOperatingIncome": "500000", "depreciation": "None", "depreciationAndAmortization": "248500000", "incomeBeforeTax": "45800000", "incomeTaxExpense": "-54100000", "interestAndDebtExpense": "None", "netIncomeFromContinuingOperations": "99900000", "comprehensiveIncomeNetOfTax": "None", "ebit": "240900000", "ebitda": "489400000", "netIncome": "99900000"}, {"fiscalDateEnding": "2019-12-31", "reportedCurrency": "USD", "grossProfit": "785500000", "totalRevenue": "1287400000", "costOfRevenue": "501900000", "costofGoodsAndServicesSold": "501900000", "operatingIncome": "131200000", "sellingGeneralAndAdministrative": "170700000", "researchAndDevelopment": "217100000", "operatingExpenses": "636500000", "investmentIncomeNet": "None", "netInterestIncome": "-119100000", "interestIncome": "600000", "interestExpense": "119700000", "nonInterestIncome": "None", "otherNonOperatingIncome": "-900000", "depreciation": "None", "depreciationAndAmortization": "300000000", "incomeBeforeTax": "10600000", "incomeTaxExpense": "-300500000", "interestAndDebtExpense": "None", "netIncomeFromContinuingOperations": "311100000", "comprehensiveIncomeNetOfTax": "None", "ebit": "148800000", "ebitda": "448800000", "netIncome": "311100000"}, {"fiscalDateEnding": "2019-09-30", "reportedCurrency": "USD", "grossProfit": "827500000", "totalRevenue": "1337800000", "costOfRevenue": "510300000", "costofGoodsAndServicesSold": "510300000", "operatingIncome": "183600000", "sellingGeneralAndAdministrative": "172300000", "researchAndDevelopment": "219800000", "operatingExpenses": "640300000", "investmentIncomeNet": "None", "netInterestIncome": "-128600000", "interestIncome": "1000000", "interestExpense": "129600000", "nonInterestIncome": "None", "otherNonOperatingIncome": "-500000", "depreciation": "None", "depreciationAndAmortization": "248200000", "incomeBeforeTax": "53500000", "incomeTaxExpense": "-55400000", "interestAndDebtExpense": "None", "netIncomeFromContinuingOperations": "108900000", "comprehensiveIncomeNetOfTax": "None", "ebit": "236400000", "ebitda": "484600000", "netIncome": "108900000"}, {"fiscalDateEnding": "2019-06-30", "reportedCurrency": "USD", "grossProfit": "815200000", "totalRevenue": "1322600000", "costOfRevenue": "507400000", "costofGoodsAndServicesSold": "507400000", "operatingIncome": "171600000", "sellingGeneralAndAdministrative": "167900000", "researchAndDevelopment": "219100000", "operatingExpenses": "635500000", "investmentIncomeNet": "None", "netInterestIncome": "-131900000", "interestIncome": "700000", "interestExpense": "132600000", "nonInterestIncome": "None", "otherNonOperatingIncome": "1500000", "depreciation": "None", "depreciationAndAmortization": "248500000", "incomeBeforeTax": "40500000", "incomeTaxExpense": "-10200000", "interestAndDebtExpense": "None", "netIncomeFromContinuingOperations": "50700000", "comprehensiveIncomeNetOfTax": "None", "ebit": "238100000", "ebitda": "486600000", "netIncome": "50700000"}, {"fiscalDateEnding": "2019-03-31", "reportedCurrency": "USD", "grossProfit": "820500000", "totalRevenue": "1329800000", "costOfRevenue": "509300000", "costofGoodsAndServicesSold": "509300000", "operatingIncome": "284600000", "sellingGeneralAndAdministrative": "167400000", "researchAndDevelopment": "214800000", "operatingExpenses": "559200000", "investmentIncomeNet": "None", "netInterestIncome": "-135400000", "interestIncome": "135400000", "interestExpense": "136200000", "nonInterestIncome": "None", "otherNonOperatingIncome": "2900000", "depreciation": "None", "depreciationAndAmortization": "176900000", "incomeBeforeTax": "151200000", "incomeTaxExpense": "-23500000", "interestAndDebtExpense": "None", "netIncomeFromContinuingOperations": "170700000", "comprehensiveIncomeNetOfTax": "None", "ebit": "312500000", "ebitda": "489400000", "netIncome": "174700000"}, {"fiscalDateEnding": "2018-12-31", "reportedCurrency": "USD", "grossProfit": "779600000", "totalRevenue": "1374700000", "costOfRevenue": "595100000", "costofGoodsAndServicesSold": "595100000", "operatingIncome": "194700000", "sellingGeneralAndAdministrative": "174800000", "researchAndDevelopment": "217700000", "operatingExpenses": "586200000", "investmentIncomeNet": "None", "netInterestIncome": "None", "interestIncome": "None", "interestExpense": "137600000", "nonInterestIncome": "None", "otherNonOperatingIncome": "-2100000", "depreciation": "None", "depreciationAndAmortization": "193700000", "incomeBeforeTax": "55000000", "incomeTaxExpense": "5800000", "interestAndDebtExpense": "None", "netIncomeFromContinuingOperations": "49200000", "comprehensiveIncomeNetOfTax": "None", "ebit": "329300000", "ebitda": "523000000", "netIncome": "49200000"}, {"fiscalDateEnding": "2018-09-30", "reportedCurrency": "USD", "grossProfit": "689300000", "totalRevenue": "1432500000", "costOfRevenue": "743200000", "costofGoodsAndServicesSold": "743200000", "operatingIncome": "102700000", "sellingGeneralAndAdministrative": "176600000", "researchAndDevelopment": "221900000", "operatingExpenses": "568400000", "investmentIncomeNet": "None", "netInterestIncome": "None", "interestIncome": "None", "interestExpense": "138600000", "nonInterestIncome": "None", "otherNonOperatingIncome": "-3500000", "depreciation": "None", "depreciationAndAmortization": "221000000", "incomeBeforeTax": "-39400000", "incomeTaxExpense": "-135700000", "interestAndDebtExpense": "None", "netIncomeFromContinuingOperations": "96300000", "comprehensiveIncomeNetOfTax": "None", "ebit": "302600000", "ebitda": "523600000", "netIncome": "96300000"}, {"fiscalDateEnding": "2018-06-30", "reportedCurrency": "USD", "grossProfit": "642000000", "totalRevenue": "1212500000", "costOfRevenue": "570500000", "costofGoodsAndServicesSold": "570500000", "operatingIncome": "132300000", "sellingGeneralAndAdministrative": "164000000", "researchAndDevelopment": "171900000", "operatingExpenses": "469600000", "investmentIncomeNet": "None", "netInterestIncome": "None", "interestIncome": "None", "interestExpense": "90400000", "nonInterestIncome": "None", "otherNonOperatingIncome": "-4200000", "depreciation": "None", "depreciationAndAmortization": "172800000", "incomeBeforeTax": "37700000", "incomeTaxExpense": "2000000", "interestAndDebtExpense": "None", "netIncomeFromContinuingOperations": "39700000", "comprehensiveIncomeNetOfTax": "None", "ebit": "279300000", "ebitda": "452100000", "netIncome": "35700000"}, {"fiscalDateEnding": "2018-03-31", "reportedCurrency": "USD", "grossProfit": "615100000", "totalRevenue": "1002300000", "costOfRevenue": "387200000", "costofGoodsAndServicesSold": "387200000", "operatingIncome": "244100000", "sellingGeneralAndAdministrative": "114480000", "researchAndDevelopment": "133500000", "operatingExpenses": "370800000", "investmentIncomeNet": "None", "netInterestIncome": "None", "interestIncome": "None", "interestExpense": "50307000", "nonInterestIncome": "None", "otherNonOperatingIncome": "-5541000", "depreciation": "None", "depreciationAndAmortization": "122800000", "incomeBeforeTax": "188200000", "incomeTaxExpense": "41500000", "interestAndDebtExpense": "None", "netIncomeFromContinuingOperations": "146743000", "comprehensiveIncomeNetOfTax": "None", "ebit": "272575000", "ebitda": "395375000", "netIncome": "146700000"}, {"fiscalDateEnding": "2017-12-31", "reportedCurrency": "USD", "grossProfit": "607059000", "totalRevenue": "994205000", "costOfRevenue": "387146000", "costofGoodsAndServicesSold": "387146000", "operatingIncome": "245246000", "sellingGeneralAndAdministrative": "109059000", "researchAndDevelopment": "131555000", "operatingExpenses": "361617000", "investmentIncomeNet": "None", "netInterestIncome": "None", "interestIncome": "None", "interestExpense": "49744000", "nonInterestIncome": "None", "otherNonOperatingIncome": "1148000", "depreciation": "None", "depreciationAndAmortization": "121003000", "incomeBeforeTax": "196650000", "incomeTaxExpense": "447736000", "interestAndDebtExpense": "None", "netIncomeFromContinuingOperations": "-251086000", "comprehensiveIncomeNetOfTax": "None", "ebit": "278497000", "ebitda": "399500000", "netIncome": "-251086000"}, {"fiscalDateEnding": "2017-09-30", "reportedCurrency": "USD", "grossProfit": "614094000", "totalRevenue": "1012139000", "costOfRevenue": "398045000", "costofGoodsAndServicesSold": "398045000", "operatingIncome": "225399000", "sellingGeneralAndAdministrative": "114289000", "researchAndDevelopment": "133621000", "operatingExpenses": "368823000", "investmentIncomeNet": "None", "netInterestIncome": "None", "interestIncome": "None", "interestExpense": "49459000", "nonInterestIncome": "None", "otherNonOperatingIncome": "10296000", "depreciation": "None", "depreciationAndAmortization": "152555000", "incomeBeforeTax": "186236000", "incomeTaxExpense": "-2920000", "interestAndDebtExpense": "None", "netIncomeFromContinuingOperations": "189156000", "comprehensiveIncomeNetOfTax": "None", "ebit": "235695000", "ebitda": "388250000", "netIncome": "189156000"}, {"fiscalDateEnding": "2017-06-30", "reportedCurrency": "USD", "grossProfit": "584439000", "totalRevenue": "972141000", "costOfRevenue": "387702000", "costofGoodsAndServicesSold": "387702000", "operatingIncome": "221598000", "sellingGeneralAndAdministrative": "114272000", "researchAndDevelopment": "130480000", "operatingExpenses": "365597000", "investmentIncomeNet": "None", "netInterestIncome": "None", "interestIncome": "None", "interestExpense": "49490000", "nonInterestIncome": "None", "otherNonOperatingIncome": "-5903000", "depreciation": "None", "depreciationAndAmortization": "120845000", "incomeBeforeTax": "166205000", "incomeTaxExpense": "-4382000", "interestAndDebtExpense": "None", "netIncomeFromContinuingOperations": "170587000", "comprehensiveIncomeNetOfTax": "None", "ebit": "249355000", "ebitda": "370200000", "netIncome": "170587000"}, {"fiscalDateEnding": "2017-03-31", "reportedCurrency": "USD", "grossProfit": "532826000", "totalRevenue": "902666000", "costOfRevenue": "369840000", "costofGoodsAndServicesSold": "369840000", "operatingIncome": "154087000", "sellingGeneralAndAdministrative": "111160000", "researchAndDevelopment": "127182000", "operatingExpenses": "332653000", "investmentIncomeNet": "None", "netInterestIncome": "None", "interestIncome": "None", "interestExpense": "41661000", "nonInterestIncome": "None", "otherNonOperatingIncome": "-40624000", "depreciation": "None", "depreciationAndAmortization": "94311000", "incomeBeforeTax": "71802000", "incomeTaxExpense": "-65106000", "interestAndDebtExpense": "None", "netIncomeFromContinuingOperations": "136908000", "comprehensiveIncomeNetOfTax": "None", "ebit": "147435000", "ebitda": "241746000", "netIncome": "136908000"}, {"fiscalDateEnding": "2016-12-31", "reportedCurrency": "USD", "grossProfit": "465259000", "totalRevenue": "834366000", "costOfRevenue": "369107000", "costofGoodsAndServicesSold": "369107000", "operatingIncome": "118074000", "sellingGeneralAndAdministrative": "111017000", "researchAndDevelopment": "132433000", "operatingExpenses": "326241000", "investmentIncomeNet": "None", "netInterestIncome": "None", "interestIncome": "None", "interestExpense": "35143000", "nonInterestIncome": "None", "otherNonOperatingIncome": "567000", "depreciation": "None", "depreciationAndAmortization": "82791000", "incomeBeforeTax": "83498000", "incomeTaxExpense": "-23837000", "interestAndDebtExpense": "None", "netIncomeFromContinuingOperations": "107335000", "comprehensiveIncomeNetOfTax": "None", "ebit": "183195000", "ebitda": "265986000", "netIncome": "107175000"}, {"fiscalDateEnding": "2016-09-30", "reportedCurrency": "USD", "grossProfit": "410621000", "totalRevenue": "871364000", "costOfRevenue": "460743000", "costofGoodsAndServicesSold": "460743000", "operatingIncome": "62760000", "sellingGeneralAndAdministrative": "120129000", "researchAndDevelopment": "137795000", "operatingExpenses": "338318000", "investmentIncomeNet": "None", "netInterestIncome": "None", "interestIncome": "None", "interestExpense": "35126000", "nonInterestIncome": "None", "otherNonOperatingIncome": "-2400000", "depreciation": "None", "depreciationAndAmortization": "80394000", "incomeBeforeTax": "25234000", "incomeTaxExpense": "-10340000", "interestAndDebtExpense": "None", "netIncomeFromContinuingOperations": "35574000", "comprehensiveIncomeNetOfTax": "None", "ebit": "189025000", "ebitda": "269419000", "netIncome": "33919000"}, {"fiscalDateEnding": "2016-06-30", "reportedCurrency": "USD", "grossProfit": "348490000", "totalRevenue": "799411000", "costOfRevenue": "450921000", "costofGoodsAndServicesSold": "450921000", "operatingIncome": "-59104000", "sellingGeneralAndAdministrative": "157505000", "researchAndDevelopment": "147883000", "operatingExpenses": "385559000", "investmentIncomeNet": "None", "netInterestIncome": "None", "interestIncome": "None", "interestExpense": "34416000", "nonInterestIncome": "None", "otherNonOperatingIncome": "2773000", "depreciation": "None", "depreciationAndAmortization": "80171000", "incomeBeforeTax": "-90747000", "incomeTaxExpense": "18478000", "interestAndDebtExpense": "None", "netIncomeFromContinuingOperations": "-109225000", "comprehensiveIncomeNetOfTax": "None", "ebit": "-23361000", "ebitda": "56810000", "netIncome": "-113363000"}, {"fiscalDateEnding": "2016-03-31", "reportedCurrency": "USD", "grossProfit": "302779000", "totalRevenue": "557647000", "costOfRevenue": "254868000", "costofGoodsAndServicesSold": "254868000", "operatingIncome": "79946000", "sellingGeneralAndAdministrative": "78293000", "researchAndDevelopment": "95638000", "operatingExpenses": "222063000", "investmentIncomeNet": "None", "netInterestIncome": "None", "interestIncome": "None", "interestExpense": "26815000", "nonInterestIncome": "None", "otherNonOperatingIncome": "4482000", "depreciation": "None", "depreciationAndAmortization": "48132000", "incomeBeforeTax": "57613000", "incomeTaxExpense": "-9742000", "interestAndDebtExpense": "None", "netIncomeFromContinuingOperations": "-17909000", "comprehensiveIncomeNetOfTax": "None", "ebit": "126293000", "ebitda": "174425000", "netIncome": "67355000"}, {"fiscalDateEnding": "2015-12-31", "reportedCurrency": "USD", "grossProfit": "292718000", "totalRevenue": "540344000", "costOfRevenue": "247626000", "costofGoodsAndServicesSold": "247626000", "operatingIncome": "76132000", "sellingGeneralAndAdministrative": "76270000", "researchAndDevelopment": "97022000", "operatingExpenses": "221604000", "investmentIncomeNet": "None", "netInterestIncome": "None", "interestIncome": "None", "interestExpense": "27507000", "nonInterestIncome": "None", "otherNonOperatingIncome": "1533000", "depreciation": "None", "depreciationAndAmortization": "48312000", "incomeBeforeTax": "50158000", "incomeTaxExpense": "-11053000", "interestAndDebtExpense": "None", "netIncomeFromContinuingOperations": "61211000", "comprehensiveIncomeNetOfTax": "None", "ebit": "116780000", "ebitda": "165092000", "netIncome": "61211000"}, {"fiscalDateEnding": "2015-09-30", "reportedCurrency": "USD", "grossProfit": "300950000", "totalRevenue": "541391000", "costOfRevenue": "240441000", "costofGoodsAndServicesSold": "240441000", "operatingIncome": "74948000", "sellingGeneralAndAdministrative": "80258000", "researchAndDevelopment": "95256000", "operatingExpenses": "219354000", "investmentIncomeNet": "None", "netInterestIncome": "None", "interestIncome": "None", "interestExpense": "25644000", "nonInterestIncome": "None", "otherNonOperatingIncome": "4653000", "depreciation": "None", "depreciationAndAmortization": "43840000", "incomeBeforeTax": "53957000", "incomeTaxExpense": "-10942000", "interestAndDebtExpense": "None", "netIncomeFromContinuingOperations": "64899000", "comprehensiveIncomeNetOfTax": "None", "ebit": "117865000", "ebitda": "161705000", "netIncome": "64899000"}, {"fiscalDateEnding": "2015-06-30", "reportedCurrency": "USD", "grossProfit": "309017000", "totalRevenue": "533952000", "costOfRevenue": "224935000", "costofGoodsAndServicesSold": "224935000", "operatingIncome": "121319000", "sellingGeneralAndAdministrative": "66849000", "researchAndDevelopment": "84680000", "operatingExpenses": "186141000", "investmentIncomeNet": "None", "netInterestIncome": "None", "interestIncome": "None", "interestExpense": "24052000", "nonInterestIncome": "None", "otherNonOperatingIncome": "22298000", "depreciation": "None", "depreciationAndAmortization": "34612000", "incomeBeforeTax": "119565000", "incomeTaxExpense": "-10895000", "interestAndDebtExpense": "None", "netIncomeFromContinuingOperations": "130460000", "comprehensiveIncomeNetOfTax": "None", "ebit": "148639000", "ebitda": "183251000", "netIncome": "130667000"}, {"fiscalDateEnding": "2015-03-31", "reportedCurrency": "USD", "grossProfit": "313632000", "totalRevenue": "543207000", "costOfRevenue": "229575000", "costofGoodsAndServicesSold": "229575000", "operatingIncome": "110347000", "sellingGeneralAndAdministrative": "67778000", "researchAndDevelopment": "87662000", "operatingExpenses": "202527000", "investmentIncomeNet": "None", "netInterestIncome": "None", "interestIncome": "None", "interestExpense": "20114000", "nonInterestIncome": "None", "otherNonOperatingIncome": "-28212000", "depreciation": "None", "depreciationAndAmortization": "47087000", "incomeBeforeTax": "62021000", "incomeTaxExpense": "-36559000", "interestAndDebtExpense": "None", "netIncomeFromContinuingOperations": "59744000", "comprehensiveIncomeNetOfTax": "None", "ebit": "137204000", "ebitda": "184291000", "netIncome": "99402000"}, {"fiscalDateEnding": "2014-12-31", "reportedCurrency": "USD", "grossProfit": "301959000", "totalRevenue": "528710000", "costOfRevenue": "226751000", "costofGoodsAndServicesSold": "226751000", "operatingIncome": "98009000", "sellingGeneralAndAdministrative": "66668000", "researchAndDevelopment": "88697000", "operatingExpenses": "202947000", "investmentIncomeNet": "None", "netInterestIncome": "None", "interestIncome": "None", "interestExpense": "14223000", "nonInterestIncome": "None", "otherNonOperatingIncome": "2405000", "depreciation": "None", "depreciationAndAmortization": "47582000", "incomeBeforeTax": "86191000", "incomeTaxExpense": "1393000", "interestAndDebtExpense": "None", "netIncomeFromContinuingOperations": "84798000", "comprehensiveIncomeNetOfTax": "None", "ebit": "128933000", "ebitda": "176515000", "netIncome": "86057000"}, {"fiscalDateEnding": "2014-09-30", "reportedCurrency": "USD", "grossProfit": "307454000", "totalRevenue": "546243000", "costOfRevenue": "238789000", "costofGoodsAndServicesSold": "238789000", "operatingIncome": "101318000", "sellingGeneralAndAdministrative": "71114000", "researchAndDevelopment": "88814000", "operatingExpenses": "205361000", "investmentIncomeNet": "None", "netInterestIncome": "None", "interestIncome": "None", "interestExpense": "14019000", "nonInterestIncome": "None", "otherNonOperatingIncome": "3405000", "depreciation": "None", "depreciationAndAmortization": "45433000", "incomeBeforeTax": "90704000", "incomeTaxExpense": "-1334000", "interestAndDebtExpense": "None", "netIncomeFromContinuingOperations": "92038000", "comprehensiveIncomeNetOfTax": "None", "ebit": "140181000", "ebitda": "185614000", "netIncome": "93641000"}, {"fiscalDateEnding": "2014-06-30", "reportedCurrency": "USD", "grossProfit": "306519000", "totalRevenue": "528876000", "costOfRevenue": "222357000", "costofGoodsAndServicesSold": "222357000", "operatingIncome": "115946000", "sellingGeneralAndAdministrative": "69255000", "researchAndDevelopment": "84370000", "operatingExpenses": "190269000", "investmentIncomeNet": "None", "netInterestIncome": "None", "interestIncome": "None", "interestExpense": "13678000", "nonInterestIncome": "None", "otherNonOperatingIncome": "4723000", "depreciation": "None", "depreciationAndAmortization": "36644000", "incomeBeforeTax": "106991000", "incomeTaxExpense": "17082000", "interestAndDebtExpense": "None", "netIncomeFromContinuingOperations": "89909000", "comprehensiveIncomeNetOfTax": "None", "ebit": "148394000", "ebitda": "185038000", "netIncome": "89909000"}, {"fiscalDateEnding": "2014-03-31", "reportedCurrency": "USD", "grossProfit": "290586000", "totalRevenue": "493384000", "costOfRevenue": "202798000", "costofGoodsAndServicesSold": "202798000", "operatingIncome": "126037000", "sellingGeneralAndAdministrative": "65344000", "researchAndDevelopment": "77363000", "operatingExpenses": "164016000", "investmentIncomeNet": "None", "netInterestIncome": "None", "interestIncome": "None", "interestExpense": "11961000", "nonInterestIncome": "None", "otherNonOperatingIncome": "4148000", "depreciation": "None", "depreciationAndAmortization": "21309000", "incomeBeforeTax": "118224000", "incomeTaxExpense": "6729000", "interestAndDebtExpense": "None", "netIncomeFromContinuingOperations": "155297000", "comprehensiveIncomeNetOfTax": "None", "ebit": "133496000", "ebitda": "154805000", "netIncome": "111495000"}, {"fiscalDateEnding": "2013-12-31", "reportedCurrency": "USD", "grossProfit": "282720000", "totalRevenue": "482372000", "costOfRevenue": "199652000", "costofGoodsAndServicesSold": "199652000", "operatingIncome": "116918000", "sellingGeneralAndAdministrative": "66856000", "researchAndDevelopment": "76341000", "operatingExpenses": "165001000", "investmentIncomeNet": "None", "netInterestIncome": "None", "interestIncome": "None", "interestExpense": "12545000", "nonInterestIncome": "None", "otherNonOperatingIncome": "8215000", "depreciation": "None", "depreciationAndAmortization": "21804000", "incomeBeforeTax": "112588000", "incomeTaxExpense": "7187000", "interestAndDebtExpense": "None", "netIncomeFromContinuingOperations": "112588000", "comprehensiveIncomeNetOfTax": "None", "ebit": "142957000", "ebitda": "164761000", "netIncome": "105401000"}, {"fiscalDateEnding": "2013-09-30", "reportedCurrency": "USD", "grossProfit": "288863000", "totalRevenue": "492669000", "costOfRevenue": "203806000", "costofGoodsAndServicesSold": "203806000", "operatingIncome": "117508000", "sellingGeneralAndAdministrative": "69368000", "researchAndDevelopment": "78254000", "operatingExpenses": "171366000", "investmentIncomeNet": "None", "netInterestIncome": "None", "interestIncome": "None", "interestExpense": "12354000", "nonInterestIncome": "None", "otherNonOperatingIncome": "6052000", "depreciation": "None", "depreciationAndAmortization": "23744000", "incomeBeforeTax": "111206000", "incomeTaxExpense": "11400000", "interestAndDebtExpense": "None", "netIncomeFromContinuingOperations": "111206000", "comprehensiveIncomeNetOfTax": "None", "ebit": "141805000", "ebitda": "165549000", "netIncome": "99806000"}, {"fiscalDateEnding": "2013-06-30", "reportedCurrency": "USD", "grossProfit": "266574000", "totalRevenue": "462792000", "costOfRevenue": "196218000", "costofGoodsAndServicesSold": "196218000", "operatingIncome": "98401000", "sellingGeneralAndAdministrative": "65710000", "researchAndDevelopment": "73085000", "operatingExpenses": "166472000", "investmentIncomeNet": "None", "netInterestIncome": "None", "interestIncome": "None", "interestExpense": "11856000", "nonInterestIncome": "None", "otherNonOperatingIncome": "3791000", "depreciation": "None", "depreciationAndAmortization": "27677000", "incomeBeforeTax": "90336000", "incomeTaxExpense": "11757000", "interestAndDebtExpense": "None", "netIncomeFromContinuingOperations": "90336000", "comprehensiveIncomeNetOfTax": "None", "ebit": "101803000", "ebitda": "129480000", "netIncome": "78579000"}, {"fiscalDateEnding": "2013-03-31", "reportedCurrency": "USD", "grossProfit": "239039000", "totalRevenue": "430144000", "costOfRevenue": "191105000", "costofGoodsAndServicesSold": "191105000", "operatingIncome": "56713000", "sellingGeneralAndAdministrative": "64744000", "researchAndDevelopment": "70438000", "operatingExpenses": "175104000", "investmentIncomeNet": "None", "netInterestIncome": "None", "interestIncome": "None", "interestExpense": "9932000", "nonInterestIncome": "None", "otherNonOperatingIncome": "2721000", "depreciation": "None", "depreciationAndAmortization": "39922000", "incomeBeforeTax": "49502000", "incomeTaxExpense": "-10188000", "interestAndDebtExpense": "None", "netIncomeFromContinuingOperations": "49502000", "comprehensiveIncomeNetOfTax": "None", "ebit": "83141000", "ebitda": "123063000", "netIncome": "59690000"}, {"fiscalDateEnding": "2012-12-31", "reportedCurrency": "USD", "grossProfit": "200428000", "totalRevenue": "416047000", "costOfRevenue": "215619000", "costofGoodsAndServicesSold": "215619000", "operatingIncome": "17413000", "sellingGeneralAndAdministrative": "69368000", "researchAndDevelopment": "71377000", "operatingExpenses": "180456000", "investmentIncomeNet": "None", "netInterestIncome": "None", "interestIncome": "None", "interestExpense": "11077000", "nonInterestIncome": "None", "otherNonOperatingIncome": "3356000", "depreciation": "None", "depreciationAndAmortization": "39711000", "incomeBeforeTax": "9692000", "incomeTaxExpense": "-481000", "interestAndDebtExpense": "None", "netIncomeFromContinuingOperations": "9692000", "comprehensiveIncomeNetOfTax": "None", "ebit": "45070000", "ebitda": "84781000", "netIncome": "10173000"}, {"fiscalDateEnding": "2012-09-30", "reportedCurrency": "USD", "grossProfit": "194195000", "totalRevenue": "383298000", "costOfRevenue": "189103000", "costofGoodsAndServicesSold": "189103000", "operatingIncome": "8094000", "sellingGeneralAndAdministrative": "71767000", "researchAndDevelopment": "64082000", "operatingExpenses": "163707000", "investmentIncomeNet": "None", "netInterestIncome": "None", "interestIncome": "None", "interestExpense": "10758000", "nonInterestIncome": "None", "otherNonOperatingIncome": "4783000", "depreciation": "None", "depreciationAndAmortization": "27858000", "incomeBeforeTax": "2119000", "incomeTaxExpense": "23303000", "interestAndDebtExpense": "None", "netIncomeFromContinuingOperations": "2119000", "comprehensiveIncomeNetOfTax": "None", "ebit": "36230000", "ebitda": "64088000", "netIncome": "-21184000"}, {"fiscalDateEnding": "2012-06-30", "reportedCurrency": "USD", "grossProfit": "203079000", "totalRevenue": "352134000", "costOfRevenue": "149055000", "costofGoodsAndServicesSold": "149055000", "operatingIncome": "96333000", "sellingGeneralAndAdministrative": "57920000", "researchAndDevelopment": "48826000", "operatingExpenses": "106746000", "investmentIncomeNet": "None", "netInterestIncome": "None", "interestIncome": "None", "interestExpense": "9148000", "nonInterestIncome": "None", "otherNonOperatingIncome": "3679000", "depreciation": "None", "depreciationAndAmortization": "25245000", "incomeBeforeTax": "90864000", "incomeTaxExpense": "12154000", "interestAndDebtExpense": "None", "netIncomeFromContinuingOperations": "90864000", "comprehensiveIncomeNetOfTax": "None", "ebit": "100012000", "ebitda": "125257000", "netIncome": "78710000"}, {"fiscalDateEnding": "2012-03-31", "reportedCurrency": "USD", "grossProfit": "193873000", "totalRevenue": "338911000", "costOfRevenue": "145038000", "costofGoodsAndServicesSold": "145038000", "operatingIncome": "93909000", "sellingGeneralAndAdministrative": "50754000", "researchAndDevelopment": "47713000", "operatingExpenses": "98467000", "investmentIncomeNet": "None", "netInterestIncome": "None", "interestIncome": "None", "interestExpense": "8346000", "nonInterestIncome": "None", "otherNonOperatingIncome": "17505000", "depreciation": "None", "depreciationAndAmortization": "24254000", "incomeBeforeTax": "91922000", "incomeTaxExpense": "11286000", "interestAndDebtExpense": "None", "netIncomeFromContinuingOperations": "91922000", "comprehensiveIncomeNetOfTax": "None", "ebit": "100268000", "ebitda": "124522000", "netIncome": "80636000"}, {"fiscalDateEnding": "2011-12-31", "reportedCurrency": "USD", "grossProfit": "183779000", "totalRevenue": "329156000", "costOfRevenue": "145377000", "costofGoodsAndServicesSold": "145377000", "operatingIncome": "88127000", "sellingGeneralAndAdministrative": "52056000", "researchAndDevelopment": "44256000", "operatingExpenses": "96312000", "investmentIncomeNet": "None", "netInterestIncome": "None", "interestIncome": "None", "interestExpense": "8994000", "nonInterestIncome": "None", "otherNonOperatingIncome": "14000", "depreciation": "None", "depreciationAndAmortization": "24642000", "incomeBeforeTax": "83677000", "incomeTaxExpense": "6188000", "interestAndDebtExpense": "None", "netIncomeFromContinuingOperations": "83677000", "comprehensiveIncomeNetOfTax": "None", "ebit": "92671000", "ebitda": "117313000", "netIncome": "77489000"}, {"fiscalDateEnding": "2011-09-30", "reportedCurrency": "USD", "grossProfit": "194994000", "totalRevenue": "340602000", "costOfRevenue": "145608000", "costofGoodsAndServicesSold": "145608000", "operatingIncome": "97620000", "sellingGeneralAndAdministrative": "51991000", "researchAndDevelopment": "45383000", "operatingExpenses": "97374000", "investmentIncomeNet": "None", "netInterestIncome": "None", "interestIncome": "None", "interestExpense": "8911000", "nonInterestIncome": "None", "otherNonOperatingIncome": "-13000", "depreciation": "None", "depreciationAndAmortization": "25177000", "incomeBeforeTax": "90270000", "incomeTaxExpense": "10983000", "interestAndDebtExpense": "None", "netIncomeFromContinuingOperations": "90270000", "comprehensiveIncomeNetOfTax": "None", "ebit": "99181000", "ebitda": "124358000", "netIncome": "79287000"}, {"fiscalDateEnding": "2011-06-30", "reportedCurrency": "USD", "grossProfit": "219748000", "totalRevenue": "374507000", "costOfRevenue": "154759000", "costofGoodsAndServicesSold": "154759000", "operatingIncome": "116860000", "sellingGeneralAndAdministrative": "57590000", "researchAndDevelopment": "45298000", "operatingExpenses": "102888000", "investmentIncomeNet": "None", "netInterestIncome": "None", "interestIncome": "None", "interestExpense": "8015000", "nonInterestIncome": "None", "otherNonOperatingIncome": "-61000", "depreciation": "None", "depreciationAndAmortization": "25351000", "incomeBeforeTax": "113826000", "incomeTaxExpense": "14533000", "interestAndDebtExpense": "None", "netIncomeFromContinuingOperations": "113826000", "comprehensiveIncomeNetOfTax": "None", "ebit": "121841000", "ebitda": "147192000", "netIncome": "99293000"}, {"fiscalDateEnding": "2011-03-31", "reportedCurrency": "USD", "grossProfit": "225591000", "totalRevenue": "379985000", "costOfRevenue": "154394000", "costofGoodsAndServicesSold": "154394000", "operatingIncome": "124361000", "sellingGeneralAndAdministrative": "56885000", "researchAndDevelopment": "44159000", "operatingExpenses": "101044000", "investmentIncomeNet": "None", "netInterestIncome": "None", "interestIncome": "None", "interestExpense": "8065000", "nonInterestIncome": "None", "otherNonOperatingIncome": "3733000", "depreciation": "None", "depreciationAndAmortization": "26459000", "incomeBeforeTax": "120029000", "incomeTaxExpense": "-10583000", "interestAndDebtExpense": "None", "netIncomeFromContinuingOperations": "132874000", "comprehensiveIncomeNetOfTax": "None", "ebit": "128094000", "ebitda": "154553000", "netIncome": "125528000"}, {"fiscalDateEnding": "2010-12-31", "reportedCurrency": "USD", "grossProfit": "216397000", "totalRevenue": "367824000", "costOfRevenue": "151427000", "costofGoodsAndServicesSold": "151427000", "operatingIncome": "117453000", "sellingGeneralAndAdministrative": "56100000", "researchAndDevelopment": "42198000", "operatingExpenses": "98298000", "investmentIncomeNet": "None", "netInterestIncome": "None", "interestIncome": "None", "interestExpense": "7672000", "nonInterestIncome": "None", "otherNonOperatingIncome": "4610000", "depreciation": "None", "depreciationAndAmortization": "27177000", "incomeBeforeTax": "114391000", "incomeTaxExpense": "12461000", "interestAndDebtExpense": "None", "netIncomeFromContinuingOperations": "101930000", "comprehensiveIncomeNetOfTax": "None", "ebit": "122063000", "ebitda": "149240000", "netIncome": "100776000"}, {"fiscalDateEnding": "2010-09-30", "reportedCurrency": "USD", "grossProfit": "225005000", "totalRevenue": "382271000", "costOfRevenue": "157266000", "costofGoodsAndServicesSold": "157266000", "operatingIncome": "123143000", "sellingGeneralAndAdministrative": "57584000", "researchAndDevelopment": "43720000", "operatingExpenses": "101304000", "investmentIncomeNet": "None", "netInterestIncome": "None", "interestIncome": "None", "interestExpense": "8045000", "nonInterestIncome": "None", "otherNonOperatingIncome": "5900000", "depreciation": "None", "depreciationAndAmortization": "27813000", "incomeBeforeTax": "120998000", "incomeTaxExpense": "16250000", "interestAndDebtExpense": "None", "netIncomeFromContinuingOperations": "104748000", "comprehensiveIncomeNetOfTax": "None", "ebit": "128767000", "ebitda": "156580000", "netIncome": "103080000"}, {"fiscalDateEnding": "2010-06-30", "reportedCurrency": "USD", "grossProfit": "199443000", "totalRevenue": "320801000", "costOfRevenue": "121358000", "costofGoodsAndServicesSold": "121358000", "operatingIncome": "106632000", "sellingGeneralAndAdministrative": "53679000", "researchAndDevelopment": "38657000", "operatingExpenses": "92336000", "investmentIncomeNet": "None", "netInterestIncome": "None", "interestIncome": "None", "interestExpense": "7739000", "nonInterestIncome": "None", "otherNonOperatingIncome": "3793000", "depreciation": "None", "depreciationAndAmortization": "25163000", "incomeBeforeTax": "102686000", "incomeTaxExpense": "13071000", "interestAndDebtExpense": "None", "netIncomeFromContinuingOperations": "89615000", "comprehensiveIncomeNetOfTax": "None", "ebit": "86313000", "ebitda": "111476000", "netIncome": "89566000"}, {"fiscalDateEnding": "2010-03-31", "reportedCurrency": "USD", "grossProfit": "168471000", "totalRevenue": "278020000", "costOfRevenue": "109549000", "costofGoodsAndServicesSold": "109549000", "operatingIncome": "88487000", "sellingGeneralAndAdministrative": "46697000", "researchAndDevelopment": "33287000", "operatingExpenses": "79984000", "investmentIncomeNet": "None", "netInterestIncome": "None", "interestIncome": "None", "interestExpense": "7838000", "nonInterestIncome": "None", "otherNonOperatingIncome": "None", "depreciation": "None", "depreciationAndAmortization": "22020000", "incomeBeforeTax": "83997000", "incomeTaxExpense": "8248000", "interestAndDebtExpense": "None", "netIncomeFromContinuingOperations": "0", "comprehensiveIncomeNetOfTax": "None", "ebit": "91835000", "ebitda": "113855000", "netIncome": "75749000"}, {"fiscalDateEnding": "2009-12-31", "reportedCurrency": "USD", "grossProfit": "145996000", "totalRevenue": "250099000", "costOfRevenue": "104103000", "costofGoodsAndServicesSold": "104103000", "operatingIncome": "72568000", "sellingGeneralAndAdministrative": "43096000", "researchAndDevelopment": "30332000", "operatingExpenses": "73428000", "investmentIncomeNet": "None", "netInterestIncome": "None", "interestIncome": "None", "interestExpense": "7763000", "nonInterestIncome": "None", "otherNonOperatingIncome": "5074000", "depreciation": "None", "depreciationAndAmortization": "22739000", "incomeBeforeTax": "69879000", "incomeTaxExpense": "476000", "interestAndDebtExpense": "None", "netIncomeFromContinuingOperations": "69403000", "comprehensiveIncomeNetOfTax": "None", "ebit": "77340000", "ebitda": "100079000", "netIncome": "69403000"}, {"fiscalDateEnding": "2009-09-30", "reportedCurrency": "USD", "grossProfit": "123340000", "totalRevenue": "226661000", "costOfRevenue": "103321000", "costofGoodsAndServicesSold": "103321000", "operatingIncome": "52726000", "sellingGeneralAndAdministrative": "41046000", "researchAndDevelopment": "29568000", "operatingExpenses": "70614000", "investmentIncomeNet": "None", "netInterestIncome": "None", "interestIncome": "None", "interestExpense": "8030000", "nonInterestIncome": "None", "otherNonOperatingIncome": "6586000", "depreciation": "None", "depreciationAndAmortization": "22447000", "incomeBeforeTax": "51282000", "incomeTaxExpense": "6797000", "interestAndDebtExpense": "None", "netIncomeFromContinuingOperations": "44485000", "comprehensiveIncomeNetOfTax": "None", "ebit": "31723000", "ebitda": "54170000", "netIncome": "44485000"}, {"fiscalDateEnding": "2009-06-30", "reportedCurrency": "USD", "grossProfit": "96435000", "totalRevenue": "192949000", "costOfRevenue": "96514000", "costofGoodsAndServicesSold": "96514000", "operatingIncome": "31178000", "sellingGeneralAndAdministrative": "36383000", "researchAndDevelopment": "27636000", "operatingExpenses": "65257000", "investmentIncomeNet": "None", "netInterestIncome": "None", "interestIncome": "None", "interestExpense": "7519000", "nonInterestIncome": "None", "otherNonOperatingIncome": "None", "depreciation": "None", "depreciationAndAmortization": "22851000", "incomeBeforeTax": "32655000", "incomeTaxExpense": "5287000", "interestAndDebtExpense": "None", "netIncomeFromContinuingOperations": "0", "comprehensiveIncomeNetOfTax": "None", "ebit": "39982000", "ebitda": "62833000", "netIncome": "27368000"}, {"fiscalDateEnding": "2009-03-31", "reportedCurrency": "USD", "grossProfit": "83967000", "totalRevenue": "173253000", "costOfRevenue": "89286000", "costofGoodsAndServicesSold": "89286000", "operatingIncome": "19041000", "sellingGeneralAndAdministrative": "33336000", "researchAndDevelopment": "25656000", "operatingExpenses": "58492000", "investmentIncomeNet": "None", "netInterestIncome": "None", "interestIncome": "None", "interestExpense": "6511000", "nonInterestIncome": "None", "otherNonOperatingIncome": "None", "depreciation": "None", "depreciationAndAmortization": "23836000", "incomeBeforeTax": "28922000", "incomeTaxExpense": "6093000", "interestAndDebtExpense": "None", "netIncomeFromContinuingOperations": "0", "comprehensiveIncomeNetOfTax": "None", "ebit": "47232000", "ebitda": "71068000", "netIncome": "22829000"}, {"fiscalDateEnding": "2008-12-31", "reportedCurrency": "USD", "grossProfit": "104787000", "totalRevenue": "192166000", "costOfRevenue": "87379000", "costofGoodsAndServicesSold": "87379000", "operatingIncome": "40474000", "sellingGeneralAndAdministrative": "36840000", "researchAndDevelopment": "26973000", "operatingExpenses": "64313000", "investmentIncomeNet": "None", "netInterestIncome": "None", "interestIncome": "None", "interestExpense": "7096000", "nonInterestIncome": "None", "otherNonOperatingIncome": "None", "depreciation": "None", "depreciationAndAmortization": "23646000", "incomeBeforeTax": "21731000", "incomeTaxExpense": "-51438000", "interestAndDebtExpense": "None", "netIncomeFromContinuingOperations": "0", "comprehensiveIncomeNetOfTax": "None", "ebit": "28464000", "ebitda": "52110000", "netIncome": "73169000"}, {"fiscalDateEnding": "2008-09-30", "reportedCurrency": "USD", "grossProfit": "164153000", "totalRevenue": "269706000", "costOfRevenue": "105553000", "costofGoodsAndServicesSold": "105553000", "operatingIncome": "87181000", "sellingGeneralAndAdministrative": "45629000", "researchAndDevelopment": "31343000", "operatingExpenses": "76972000", "investmentIncomeNet": "None", "netInterestIncome": "None", "interestIncome": "None", "interestExpense": "6870000", "nonInterestIncome": "None", "otherNonOperatingIncome": "None", "depreciation": "None", "depreciationAndAmortization": "24507000", "incomeBeforeTax": "93422000", "incomeTaxExpense": "16910000", "interestAndDebtExpense": "None", "netIncomeFromContinuingOperations": "0", "comprehensiveIncomeNetOfTax": "None", "ebit": "85510000", "ebitda": "110017000", "netIncome": "76512000"}, {"fiscalDateEnding": "2008-06-30", "reportedCurrency": "USD", "grossProfit": "163597000", "totalRevenue": "268172000", "costOfRevenue": "104575000", "costofGoodsAndServicesSold": "104575000", "operatingIncome": "86632000", "sellingGeneralAndAdministrative": "45413000", "researchAndDevelopment": "31552000", "operatingExpenses": "76965000", "investmentIncomeNet": "None", "netInterestIncome": "None", "interestIncome": "None", "interestExpense": "6401000", "nonInterestIncome": "None", "otherNonOperatingIncome": "None", "depreciation": "None", "depreciationAndAmortization": "24057000", "incomeBeforeTax": "93175000", "incomeTaxExpense": "16865000", "interestAndDebtExpense": "None", "netIncomeFromContinuingOperations": "0", "comprehensiveIncomeNetOfTax": "None", "ebit": "62575000", "ebitda": "86632000", "netIncome": "76310000"}, {"fiscalDateEnding": "2008-03-31", "reportedCurrency": "USD", "grossProfit": "158634000", "totalRevenue": "260418000", "costOfRevenue": "101784000", "costofGoodsAndServicesSold": "101784000", "operatingIncome": "81732000", "sellingGeneralAndAdministrative": "45396000", "researchAndDevelopment": "31506000", "operatingExpenses": "50139000", "investmentIncomeNet": "None", "netInterestIncome": "None", "interestIncome": "None", "interestExpense": "6331000", "nonInterestIncome": "None", "otherNonOperatingIncome": "None", "depreciation": "None", "depreciationAndAmortization": "23712000", "incomeBeforeTax": "88821000", "incomeTaxExpense": "12169000", "interestAndDebtExpense": "None", "netIncomeFromContinuingOperations": "0", "comprehensiveIncomeNetOfTax": "None", "ebit": "108495000", "ebitda": "132207000", "netIncome": "76652000"}, {"fiscalDateEnding": "2007-12-31", "reportedCurrency": "USD", "grossProfit": "153047000", "totalRevenue": "252600000", "costOfRevenue": "99553000", "costofGoodsAndServicesSold": "99553000", "operatingIncome": "79240000", "sellingGeneralAndAdministrative": "43501000", "researchAndDevelopment": "30306000", "operatingExpenses": "73807000", "investmentIncomeNet": "None", "netInterestIncome": "None", "interestIncome": "None", "interestExpense": "1635000", "nonInterestIncome": "None", "otherNonOperatingIncome": "None", "depreciation": "None", "depreciationAndAmortization": "23814000", "incomeBeforeTax": "91277000", "incomeTaxExpense": "11153000", "interestAndDebtExpense": "None", "netIncomeFromContinuingOperations": "0", "comprehensiveIncomeNetOfTax": "None", "ebit": "55426000", "ebitda": "79240000", "netIncome": "80124000"}, {"fiscalDateEnding": "2007-09-30", "reportedCurrency": "USD", "grossProfit": "154712000", "totalRevenue": "258647000", "costOfRevenue": "103935000", "costofGoodsAndServicesSold": "103935000", "operatingIncome": "55674000", "sellingGeneralAndAdministrative": "42969000", "researchAndDevelopment": "29306000", "operatingExpenses": "99038000", "investmentIncomeNet": "None", "netInterestIncome": "None", "interestIncome": "None", "interestExpense": "0", "nonInterestIncome": "None", "otherNonOperatingIncome": "None", "depreciation": "None", "depreciationAndAmortization": "25893000", "incomeBeforeTax": "70144000", "incomeTaxExpense": "9465000", "interestAndDebtExpense": "None", "netIncomeFromContinuingOperations": "0", "comprehensiveIncomeNetOfTax": "None", "ebit": "29781000", "ebitda": "55674000", "netIncome": "60679000"}, {"fiscalDateEnding": "2007-06-30", "reportedCurrency": "USD", "grossProfit": "158545000", "totalRevenue": "264072000", "costOfRevenue": "105527000", "costofGoodsAndServicesSold": "105527000", "operatingIncome": "85019000", "sellingGeneralAndAdministrative": "43780000", "researchAndDevelopment": "29746000", "operatingExpenses": "73526000", "investmentIncomeNet": "None", "netInterestIncome": "None", "interestIncome": "None", "interestExpense": "0", "nonInterestIncome": "None", "otherNonOperatingIncome": "None", "depreciation": "None", "depreciationAndAmortization": "26898000", "incomeBeforeTax": "100743000", "incomeTaxExpense": "20450000", "interestAndDebtExpense": "None", "netIncomeFromContinuingOperations": "0", "comprehensiveIncomeNetOfTax": "None", "ebit": "58121000", "ebitda": "85019000", "netIncome": "80293000"}, {"fiscalDateEnding": "2007-03-31", "reportedCurrency": "USD", "grossProfit": "154601000", "totalRevenue": "258176000", "costOfRevenue": "103575000", "costofGoodsAndServicesSold": "103575000", "operatingIncome": "85289000", "sellingGeneralAndAdministrative": "40765000", "researchAndDevelopment": "28547000", "operatingExpenses": "69312000", "investmentIncomeNet": "None", "netInterestIncome": "None", "interestIncome": "None", "interestExpense": "270000", "nonInterestIncome": "None", "otherNonOperatingIncome": "None", "depreciation": "None", "depreciationAndAmortization": "28379000", "incomeBeforeTax": "99352000", "incomeTaxExpense": "-28356000", "interestAndDebtExpense": "None", "netIncomeFromContinuingOperations": "0", "comprehensiveIncomeNetOfTax": "None", "ebit": "85289000", "ebitda": "113668000", "netIncome": "127708000"}, {"fiscalDateEnding": "2006-12-31", "reportedCurrency": "USD", "grossProfit": "149710000", "totalRevenue": "251004000", "costOfRevenue": "101294000", "costofGoodsAndServicesSold": "101294000", "operatingIncome": "81482000", "sellingGeneralAndAdministrative": "40185000", "researchAndDevelopment": "28043000", "operatingExpenses": "68228000", "investmentIncomeNet": "None", "netInterestIncome": "None", "interestIncome": "None", "interestExpense": "890000", "nonInterestIncome": "None", "otherNonOperatingIncome": "None", "depreciation": "None", "depreciationAndAmortization": "29582000", "incomeBeforeTax": "95854000", "incomeTaxExpense": "23005000", "interestAndDebtExpense": "None", "netIncomeFromContinuingOperations": "0", "comprehensiveIncomeNetOfTax": "None", "ebit": "51900000", "ebitda": "81482000", "netIncome": "72849000"}, {"fiscalDateEnding": "2006-09-30", "reportedCurrency": "USD", "grossProfit": "161961000", "totalRevenue": "267934000", "costOfRevenue": "105973000", "costofGoodsAndServicesSold": "105973000", "operatingIncome": "91359000", "sellingGeneralAndAdministrative": "41518000", "researchAndDevelopment": "29084000", "operatingExpenses": "70602000", "investmentIncomeNet": "None", "netInterestIncome": "None", "interestIncome": "None", "interestExpense": "1767000", "nonInterestIncome": "None", "otherNonOperatingIncome": "None", "depreciation": "None", "depreciationAndAmortization": "29691000", "incomeBeforeTax": "104589000", "incomeTaxExpense": "25101000", "interestAndDebtExpense": "None", "netIncomeFromContinuingOperations": "0", "comprehensiveIncomeNetOfTax": "None", "ebit": "61668000", "ebitda": "91359000", "netIncome": "79488000"}, {"fiscalDateEnding": "2006-06-30", "reportedCurrency": "USD", "grossProfit": "158484000", "totalRevenue": "262557000", "costOfRevenue": "104073000", "costofGoodsAndServicesSold": "104073000", "operatingIncome": "89681000", "sellingGeneralAndAdministrative": "40779000", "researchAndDevelopment": "28024000", "operatingExpenses": "68803000", "investmentIncomeNet": "None", "netInterestIncome": "None", "interestIncome": "None", "interestExpense": "2489000", "nonInterestIncome": "None", "otherNonOperatingIncome": "None", "depreciation": "None", "depreciationAndAmortization": "28519000", "incomeBeforeTax": "101295000", "incomeTaxExpense": "24311000", "interestAndDebtExpense": "None", "netIncomeFromContinuingOperations": "0", "comprehensiveIncomeNetOfTax": "None", "ebit": "61162000", "ebitda": "89681000", "netIncome": "76984000"}, {"fiscalDateEnding": "2006-03-31", "reportedCurrency": "USD", "grossProfit": "148546000", "totalRevenue": "247172000", "costOfRevenue": "98626000", "costofGoodsAndServicesSold": "98626000", "operatingIncome": "89452000", "sellingGeneralAndAdministrative": "34577000", "researchAndDevelopment": "24517000", "operatingExpenses": "59094000", "investmentIncomeNet": "None", "netInterestIncome": "None", "interestIncome": "None", "interestExpense": "903000", "nonInterestIncome": "None", "otherNonOperatingIncome": "None", "depreciation": "None", "depreciationAndAmortization": "27576000", "incomeBeforeTax": "99432000", "incomeTaxExpense": "23864000", "interestAndDebtExpense": "None", "netIncomeFromContinuingOperations": "0", "comprehensiveIncomeNetOfTax": "None", "ebit": "89452000", "ebitda": "117028000", "netIncome": "75568000"}, {"fiscalDateEnding": "2005-12-31", "reportedCurrency": "USD", "grossProfit": "140270000", "totalRevenue": "234896000", "costOfRevenue": "94626000", "costofGoodsAndServicesSold": "94626000", "operatingIncome": "84588000", "sellingGeneralAndAdministrative": "32305000", "researchAndDevelopment": "23377000", "operatingExpenses": "55682000", "investmentIncomeNet": "None", "netInterestIncome": "None", "interestIncome": "None", "interestExpense": "559000", "nonInterestIncome": "None", "otherNonOperatingIncome": "None", "depreciation": "None", "depreciationAndAmortization": "27085000", "incomeBeforeTax": "93071000", "incomeTaxExpense": "52947000", "interestAndDebtExpense": "None", "netIncomeFromContinuingOperations": "0", "comprehensiveIncomeNetOfTax": "None", "ebit": "57503000", "ebitda": "84588000", "netIncome": "40124000"}, {"fiscalDateEnding": "2005-09-30", "reportedCurrency": "USD", "grossProfit": "134556000", "totalRevenue": "227298000", "costOfRevenue": "92742000", "costofGoodsAndServicesSold": "92742000", "operatingIncome": "79295000", "sellingGeneralAndAdministrative": "31624000", "researchAndDevelopment": "23637000", "operatingExpenses": "55261000", "investmentIncomeNet": "None", "netInterestIncome": "None", "interestIncome": "None", "interestExpense": "505000", "nonInterestIncome": "None", "otherNonOperatingIncome": "None", "depreciation": "None", "depreciationAndAmortization": "27914000", "incomeBeforeTax": "86385000", "incomeTaxExpense": "20732000", "interestAndDebtExpense": "None", "netIncomeFromContinuingOperations": "0", "comprehensiveIncomeNetOfTax": "None", "ebit": "51381000", "ebitda": "79295000", "netIncome": "65653000"}, {"fiscalDateEnding": "2005-06-30", "reportedCurrency": "USD", "grossProfit": "127505000", "totalRevenue": "218527000", "costOfRevenue": "91022000", "costofGoodsAndServicesSold": "91022000", "operatingIncome": "73029000", "sellingGeneralAndAdministrative": "31081000", "researchAndDevelopment": "23395000", "operatingExpenses": "54476000", "investmentIncomeNet": "None", "netInterestIncome": "None", "interestIncome": "None", "interestExpense": "433000", "nonInterestIncome": "None", "otherNonOperatingIncome": "None", "depreciation": "None", "depreciationAndAmortization": "28107000", "incomeBeforeTax": "80297000", "incomeTaxExpense": "19273000", "interestAndDebtExpense": "None", "netIncomeFromContinuingOperations": "0", "comprehensiveIncomeNetOfTax": "None", "ebit": "73029000", "ebitda": "101136000", "netIncome": "61024000"}, {"fiscalDateEnding": "2005-03-31", "reportedCurrency": "USD", "grossProfit": "119351000", "totalRevenue": "208083000", "costOfRevenue": "88732000", "costofGoodsAndServicesSold": "88732000", "operatingIncome": "68120000", "sellingGeneralAndAdministrative": "27900000", "researchAndDevelopment": "23331000", "operatingExpenses": "51231000", "investmentIncomeNet": "None", "netInterestIncome": "None", "interestIncome": "None", "interestExpense": "940000", "nonInterestIncome": "None", "otherNonOperatingIncome": "None", "depreciation": "None", "depreciationAndAmortization": "29101000", "incomeBeforeTax": "74214000", "incomeTaxExpense": "17811000", "interestAndDebtExpense": "None", "netIncomeFromContinuingOperations": "0", "comprehensiveIncomeNetOfTax": "None", "ebit": "68120000", "ebitda": "97221000", "netIncome": "56403000"}, {"fiscalDateEnding": "2004-12-31", "reportedCurrency": "USD", "grossProfit": "116788000", "totalRevenue": "205384000", "costOfRevenue": "88596000", "costofGoodsAndServicesSold": "88596000", "operatingIncome": "65622000", "sellingGeneralAndAdministrative": "28056000", "researchAndDevelopment": "23110000", "operatingExpenses": "51166000", "investmentIncomeNet": "None", "netInterestIncome": "None", "interestIncome": "None", "interestExpense": "271000", "nonInterestIncome": "None", "otherNonOperatingIncome": "None", "depreciation": "None", "depreciationAndAmortization": "30524000", "incomeBeforeTax": "69921000", "incomeTaxExpense": "16781000", "interestAndDebtExpense": "None", "netIncomeFromContinuingOperations": "0", "comprehensiveIncomeNetOfTax": "None", "ebit": "35098000", "ebitda": "65622000", "netIncome": "53140000"}]}