{"symbol": "KHC", "annualReports": [{"fiscalDateEnding": "2024-12-31", "reportedCurrency": "USD", "grossProfit": "8968000000", "totalRevenue": "25846000000", "costOfRevenue": "16878000000", "costofGoodsAndServicesSold": "16878000000", "operatingIncome": "1683000000", "sellingGeneralAndAdministrative": "3486000000", "researchAndDevelopment": "None", "operatingExpenses": "7285000000", "investmentIncomeNet": "None", "netInterestIncome": "-843000000", "interestIncome": "69000000", "interestExpense": "912000000", "nonInterestIncome": "None", "otherNonOperatingIncome": "None", "depreciation": "None", "depreciationAndAmortization": "948000000", "incomeBeforeTax": "856000000", "incomeTaxExpense": "-1890000000", "interestAndDebtExpense": "None", "netIncomeFromContinuingOperations": "2746000000", "comprehensiveIncomeNetOfTax": "None", "ebit": "1768000000", "ebitda": "2716000000", "netIncome": "2744000000"}, {"fiscalDateEnding": "2023-12-31", "reportedCurrency": "USD", "grossProfit": "8926000000", "totalRevenue": "26640000000", "costOfRevenue": "17714000000", "costofGoodsAndServicesSold": "17714000000", "operatingIncome": "4572000000", "sellingGeneralAndAdministrative": "3745000000", "researchAndDevelopment": "147000000", "operatingExpenses": "4354000000", "investmentIncomeNet": "None", "netInterestIncome": "-872000000", "interestIncome": "40000000", "interestExpense": "912000000", "nonInterestIncome": "None", "otherNonOperatingIncome": "None", "depreciation": "None", "depreciationAndAmortization": "961000000", "incomeBeforeTax": "3633000000", "incomeTaxExpense": "787000000", "interestAndDebtExpense": "None", "netIncomeFromContinuingOperations": "2846000000", "comprehensiveIncomeNetOfTax": "None", "ebit": "4545000000", "ebitda": "5506000000", "netIncome": "2855000000"}, {"fiscalDateEnding": "2022-12-31", "reportedCurrency": "USD", "grossProfit": "8122000000", "totalRevenue": "26485000000", "costOfRevenue": "18363000000", "costofGoodsAndServicesSold": "18363000000", "operatingIncome": "3634000000", "sellingGeneralAndAdministrative": "3426000000", "researchAndDevelopment": "127000000", "operatingExpenses": "4488000000", "investmentIncomeNet": "None", "netInterestIncome": "-921000000", "interestIncome": "27000000", "interestExpense": "921000000", "nonInterestIncome": "None", "otherNonOperatingIncome": "253000000", "depreciation": "None", "depreciationAndAmortization": "933000000", "incomeBeforeTax": "2966000000", "incomeTaxExpense": "598000000", "interestAndDebtExpense": "None", "netIncomeFromContinuingOperations": "2368000000", "comprehensiveIncomeNetOfTax": "None", "ebit": "3887000000", "ebitda": "4820000000", "netIncome": "2363000000"}, {"fiscalDateEnding": "2021-12-31", "reportedCurrency": "USD", "grossProfit": "8682000000", "totalRevenue": "26042000000", "costOfRevenue": "17360000000", "costofGoodsAndServicesSold": "17360000000", "operatingIncome": "3460000000", "sellingGeneralAndAdministrative": "3367000000", "researchAndDevelopment": "140000000", "operatingExpenses": "5222000000", "investmentIncomeNet": "None", "netInterestIncome": "-2032000000", "interestIncome": "15000000", "interestExpense": "2047000000", "nonInterestIncome": "None", "otherNonOperatingIncome": "295000000", "depreciation": "None", "depreciationAndAmortization": "910000000", "incomeBeforeTax": "1708000000", "incomeTaxExpense": "684000000", "interestAndDebtExpense": "None", "netIncomeFromContinuingOperations": "1024000000", "comprehensiveIncomeNetOfTax": "None", "ebit": "3755000000", "ebitda": "4665000000", "netIncome": "1012000000"}, {"fiscalDateEnding": "2020-12-31", "reportedCurrency": "USD", "grossProfit": "9177000000", "totalRevenue": "26185000000", "costOfRevenue": "17008000000", "costofGoodsAndServicesSold": "17008000000", "operatingIncome": "2128000000", "sellingGeneralAndAdministrative": "3327000000", "researchAndDevelopment": "119000000", "operatingExpenses": "7049000000", "investmentIncomeNet": "None", "netInterestIncome": "-1394000000", "interestIncome": "27000000", "interestExpense": "1394000000", "nonInterestIncome": "None", "otherNonOperatingIncome": "296000000", "depreciation": "None", "depreciationAndAmortization": "969000000", "incomeBeforeTax": "1030000000", "incomeTaxExpense": "669000000", "interestAndDebtExpense": "None", "netIncomeFromContinuingOperations": "361000000", "comprehensiveIncomeNetOfTax": "None", "ebit": "2424000000", "ebitda": "3393000000", "netIncome": "356000000"}, {"fiscalDateEnding": "2019-12-31", "reportedCurrency": "USD", "grossProfit": "8147000000", "totalRevenue": "24977000000", "costOfRevenue": "16830000000", "costofGoodsAndServicesSold": "16830000000", "operatingIncome": "3070000000", "sellingGeneralAndAdministrative": "2700000000", "researchAndDevelopment": "112000000", "operatingExpenses": "5077000000", "investmentIncomeNet": "None", "netInterestIncome": "-1361000000", "interestIncome": "None", "interestExpense": "1361000000", "nonInterestIncome": "None", "otherNonOperatingIncome": "952000000", "depreciation": "None", "depreciationAndAmortization": "994000000", "incomeBeforeTax": "2661000000", "incomeTaxExpense": "728000000", "interestAndDebtExpense": "None", "netIncomeFromContinuingOperations": "3389000000", "comprehensiveIncomeNetOfTax": "None", "ebit": "4022000000", "ebitda": "5016000000", "netIncome": "1935000000"}, {"fiscalDateEnding": "2018-12-31", "reportedCurrency": "USD", "grossProfit": "8921000000", "totalRevenue": "26268000000", "costOfRevenue": "17347000000", "costofGoodsAndServicesSold": "17347000000", "operatingIncome": "-10205000000", "sellingGeneralAndAdministrative": "2839000000", "researchAndDevelopment": "109000000", "operatingExpenses": "19126000000", "investmentIncomeNet": "None", "netInterestIncome": "-1284000000", "interestIncome": "None", "interestExpense": "1284000000", "nonInterestIncome": "None", "otherNonOperatingIncome": "183000000", "depreciation": "None", "depreciationAndAmortization": "983000000", "incomeBeforeTax": "-11321000000", "incomeTaxExpense": "-1067000000", "interestAndDebtExpense": "None", "netIncomeFromContinuingOperations": "-12388000000", "comprehensiveIncomeNetOfTax": "None", "ebit": "-10037000000", "ebitda": "-9054000000", "netIncome": "-10192000000"}, {"fiscalDateEnding": "2017-12-31", "reportedCurrency": "USD", "grossProfit": "9033000000", "totalRevenue": "26076000000", "costOfRevenue": "17043000000", "costofGoodsAndServicesSold": "17043000000", "operatingIncome": "6057000000", "sellingGeneralAndAdministrative": "2927000000", "researchAndDevelopment": "93000000", "operatingExpenses": "2976000000", "investmentIncomeNet": "None", "netInterestIncome": "-1234000000", "interestIncome": "None", "interestExpense": "1234000000", "nonInterestIncome": "None", "otherNonOperatingIncome": "-9000000", "depreciation": "None", "depreciationAndAmortization": "1031000000", "incomeBeforeTax": "5450000000", "incomeTaxExpense": "-5482000000", "interestAndDebtExpense": "None", "netIncomeFromContinuingOperations": "70000000", "comprehensiveIncomeNetOfTax": "None", "ebit": "6684000000", "ebitda": "7715000000", "netIncome": "10941000000"}, {"fiscalDateEnding": "2016-12-31", "reportedCurrency": "USD", "grossProfit": "9146000000", "totalRevenue": "26300000000", "costOfRevenue": "17154000000", "costofGoodsAndServicesSold": "17154000000", "operatingIncome": "5601000000", "sellingGeneralAndAdministrative": "3527000000", "researchAndDevelopment": "120000000", "operatingExpenses": "3545000000", "investmentIncomeNet": "None", "netInterestIncome": "-1134000000", "interestIncome": "1162000000", "interestExpense": "1134000000", "nonInterestIncome": "None", "otherNonOperatingIncome": "15000000", "depreciation": "None", "depreciationAndAmortization": "1337000000", "incomeBeforeTax": "4939000000", "incomeTaxExpense": "1333000000", "interestAndDebtExpense": "None", "netIncomeFromContinuingOperations": "6404000000", "comprehensiveIncomeNetOfTax": "None", "ebit": "6073000000", "ebitda": "7410000000", "netIncome": "3596000000"}, {"fiscalDateEnding": "2015-12-31", "reportedCurrency": "USD", "grossProfit": "5761000000", "totalRevenue": "18338000000", "costOfRevenue": "12577000000", "costofGoodsAndServicesSold": "12577000000", "operatingIncome": "2639000000", "sellingGeneralAndAdministrative": "3122000000", "researchAndDevelopment": "105000000", "operatingExpenses": "3122000000", "investmentIncomeNet": "None", "netInterestIncome": "None", "interestIncome": "1169000000", "interestExpense": "1321000000", "nonInterestIncome": "None", "otherNonOperatingIncome": "-305000000", "depreciation": "None", "depreciationAndAmortization": "740000000", "incomeBeforeTax": "1013000000", "incomeTaxExpense": "366000000", "interestAndDebtExpense": "None", "netIncomeFromContinuingOperations": "647000000", "comprehensiveIncomeNetOfTax": "None", "ebit": "2334000000", "ebitda": "3074000000", "netIncome": "634000000"}, {"fiscalDateEnding": "2014-12-31", "reportedCurrency": "USD", "grossProfit": "4845000000", "totalRevenue": "18205000000", "costOfRevenue": "13360000000", "costofGoodsAndServicesSold": "13360000000", "operatingIncome": "1890000000", "sellingGeneralAndAdministrative": "2956000000", "researchAndDevelopment": "58000000", "operatingExpenses": "2955000000", "investmentIncomeNet": "None", "netInterestIncome": "None", "interestIncome": "None", "interestExpense": "484000000", "nonInterestIncome": "None", "otherNonOperatingIncome": "None", "depreciation": "None", "depreciationAndAmortization": "385000000", "incomeBeforeTax": "1406000000", "incomeTaxExpense": "363000000", "interestAndDebtExpense": "None", "netIncomeFromContinuingOperations": "672000000", "comprehensiveIncomeNetOfTax": "None", "ebit": "1890000000", "ebitda": "2275000000", "netIncome": "1043000000"}, {"fiscalDateEnding": "2013-12-31", "reportedCurrency": "USD", "grossProfit": "6823000000", "totalRevenue": "18218000000", "costOfRevenue": "11395000000", "costofGoodsAndServicesSold": "11395000000", "operatingIncome": "4591000000", "sellingGeneralAndAdministrative": "2124000000", "researchAndDevelopment": "94500000", "operatingExpenses": "2232000000", "investmentIncomeNet": "None", "netInterestIncome": "None", "interestIncome": "None", "interestExpense": "501000000", "nonInterestIncome": "None", "otherNonOperatingIncome": "None", "depreciation": "None", "depreciationAndAmortization": "393000000", "incomeBeforeTax": "4090000000", "incomeTaxExpense": "1375000000", "interestAndDebtExpense": "None", "netIncomeFromContinuingOperations": "None", "comprehensiveIncomeNetOfTax": "None", "ebit": "4591000000", "ebitda": "4984000000", "netIncome": "2715000000"}, {"fiscalDateEnding": "2012-12-31", "reportedCurrency": "USD", "grossProfit": "5772000000", "totalRevenue": "18271000000", "costOfRevenue": "12499000000", "costofGoodsAndServicesSold": "12499000000", "operatingIncome": "2670000000", "sellingGeneralAndAdministrative": "2961000000", "researchAndDevelopment": "None", "operatingExpenses": "3102000000", "investmentIncomeNet": "None", "netInterestIncome": "None", "interestIncome": "None", "interestExpense": "258000000", "nonInterestIncome": "None", "otherNonOperatingIncome": "None", "depreciation": "None", "depreciationAndAmortization": "428000000", "incomeBeforeTax": "2453000000", "incomeTaxExpense": "811000000", "interestAndDebtExpense": "None", "netIncomeFromContinuingOperations": "None", "comprehensiveIncomeNetOfTax": "None", "ebit": "2711000000", "ebitda": "3139000000", "netIncome": "1642000000"}, {"fiscalDateEnding": "2011-12-31", "reportedCurrency": "USD", "grossProfit": "5763000000", "totalRevenue": "18576000000", "costOfRevenue": "12813000000", "costofGoodsAndServicesSold": "12813000000", "operatingIncome": "2828000000", "sellingGeneralAndAdministrative": "2937000000", "researchAndDevelopment": "None", "operatingExpenses": "2935000000", "investmentIncomeNet": "None", "netInterestIncome": "None", "interestIncome": "None", "interestExpense": "4000000", "nonInterestIncome": "None", "otherNonOperatingIncome": "None", "depreciation": "None", "depreciationAndAmortization": "364000000", "incomeBeforeTax": "2876000000", "incomeTaxExpense": "1101000000", "interestAndDebtExpense": "None", "netIncomeFromContinuingOperations": "None", "comprehensiveIncomeNetOfTax": "None", "ebit": "2880000000", "ebitda": "3244000000", "netIncome": "1775000000"}, {"fiscalDateEnding": "2010-12-31", "reportedCurrency": "USD", "grossProfit": "6020000000", "totalRevenue": "17797000000", "costOfRevenue": "11777000000", "costofGoodsAndServicesSold": "11777000000", "operatingIncome": "2965000000", "sellingGeneralAndAdministrative": "3063000000", "researchAndDevelopment": "None", "operatingExpenses": "3055000000", "investmentIncomeNet": "None", "netInterestIncome": "None", "interestIncome": "None", "interestExpense": "3000000", "nonInterestIncome": "None", "otherNonOperatingIncome": "None", "depreciation": "None", "depreciationAndAmortization": "354000000", "incomeBeforeTax": "3002000000", "incomeTaxExpense": "1112000000", "interestAndDebtExpense": "None", "netIncomeFromContinuingOperations": "None", "comprehensiveIncomeNetOfTax": "None", "ebit": "3005000000", "ebitda": "3359000000", "netIncome": "3534000000"}, {"fiscalDateEnding": "2009-12-31", "reportedCurrency": "USD", "grossProfit": "4085722000", "totalRevenue": "10494983000", "costOfRevenue": "6409261000", "costofGoodsAndServicesSold": "6409261000", "operatingIncome": "1581916000", "sellingGeneralAndAdministrative": "2221078000", "researchAndDevelopment": "None", "operatingExpenses": "None", "investmentIncomeNet": "None", "netInterestIncome": "None", "interestIncome": "None", "interestExpense": "0", "nonInterestIncome": "None", "otherNonOperatingIncome": "None", "depreciation": "None", "depreciationAndAmortization": "None", "incomeBeforeTax": "1290454000", "incomeTaxExpense": "358514000", "interestAndDebtExpense": "None", "netIncomeFromContinuingOperations": "None", "comprehensiveIncomeNetOfTax": "None", "ebit": "None", "ebitda": "None", "netIncome": "864892000"}, {"fiscalDateEnding": "2008-12-31", "reportedCurrency": "USD", "grossProfit": "3855229000", "totalRevenue": "10148082000", "costOfRevenue": "6292853000", "costofGoodsAndServicesSold": "6292853000", "operatingIncome": "1493652000", "sellingGeneralAndAdministrative": "2089983000", "researchAndDevelopment": "None", "operatingExpenses": "None", "investmentIncomeNet": "None", "netInterestIncome": "None", "interestIncome": "None", "interestExpense": "0", "nonInterestIncome": "None", "otherNonOperatingIncome": "None", "depreciation": "None", "depreciationAndAmortization": "None", "incomeBeforeTax": "1296200000", "incomeTaxExpense": "373128000", "interestAndDebtExpense": "None", "netIncomeFromContinuingOperations": "None", "comprehensiveIncomeNetOfTax": "None", "ebit": "None", "ebitda": "None", "netIncome": "923072000"}, {"fiscalDateEnding": "2007-12-31", "reportedCurrency": "USD", "grossProfit": "3959218000", "totalRevenue": "10070778000", "costOfRevenue": "6111560000", "costofGoodsAndServicesSold": "6111560000", "operatingIncome": "1568967000", "sellingGeneralAndAdministrative": "2111725000", "researchAndDevelopment": "None", "operatingExpenses": "None", "investmentIncomeNet": "None", "netInterestIncome": "None", "interestIncome": "None", "interestExpense": "0", "nonInterestIncome": "None", "otherNonOperatingIncome": "None", "depreciation": "None", "depreciationAndAmortization": "None", "incomeBeforeTax": "1217794000", "incomeTaxExpense": "372869000", "interestAndDebtExpense": "None", "netIncomeFromContinuingOperations": "None", "comprehensiveIncomeNetOfTax": "None", "ebit": "None", "ebitda": "None", "netIncome": "844925000"}, {"fiscalDateEnding": "2006-12-31", "reportedCurrency": "USD", "grossProfit": "3651974000", "totalRevenue": "9001630000", "costOfRevenue": "5349656000", "costofGoodsAndServicesSold": "5349656000", "operatingIncome": "1446715000", "sellingGeneralAndAdministrative": "1946185000", "researchAndDevelopment": "None", "operatingExpenses": "None", "investmentIncomeNet": "None", "netInterestIncome": "None", "interestIncome": "None", "interestExpense": "0", "nonInterestIncome": "None", "otherNonOperatingIncome": "None", "depreciation": "None", "depreciationAndAmortization": "None", "incomeBeforeTax": "1124399000", "incomeTaxExpense": "332797000", "interestAndDebtExpense": "None", "netIncomeFromContinuingOperations": "None", "comprehensiveIncomeNetOfTax": "None", "ebit": "None", "ebitda": "None", "netIncome": "785746000"}, {"fiscalDateEnding": "2005-12-31", "reportedCurrency": "USD", "grossProfit": "3439628000", "totalRevenue": "8643438000", "costOfRevenue": "5203810000", "costofGoodsAndServicesSold": "5203810000", "operatingIncome": "1349912000", "sellingGeneralAndAdministrative": "1834662000", "researchAndDevelopment": "None", "operatingExpenses": "None", "investmentIncomeNet": "None", "netInterestIncome": "None", "interestIncome": "None", "interestExpense": "0", "nonInterestIncome": "None", "otherNonOperatingIncome": "None", "depreciation": "None", "depreciationAndAmortization": "None", "incomeBeforeTax": "693461000", "incomeTaxExpense": "250700000", "interestAndDebtExpense": "None", "netIncomeFromContinuingOperations": "None", "comprehensiveIncomeNetOfTax": "None", "ebit": "None", "ebitda": "None", "netIncome": "645603000"}], "quarterlyReports": [{"fiscalDateEnding": "2024-12-31", "reportedCurrency": "USD", "grossProfit": "2245000000", "totalRevenue": "6576000000", "costOfRevenue": "4331000000", "costofGoodsAndServicesSold": "4331000000", "operatingIncome": "-40000000", "sellingGeneralAndAdministrative": "869000000", "researchAndDevelopment": "None", "operatingExpenses": "2285000000", "investmentIncomeNet": "None", "netInterestIncome": "-207000000", "interestIncome": "20000000", "interestExpense": "227000000", "nonInterestIncome": "None", "otherNonOperatingIncome": "None", "depreciation": "None", "depreciationAndAmortization": "234000000", "incomeBeforeTax": "-238000000", "incomeTaxExpense": "-2370000000", "interestAndDebtExpense": "None", "netIncomeFromContinuingOperations": "2132000000", "comprehensiveIncomeNetOfTax": "None", "ebit": "-11000000", "ebitda": "223000000", "netIncome": "2131000000"}, {"fiscalDateEnding": "2024-09-30", "reportedCurrency": "USD", "grossProfit": "2186000000", "totalRevenue": "6383000000", "costOfRevenue": "4197000000", "costofGoodsAndServicesSold": "4197000000", "operatingIncome": "-101000000", "sellingGeneralAndAdministrative": "819000000", "researchAndDevelopment": "None", "operatingExpenses": "2287000000", "investmentIncomeNet": "None", "netInterestIncome": "-214000000", "interestIncome": "16000000", "interestExpense": "230000000", "nonInterestIncome": "None", "otherNonOperatingIncome": "None", "depreciation": "None", "depreciationAndAmortization": "245000000", "incomeBeforeTax": "-283000000", "incomeTaxExpense": "7000000", "interestAndDebtExpense": "None", "netIncomeFromContinuingOperations": "-290000000", "comprehensiveIncomeNetOfTax": "None", "ebit": "-53000000", "ebitda": "192000000", "netIncome": "-290000000"}, {"fiscalDateEnding": "2024-06-30", "reportedCurrency": "USD", "grossProfit": "2294000000", "totalRevenue": "6476000000", "costOfRevenue": "4182000000", "costofGoodsAndServicesSold": "4182000000", "operatingIncome": "522000000", "sellingGeneralAndAdministrative": "884000000", "researchAndDevelopment": "None", "operatingExpenses": "1772000000", "investmentIncomeNet": "None", "netInterestIncome": "-212000000", "interestIncome": "17000000", "interestExpense": "229000000", "nonInterestIncome": "None", "otherNonOperatingIncome": "None", "depreciation": "None", "depreciationAndAmortization": "239000000", "incomeBeforeTax": "348000000", "incomeTaxExpense": "248000000", "interestAndDebtExpense": "None", "netIncomeFromContinuingOperations": "100000000", "comprehensiveIncomeNetOfTax": "None", "ebit": "577000000", "ebitda": "816000000", "netIncome": "102000000"}, {"fiscalDateEnding": "2024-03-31", "reportedCurrency": "USD", "grossProfit": "2243000000", "totalRevenue": "6411000000", "costOfRevenue": "4168000000", "costofGoodsAndServicesSold": "4168000000", "operatingIncome": "1302000000", "sellingGeneralAndAdministrative": "908000000", "researchAndDevelopment": "None", "operatingExpenses": "941000000", "investmentIncomeNet": "None", "netInterestIncome": "-210000000", "interestIncome": "16000000", "interestExpense": "226000000", "nonInterestIncome": "None", "otherNonOperatingIncome": "None", "depreciation": "None", "depreciationAndAmortization": "230000000", "incomeBeforeTax": "1029000000", "incomeTaxExpense": "225000000", "interestAndDebtExpense": "None", "netIncomeFromContinuingOperations": "804000000", "comprehensiveIncomeNetOfTax": "None", "ebit": "1255000000", "ebitda": "1485000000", "netIncome": "801000000"}, {"fiscalDateEnding": "2023-12-31", "reportedCurrency": "USD", "grossProfit": "2317000000", "totalRevenue": "6860000000", "costOfRevenue": "4543000000", "costofGoodsAndServicesSold": "4543000000", "operatingIncome": "1300000000", "sellingGeneralAndAdministrative": "1152000000", "researchAndDevelopment": "147000000", "operatingExpenses": "1017000000", "investmentIncomeNet": "None", "netInterestIncome": "-217000000", "interestIncome": "12000000", "interestExpense": "229000000", "nonInterestIncome": "None", "otherNonOperatingIncome": "None", "depreciation": "None", "depreciationAndAmortization": "251000000", "incomeBeforeTax": "950000000", "incomeTaxExpense": "193000000", "interestAndDebtExpense": "None", "netIncomeFromContinuingOperations": "757000000", "comprehensiveIncomeNetOfTax": "None", "ebit": "1179000000", "ebitda": "1430000000", "netIncome": "757000000"}, {"fiscalDateEnding": "2023-09-30", "reportedCurrency": "USD", "grossProfit": "2235000000", "totalRevenue": "6570000000", "costOfRevenue": "4335000000", "costofGoodsAndServicesSold": "4335000000", "operatingIncome": "653000000", "sellingGeneralAndAdministrative": "895000000", "researchAndDevelopment": "None", "operatingExpenses": "1582000000", "investmentIncomeNet": "None", "netInterestIncome": "-228000000", "interestIncome": "12000000", "interestExpense": "228000000", "nonInterestIncome": "None", "otherNonOperatingIncome": "None", "depreciation": "None", "depreciationAndAmortization": "274000000", "incomeBeforeTax": "460000000", "incomeTaxExpense": "206000000", "interestAndDebtExpense": "None", "netIncomeFromContinuingOperations": "254000000", "comprehensiveIncomeNetOfTax": "None", "ebit": "688000000", "ebitda": "962000000", "netIncome": "262000000"}, {"fiscalDateEnding": "2023-06-30", "reportedCurrency": "USD", "grossProfit": "2261000000", "totalRevenue": "6721000000", "costOfRevenue": "4460000000", "costofGoodsAndServicesSold": "4460000000", "operatingIncome": "1376000000", "sellingGeneralAndAdministrative": "857000000", "researchAndDevelopment": "None", "operatingExpenses": "885000000", "investmentIncomeNet": "None", "netInterestIncome": "-228000000", "interestIncome": "10000000", "interestExpense": "228000000", "nonInterestIncome": "None", "otherNonOperatingIncome": "24000000", "depreciation": "None", "depreciationAndAmortization": "216000000", "incomeBeforeTax": "1172000000", "incomeTaxExpense": "174000000", "interestAndDebtExpense": "None", "netIncomeFromContinuingOperations": "998000000", "comprehensiveIncomeNetOfTax": "None", "ebit": "1400000000", "ebitda": "1616000000", "netIncome": "1000000000"}, {"fiscalDateEnding": "2023-03-31", "reportedCurrency": "USD", "grossProfit": "2113000000", "totalRevenue": "6489000000", "costOfRevenue": "4376000000", "costofGoodsAndServicesSold": "4376000000", "operatingIncome": "1243000000", "sellingGeneralAndAdministrative": "845000000", "researchAndDevelopment": "None", "operatingExpenses": "870000000", "investmentIncomeNet": "None", "netInterestIncome": "-227000000", "interestIncome": "6000000", "interestExpense": "227000000", "nonInterestIncome": "None", "otherNonOperatingIncome": "35000000", "depreciation": "None", "depreciationAndAmortization": "220000000", "incomeBeforeTax": "1051000000", "incomeTaxExpense": "214000000", "interestAndDebtExpense": "None", "netIncomeFromContinuingOperations": "837000000", "comprehensiveIncomeNetOfTax": "None", "ebit": "1278000000", "ebitda": "1498000000", "netIncome": "836000000"}, {"fiscalDateEnding": "2022-12-31", "reportedCurrency": "USD", "grossProfit": "2364000000", "totalRevenue": "7381000000", "costOfRevenue": "5017000000", "costofGoodsAndServicesSold": "5017000000", "operatingIncome": "1226000000", "sellingGeneralAndAdministrative": "1138000000", "researchAndDevelopment": "127000000", "operatingExpenses": "6155000000", "investmentIncomeNet": "None", "netInterestIncome": "-217000000", "interestIncome": "9000000", "interestExpense": "217000000", "nonInterestIncome": "None", "otherNonOperatingIncome": "42000000", "depreciation": "None", "depreciationAndAmortization": "248000000", "incomeBeforeTax": "1051000000", "incomeTaxExpense": "164000000", "interestAndDebtExpense": "None", "netIncomeFromContinuingOperations": "887000000", "comprehensiveIncomeNetOfTax": "None", "ebit": "1268000000", "ebitda": "1271000000", "netIncome": "887000000"}, {"fiscalDateEnding": "2022-09-30", "reportedCurrency": "USD", "grossProfit": "1843000000", "totalRevenue": "6505000000", "costOfRevenue": "4662000000", "costofGoodsAndServicesSold": "4662000000", "operatingIncome": "751000000", "sellingGeneralAndAdministrative": "798000000", "researchAndDevelopment": "None", "operatingExpenses": "5754000000", "investmentIncomeNet": "None", "netInterestIncome": "-228000000", "interestIncome": "7000000", "interestExpense": "228000000", "nonInterestIncome": "None", "otherNonOperatingIncome": "22000000", "depreciation": "None", "depreciationAndAmortization": "229000000", "incomeBeforeTax": "545000000", "incomeTaxExpense": "110000000", "interestAndDebtExpense": "None", "netIncomeFromContinuingOperations": "435000000", "comprehensiveIncomeNetOfTax": "None", "ebit": "770000000", "ebitda": "999000000", "netIncome": "435000000"}, {"fiscalDateEnding": "2022-06-30", "reportedCurrency": "USD", "grossProfit": "1984000000", "totalRevenue": "6554000000", "costOfRevenue": "4570000000", "costofGoodsAndServicesSold": "4570000000", "operatingIncome": "542000000", "sellingGeneralAndAdministrative": "812000000", "researchAndDevelopment": "None", "operatingExpenses": "6012000000", "investmentIncomeNet": "None", "netInterestIncome": "-234000000", "interestIncome": "6000000", "interestExpense": "234000000", "nonInterestIncome": "None", "otherNonOperatingIncome": "91000000", "depreciation": "None", "depreciationAndAmortization": "236000000", "incomeBeforeTax": "399000000", "incomeTaxExpense": "134000000", "interestAndDebtExpense": "None", "netIncomeFromContinuingOperations": "265000000", "comprehensiveIncomeNetOfTax": "None", "ebit": "633000000", "ebitda": "869000000", "netIncome": "265000000"}, {"fiscalDateEnding": "2022-03-31", "reportedCurrency": "USD", "grossProfit": "1931000000", "totalRevenue": "6045000000", "costOfRevenue": "4114000000", "costofGoodsAndServicesSold": "4114000000", "operatingIncome": "1115000000", "sellingGeneralAndAdministrative": "827000000", "researchAndDevelopment": "None", "operatingExpenses": "4930000000", "investmentIncomeNet": "None", "netInterestIncome": "-242000000", "interestIncome": "5000000", "interestExpense": "242000000", "nonInterestIncome": "None", "otherNonOperatingIncome": "98000000", "depreciation": "None", "depreciationAndAmortization": "220000000", "incomeBeforeTax": "971000000", "incomeTaxExpense": "190000000", "interestAndDebtExpense": "None", "netIncomeFromContinuingOperations": "781000000", "comprehensiveIncomeNetOfTax": "None", "ebit": "1208000000", "ebitda": "1428000000", "netIncome": "781000000"}, {"fiscalDateEnding": "2021-12-31", "reportedCurrency": "USD", "grossProfit": "2162000000", "totalRevenue": "6709000000", "costOfRevenue": "4547000000", "costofGoodsAndServicesSold": "4547000000", "operatingIncome": "-20000000", "sellingGeneralAndAdministrative": "2525000000", "researchAndDevelopment": "140000000", "operatingExpenses": "6729000000", "investmentIncomeNet": "None", "netInterestIncome": "-602000000", "interestIncome": "2000000", "interestExpense": "604000000", "nonInterestIncome": "None", "otherNonOperatingIncome": "104000000", "depreciation": "None", "depreciationAndAmortization": "233000000", "incomeBeforeTax": "-520000000", "incomeTaxExpense": "-265000000", "interestAndDebtExpense": "None", "netIncomeFromContinuingOperations": "-255000000", "comprehensiveIncomeNetOfTax": "None", "ebit": "82000000", "ebitda": "315000000", "netIncome": "-255000000"}, {"fiscalDateEnding": "2021-09-30", "reportedCurrency": "USD", "grossProfit": "2028000000", "totalRevenue": "6324000000", "costOfRevenue": "4296000000", "costofGoodsAndServicesSold": "4296000000", "operatingIncome": "1156000000", "sellingGeneralAndAdministrative": "872000000", "researchAndDevelopment": "None", "operatingExpenses": "872000000", "investmentIncomeNet": "None", "netInterestIncome": "-415000000", "interestIncome": "4000000", "interestExpense": "415000000", "nonInterestIncome": "None", "otherNonOperatingIncome": "138000000", "depreciation": "None", "depreciationAndAmortization": "228000000", "incomeBeforeTax": "879000000", "incomeTaxExpense": "143000000", "interestAndDebtExpense": "None", "netIncomeFromContinuingOperations": "736000000", "comprehensiveIncomeNetOfTax": "None", "ebit": "1291000000", "ebitda": "1519000000", "netIncome": "736000000"}, {"fiscalDateEnding": "2021-06-30", "reportedCurrency": "USD", "grossProfit": "2291000000", "totalRevenue": "6615000000", "costOfRevenue": "4324000000", "costofGoodsAndServicesSold": "4324000000", "operatingIncome": "1235000000", "sellingGeneralAndAdministrative": "943000000", "researchAndDevelopment": "None", "operatingExpenses": "5380000000", "investmentIncomeNet": "None", "netInterestIncome": "-609000000", "interestIncome": "4000000", "interestExpense": "613000000", "nonInterestIncome": "None", "otherNonOperatingIncome": "23000000", "depreciation": "None", "depreciationAndAmortization": "227000000", "incomeBeforeTax": "645000000", "incomeTaxExpense": "670000000", "interestAndDebtExpense": "None", "netIncomeFromContinuingOperations": "-25000000", "comprehensiveIncomeNetOfTax": "None", "ebit": "1256000000", "ebitda": "1483000000", "netIncome": "-25000000"}, {"fiscalDateEnding": "2021-03-31", "reportedCurrency": "USD", "grossProfit": "2201000000", "totalRevenue": "6394000000", "costOfRevenue": "4193000000", "costofGoodsAndServicesSold": "4193000000", "operatingIncome": "1089000000", "sellingGeneralAndAdministrative": "882000000", "researchAndDevelopment": "None", "operatingExpenses": "5305000000", "investmentIncomeNet": "None", "netInterestIncome": "-410000000", "interestIncome": "5000000", "interestExpense": "415000000", "nonInterestIncome": "None", "otherNonOperatingIncome": "30000000", "depreciation": "None", "depreciationAndAmortization": "222000000", "incomeBeforeTax": "704000000", "incomeTaxExpense": "136000000", "interestAndDebtExpense": "None", "netIncomeFromContinuingOperations": "568000000", "comprehensiveIncomeNetOfTax": "None", "ebit": "1114000000", "ebitda": "1336000000", "netIncome": "568000000"}, {"fiscalDateEnding": "2020-12-31", "reportedCurrency": "USD", "grossProfit": "2523000000", "totalRevenue": "6939000000", "costOfRevenue": "4416000000", "costofGoodsAndServicesSold": "4416000000", "operatingIncome": "1550000000", "sellingGeneralAndAdministrative": "873000000", "researchAndDevelopment": "119000000", "operatingExpenses": "973000000", "investmentIncomeNet": "None", "netInterestIncome": "-328000000", "interestIncome": "4000000", "interestExpense": "328000000", "nonInterestIncome": "None", "otherNonOperatingIncome": "64000000", "depreciation": "None", "depreciationAndAmortization": "247000000", "incomeBeforeTax": "1286000000", "incomeTaxExpense": "252000000", "interestAndDebtExpense": "None", "netIncomeFromContinuingOperations": "200000000", "comprehensiveIncomeNetOfTax": "None", "ebit": "1614000000", "ebitda": "1861000000", "netIncome": "1032000000"}, {"fiscalDateEnding": "2020-09-30", "reportedCurrency": "USD", "grossProfit": "2344000000", "totalRevenue": "6441000000", "costOfRevenue": "4097000000", "costofGoodsAndServicesSold": "4097000000", "operatingIncome": "1147000000", "sellingGeneralAndAdministrative": "821000000", "researchAndDevelopment": "None", "operatingExpenses": "1197000000", "investmentIncomeNet": "None", "netInterestIncome": "-314000000", "interestIncome": "6000000", "interestExpense": "314000000", "nonInterestIncome": "None", "otherNonOperatingIncome": "73000000", "depreciation": "None", "depreciationAndAmortization": "232000000", "incomeBeforeTax": "906000000", "incomeTaxExpense": "308000000", "interestAndDebtExpense": "None", "netIncomeFromContinuingOperations": "1214000000", "comprehensiveIncomeNetOfTax": "None", "ebit": "1220000000", "ebitda": "1452000000", "netIncome": "597000000"}, {"fiscalDateEnding": "2020-06-30", "reportedCurrency": "USD", "grossProfit": "2452000000", "totalRevenue": "6648000000", "costOfRevenue": "4196000000", "costofGoodsAndServicesSold": "4196000000", "operatingIncome": "-1339000000", "sellingGeneralAndAdministrative": "845000000", "researchAndDevelopment": "None", "operatingExpenses": "3791000000", "investmentIncomeNet": "None", "netInterestIncome": "-434000000", "interestIncome": "8000000", "interestExpense": "442000000", "nonInterestIncome": "None", "otherNonOperatingIncome": "78000000", "depreciation": "None", "depreciationAndAmortization": "247000000", "incomeBeforeTax": "-1703000000", "incomeTaxExpense": "-51000000", "interestAndDebtExpense": "None", "netIncomeFromContinuingOperations": "-1754000000", "comprehensiveIncomeNetOfTax": "None", "ebit": "-1261000000", "ebitda": "-1014000000", "netIncome": "-1651000000"}, {"fiscalDateEnding": "2020-03-31", "reportedCurrency": "USD", "grossProfit": "1858000000", "totalRevenue": "6157000000", "costOfRevenue": "4299000000", "costofGoodsAndServicesSold": "4299000000", "operatingIncome": "770000000", "sellingGeneralAndAdministrative": "788000000", "researchAndDevelopment": "None", "operatingExpenses": "1088000000", "investmentIncomeNet": "None", "netInterestIncome": "-301000000", "interestIncome": "9000000", "interestExpense": "310000000", "nonInterestIncome": "None", "otherNonOperatingIncome": "81000000", "depreciation": "None", "depreciationAndAmortization": "243000000", "incomeBeforeTax": "541000000", "incomeTaxExpense": "160000000", "interestAndDebtExpense": "None", "netIncomeFromContinuingOperations": "701000000", "comprehensiveIncomeNetOfTax": "None", "ebit": "851000000", "ebitda": "1094000000", "netIncome": "378000000"}, {"fiscalDateEnding": "2019-12-31", "reportedCurrency": "USD", "grossProfit": "2107000000", "totalRevenue": "6536000000", "costOfRevenue": "4429000000", "costofGoodsAndServicesSold": "4429000000", "operatingIncome": "594000000", "sellingGeneralAndAdministrative": "837000000", "researchAndDevelopment": "112000000", "operatingExpenses": "1513000000", "investmentIncomeNet": "None", "netInterestIncome": "-326000000", "interestIncome": "None", "interestExpense": "326000000", "nonInterestIncome": "None", "otherNonOperatingIncome": "59000000", "depreciation": "None", "depreciationAndAmortization": "257000000", "incomeBeforeTax": "327000000", "incomeTaxExpense": "144000000", "interestAndDebtExpense": "None", "netIncomeFromContinuingOperations": "471000000", "comprehensiveIncomeNetOfTax": "None", "ebit": "653000000", "ebitda": "910000000", "netIncome": "182000000"}, {"fiscalDateEnding": "2019-09-30", "reportedCurrency": "USD", "grossProfit": "1947000000", "totalRevenue": "6076000000", "costOfRevenue": "4129000000", "costofGoodsAndServicesSold": "4129000000", "operatingIncome": "1180000000", "sellingGeneralAndAdministrative": "643000000", "researchAndDevelopment": "112000000", "operatingExpenses": "767000000", "investmentIncomeNet": "None", "netInterestIncome": "-398000000", "interestIncome": "None", "interestExpense": "398000000", "nonInterestIncome": "None", "otherNonOperatingIncome": "380000000", "depreciation": "None", "depreciationAndAmortization": "243000000", "incomeBeforeTax": "1162000000", "incomeTaxExpense": "264000000", "interestAndDebtExpense": "None", "netIncomeFromContinuingOperations": "1426000000", "comprehensiveIncomeNetOfTax": "None", "ebit": "1560000000", "ebitda": "1803000000", "netIncome": "899000000"}, {"fiscalDateEnding": "2019-06-30", "reportedCurrency": "USD", "grossProfit": "2082000000", "totalRevenue": "6406000000", "costOfRevenue": "4324000000", "costofGoodsAndServicesSold": "4324000000", "operatingIncome": "734000000", "sellingGeneralAndAdministrative": "630000000", "researchAndDevelopment": "112000000", "operatingExpenses": "1348000000", "investmentIncomeNet": "None", "netInterestIncome": "-316000000", "interestIncome": "None", "interestExpense": "316000000", "nonInterestIncome": "None", "otherNonOperatingIncome": "133000000", "depreciation": "None", "depreciationAndAmortization": "255000000", "incomeBeforeTax": "551000000", "incomeTaxExpense": "103000000", "interestAndDebtExpense": "None", "netIncomeFromContinuingOperations": "654000000", "comprehensiveIncomeNetOfTax": "None", "ebit": "867000000", "ebitda": "1122000000", "netIncome": "449000000"}, {"fiscalDateEnding": "2019-03-31", "reportedCurrency": "USD", "grossProfit": "2204000000", "totalRevenue": "6900000000", "costOfRevenue": "4696000000", "costofGoodsAndServicesSold": "4696000000", "operatingIncome": "-14100000000", "sellingGeneralAndAdministrative": "368000000", "researchAndDevelopment": "109000000", "operatingExpenses": "16304000000", "investmentIncomeNet": "None", "netInterestIncome": "-321000000", "interestIncome": "None", "interestExpense": "322000000", "nonInterestIncome": "None", "otherNonOperatingIncome": "380000000", "depreciation": "None", "depreciationAndAmortization": "247000000", "incomeBeforeTax": "-14435000000", "incomeTaxExpense": "-1805000000", "interestAndDebtExpense": "None", "netIncomeFromContinuingOperations": "838000000", "comprehensiveIncomeNetOfTax": "None", "ebit": "-14113000000", "ebitda": "-13866000000", "netIncome": "-12571000000"}, {"fiscalDateEnding": "2018-12-31", "reportedCurrency": "USD", "grossProfit": "2239000000", "totalRevenue": "6891000000", "costOfRevenue": "4652000000", "costofGoodsAndServicesSold": "4652000000", "operatingIncome": "-14299000000", "sellingGeneralAndAdministrative": "785000000", "researchAndDevelopment": "109000000", "operatingExpenses": "16538000000", "investmentIncomeNet": "None", "netInterestIncome": "None", "interestIncome": "None", "interestExpense": "322000000", "nonInterestIncome": "None", "otherNonOperatingIncome": "-13000000", "depreciation": "None", "depreciationAndAmortization": "271000000", "incomeBeforeTax": "-14474000000", "incomeTaxExpense": "-1844000000", "interestAndDebtExpense": "None", "netIncomeFromContinuingOperations": "-16240000000", "comprehensiveIncomeNetOfTax": "None", "ebit": "-14299000000", "ebitda": "-14028000000", "netIncome": "-12568000000"}, {"fiscalDateEnding": "2018-09-30", "reportedCurrency": "USD", "grossProfit": "2094000000", "totalRevenue": "6383000000", "costOfRevenue": "4289000000", "costofGoodsAndServicesSold": "4289000000", "operatingIncome": "1074000000", "sellingGeneralAndAdministrative": "803000000", "researchAndDevelopment": "109000000", "operatingExpenses": "1020000000", "investmentIncomeNet": "None", "netInterestIncome": "None", "interestIncome": "None", "interestExpense": "326000000", "nonInterestIncome": "None", "otherNonOperatingIncome": "71000000", "depreciation": "None", "depreciationAndAmortization": "250000000", "incomeBeforeTax": "819000000", "incomeTaxExpense": "201000000", "interestAndDebtExpense": "None", "netIncomeFromContinuingOperations": "1000000000", "comprehensiveIncomeNetOfTax": "None", "ebit": "1145000000", "ebitda": "1395000000", "netIncome": "619000000"}, {"fiscalDateEnding": "2018-06-30", "reportedCurrency": "USD", "grossProfit": "2347000000", "totalRevenue": "6690000000", "costOfRevenue": "4343000000", "costofGoodsAndServicesSold": "4343000000", "operatingIncome": "1357000000", "sellingGeneralAndAdministrative": "756000000", "researchAndDevelopment": "109000000", "operatingExpenses": "990000000", "investmentIncomeNet": "None", "netInterestIncome": "None", "interestIncome": "None", "interestExpense": "316000000", "nonInterestIncome": "None", "otherNonOperatingIncome": "35000000", "depreciation": "None", "depreciationAndAmortization": "235000000", "incomeBeforeTax": "1061000000", "incomeTaxExpense": "308000000", "interestAndDebtExpense": "None", "netIncomeFromContinuingOperations": "1337000000", "comprehensiveIncomeNetOfTax": "None", "ebit": "1377000000", "ebitda": "1612000000", "netIncome": "754000000"}, {"fiscalDateEnding": "2018-03-31", "reportedCurrency": "USD", "grossProfit": "2264000000", "totalRevenue": "6304000000", "costOfRevenue": "4040000000", "costofGoodsAndServicesSold": "4040000000", "operatingIncome": "1500000000", "sellingGeneralAndAdministrative": "764000000", "researchAndDevelopment": "109000000", "operatingExpenses": "764000000", "investmentIncomeNet": "None", "netInterestIncome": "None", "interestIncome": "None", "interestExpense": "317000000", "nonInterestIncome": "None", "otherNonOperatingIncome": "90000000", "depreciation": "None", "depreciationAndAmortization": "227000000", "incomeBeforeTax": "1273000000", "incomeTaxExpense": "270000000", "interestAndDebtExpense": "None", "netIncomeFromContinuingOperations": "1515000000", "comprehensiveIncomeNetOfTax": "None", "ebit": "1590000000", "ebitda": "1817000000", "netIncome": "1003000000"}, {"fiscalDateEnding": "2017-12-31", "reportedCurrency": "USD", "grossProfit": "2407000000", "totalRevenue": "6877000000", "costOfRevenue": "4470000000", "costofGoodsAndServicesSold": "4470000000", "operatingIncome": "1640000000", "sellingGeneralAndAdministrative": "767000000", "researchAndDevelopment": "93000000", "operatingExpenses": "767000000", "investmentIncomeNet": "None", "netInterestIncome": "None", "interestIncome": "None", "interestExpense": "308000000", "nonInterestIncome": "None", "otherNonOperatingIncome": "-1000000", "depreciation": "None", "depreciationAndAmortization": "246000000", "incomeBeforeTax": "1331000000", "incomeTaxExpense": "-6665000000", "interestAndDebtExpense": "None", "netIncomeFromContinuingOperations": "-5334000000", "comprehensiveIncomeNetOfTax": "None", "ebit": "1639000000", "ebitda": "1885000000", "netIncome": "8003000000"}, {"fiscalDateEnding": "2017-09-30", "reportedCurrency": "USD", "grossProfit": "2203000000", "totalRevenue": "6280000000", "costOfRevenue": "4077000000", "costofGoodsAndServicesSold": "4077000000", "operatingIncome": "1538000000", "sellingGeneralAndAdministrative": "665000000", "researchAndDevelopment": "0", "operatingExpenses": "665000000", "investmentIncomeNet": "None", "netInterestIncome": "None", "interestIncome": "None", "interestExpense": "306000000", "nonInterestIncome": "None", "otherNonOperatingIncome": "4000000", "depreciation": "None", "depreciationAndAmortization": "273000000", "incomeBeforeTax": "1359000000", "incomeTaxExpense": "416000000", "interestAndDebtExpense": "None", "netIncomeFromContinuingOperations": "1775000000", "comprehensiveIncomeNetOfTax": "None", "ebit": "1665000000", "ebitda": "1938000000", "netIncome": "944000000"}, {"fiscalDateEnding": "2017-06-30", "reportedCurrency": "USD", "grossProfit": "2433000000", "totalRevenue": "6637000000", "costOfRevenue": "4204000000", "costofGoodsAndServicesSold": "4204000000", "operatingIncome": "-1644000000", "sellingGeneralAndAdministrative": "789000000", "researchAndDevelopment": "0", "operatingExpenses": "4077000000", "investmentIncomeNet": "None", "netInterestIncome": "None", "interestIncome": "None", "interestExpense": "307000000", "nonInterestIncome": "None", "otherNonOperatingIncome": "-24000000", "depreciation": "None", "depreciationAndAmortization": "255000000", "incomeBeforeTax": "1590000000", "incomeTaxExpense": "430000000", "interestAndDebtExpense": "None", "netIncomeFromContinuingOperations": "2020000000", "comprehensiveIncomeNetOfTax": "None", "ebit": "1897000000", "ebitda": "2152000000", "netIncome": "1159000000"}, {"fiscalDateEnding": "2017-03-31", "reportedCurrency": "USD", "grossProfit": "2199000000", "totalRevenue": "6324000000", "costOfRevenue": "4125000000", "costofGoodsAndServicesSold": "4125000000", "operatingIncome": "1433000000", "sellingGeneralAndAdministrative": "766000000", "researchAndDevelopment": "0", "operatingExpenses": "766000000", "investmentIncomeNet": "None", "netInterestIncome": "None", "interestIncome": "None", "interestExpense": "313000000", "nonInterestIncome": "None", "otherNonOperatingIncome": "12000000", "depreciation": "None", "depreciationAndAmortization": "262000000", "incomeBeforeTax": "1250000000", "incomeTaxExpense": "359000000", "interestAndDebtExpense": "None", "netIncomeFromContinuingOperations": "1609000000", "comprehensiveIncomeNetOfTax": "None", "ebit": "1563000000", "ebitda": "1825000000", "netIncome": "893000000"}, {"fiscalDateEnding": "2016-12-31", "reportedCurrency": "USD", "grossProfit": "2459000000", "totalRevenue": "6857000000", "costOfRevenue": "4398000000", "costofGoodsAndServicesSold": "4398000000", "operatingIncome": "1580000000", "sellingGeneralAndAdministrative": "879000000", "researchAndDevelopment": "120000000", "operatingExpenses": "879000000", "investmentIncomeNet": "None", "netInterestIncome": "None", "interestIncome": "None", "interestExpense": "310000000", "nonInterestIncome": "None", "otherNonOperatingIncome": "10000000", "depreciation": "None", "depreciationAndAmortization": "327000000", "incomeBeforeTax": "1280000000", "incomeTaxExpense": "336000000", "interestAndDebtExpense": "None", "netIncomeFromContinuingOperations": "1616000000", "comprehensiveIncomeNetOfTax": "None", "ebit": "1590000000", "ebitda": "1917000000", "netIncome": "944000000"}, {"fiscalDateEnding": "2016-09-30", "reportedCurrency": "USD", "grossProfit": "2218000000", "totalRevenue": "6267000000", "costOfRevenue": "4049000000", "costofGoodsAndServicesSold": "4049000000", "operatingIncome": "1413000000", "sellingGeneralAndAdministrative": "805000000", "researchAndDevelopment": "0", "operatingExpenses": "805000000", "investmentIncomeNet": "None", "netInterestIncome": "None", "interestIncome": "None", "interestExpense": "311000000", "nonInterestIncome": "None", "otherNonOperatingIncome": "3000000", "depreciation": "None", "depreciationAndAmortization": "290000000", "incomeBeforeTax": "1105000000", "incomeTaxExpense": "262000000", "interestAndDebtExpense": "None", "netIncomeFromContinuingOperations": "1367000000", "comprehensiveIncomeNetOfTax": "None", "ebit": "1416000000", "ebitda": "1706000000", "netIncome": "842000000"}, {"fiscalDateEnding": "2016-06-30", "reportedCurrency": "USD", "grossProfit": "2531000000", "totalRevenue": "6793000000", "costOfRevenue": "4262000000", "costofGoodsAndServicesSold": "4262000000", "operatingIncome": "1636000000", "sellingGeneralAndAdministrative": "895000000", "researchAndDevelopment": "0", "operatingExpenses": "895000000", "investmentIncomeNet": "None", "netInterestIncome": "None", "interestIncome": "None", "interestExpense": "264000000", "nonInterestIncome": "None", "otherNonOperatingIncome": "-6000000", "depreciation": "None", "depreciationAndAmortization": "357000000", "incomeBeforeTax": "1366000000", "incomeTaxExpense": "411000000", "interestAndDebtExpense": "None", "netIncomeFromContinuingOperations": "1777000000", "comprehensiveIncomeNetOfTax": "None", "ebit": "1630000000", "ebitda": "1987000000", "netIncome": "950000000"}, {"fiscalDateEnding": "2016-03-31", "reportedCurrency": "USD", "grossProfit": "2378000000", "totalRevenue": "6570000000", "costOfRevenue": "4192000000", "costofGoodsAndServicesSold": "4192000000", "operatingIncome": "1513000000", "sellingGeneralAndAdministrative": "865000000", "researchAndDevelopment": "0", "operatingExpenses": "865000000", "investmentIncomeNet": "None", "netInterestIncome": "None", "interestIncome": "None", "interestExpense": "249000000", "nonInterestIncome": "None", "otherNonOperatingIncome": "8000000", "depreciation": "None", "depreciationAndAmortization": "363000000", "incomeBeforeTax": "1272000000", "incomeTaxExpense": "372000000", "interestAndDebtExpense": "None", "netIncomeFromContinuingOperations": "1644000000", "comprehensiveIncomeNetOfTax": "None", "ebit": "1521000000", "ebitda": "1884000000", "netIncome": "896000000"}, {"fiscalDateEnding": "2015-12-31", "reportedCurrency": "USD", "grossProfit": "2404000000", "totalRevenue": "7124000000", "costOfRevenue": "4720000000", "costofGoodsAndServicesSold": "4720000000", "operatingIncome": "1287000000", "sellingGeneralAndAdministrative": "1117000000", "researchAndDevelopment": "105000000", "operatingExpenses": "1117000000", "investmentIncomeNet": "None", "netInterestIncome": "None", "interestIncome": "None", "interestExpense": "266000000", "nonInterestIncome": "None", "otherNonOperatingIncome": "10000000", "depreciation": "None", "depreciationAndAmortization": "338000000", "incomeBeforeTax": "1030000000", "incomeTaxExpense": "382000000", "interestAndDebtExpense": "None", "netIncomeFromContinuingOperations": "1616000000", "comprehensiveIncomeNetOfTax": "None", "ebit": "1296000000", "ebitda": "1634000000", "netIncome": "645000000"}, {"fiscalDateEnding": "2015-09-30", "reportedCurrency": "USD", "grossProfit": "1628000000", "totalRevenue": "6120000000", "costOfRevenue": "4492000000", "costofGoodsAndServicesSold": "4492000000", "operatingIncome": "399000000", "sellingGeneralAndAdministrative": "1229000000", "researchAndDevelopment": "0", "operatingExpenses": "1229000000", "investmentIncomeNet": "None", "netInterestIncome": "None", "interestIncome": "None", "interestExpense": "460000000", "nonInterestIncome": "None", "otherNonOperatingIncome": "None", "depreciation": "None", "depreciationAndAmortization": "214000000", "incomeBeforeTax": "-169000000", "incomeTaxExpense": "-49000000", "interestAndDebtExpense": "None", "netIncomeFromContinuingOperations": "0", "comprehensiveIncomeNetOfTax": "None", "ebit": "291000000", "ebitda": "505000000", "netIncome": "-123000000"}, {"fiscalDateEnding": "2015-06-30", "reportedCurrency": "USD", "grossProfit": "1543000000", "totalRevenue": "4515000000", "costOfRevenue": "2972000000", "costofGoodsAndServicesSold": "2972000000", "operatingIncome": "923000000", "sellingGeneralAndAdministrative": "620000000", "researchAndDevelopment": "0", "operatingExpenses": "620000000", "investmentIncomeNet": "None", "netInterestIncome": "None", "interestIncome": "None", "interestExpense": "124000000", "nonInterestIncome": "None", "otherNonOperatingIncome": "-245000000", "depreciation": "None", "depreciationAndAmortization": "86000000", "incomeBeforeTax": "799000000", "incomeTaxExpense": "248000000", "interestAndDebtExpense": "None", "netIncomeFromContinuingOperations": "-160000000", "comprehensiveIncomeNetOfTax": "None", "ebit": "923000000", "ebitda": "1009000000", "netIncome": "551000000"}, {"fiscalDateEnding": "2015-03-31", "reportedCurrency": "USD", "grossProfit": "1333000000", "totalRevenue": "4352000000", "costOfRevenue": "3019000000", "costofGoodsAndServicesSold": "3019000000", "operatingIncome": "740000000", "sellingGeneralAndAdministrative": "593000000", "researchAndDevelopment": "None", "operatingExpenses": "593000000", "investmentIncomeNet": "None", "netInterestIncome": "None", "interestIncome": "None", "interestExpense": "107000000", "nonInterestIncome": "None", "otherNonOperatingIncome": "None", "depreciation": "None", "depreciationAndAmortization": "102000000", "incomeBeforeTax": "633000000", "incomeTaxExpense": "204000000", "interestAndDebtExpense": "None", "netIncomeFromContinuingOperations": "None", "comprehensiveIncomeNetOfTax": "None", "ebit": "740000000", "ebitda": "842000000", "netIncome": "429000000"}, {"fiscalDateEnding": "2014-12-31", "reportedCurrency": "USD", "grossProfit": "472000000", "totalRevenue": "4696000000", "costOfRevenue": "4224000000", "costofGoodsAndServicesSold": "4224000000", "operatingIncome": "-614000000", "sellingGeneralAndAdministrative": "1085000000", "researchAndDevelopment": "58000000", "operatingExpenses": "1086000000", "investmentIncomeNet": "None", "netInterestIncome": "None", "interestIncome": "None", "interestExpense": "116000000", "nonInterestIncome": "None", "otherNonOperatingIncome": "None", "depreciation": "None", "depreciationAndAmortization": "102000000", "incomeBeforeTax": "-730000000", "incomeTaxExpense": "-332000000", "interestAndDebtExpense": "None", "netIncomeFromContinuingOperations": "672000000", "comprehensiveIncomeNetOfTax": "None", "ebit": "-614000000", "ebitda": "-512000000", "netIncome": "-398000000"}, {"fiscalDateEnding": "2014-09-30", "reportedCurrency": "USD", "grossProfit": "1292000000", "totalRevenue": "4400000000", "costOfRevenue": "3108000000", "costofGoodsAndServicesSold": "3108000000", "operatingIncome": "726000000", "sellingGeneralAndAdministrative": "566000000", "researchAndDevelopment": "0", "operatingExpenses": "566000000", "investmentIncomeNet": "None", "netInterestIncome": "None", "interestIncome": "None", "interestExpense": "119000000", "nonInterestIncome": "None", "otherNonOperatingIncome": "None", "depreciation": "None", "depreciationAndAmortization": "92000000", "incomeBeforeTax": "607000000", "incomeTaxExpense": "161000000", "interestAndDebtExpense": "None", "netIncomeFromContinuingOperations": "0", "comprehensiveIncomeNetOfTax": "None", "ebit": "726000000", "ebitda": "818000000", "netIncome": "446000000"}, {"fiscalDateEnding": "2014-06-30", "reportedCurrency": "USD", "grossProfit": "1521000000", "totalRevenue": "4747000000", "costOfRevenue": "3226000000", "costofGoodsAndServicesSold": "3226000000", "operatingIncome": "874000000", "sellingGeneralAndAdministrative": "647000000", "researchAndDevelopment": "0", "operatingExpenses": "647000000", "investmentIncomeNet": "None", "netInterestIncome": "None", "interestIncome": "None", "interestExpense": "133000000", "nonInterestIncome": "None", "otherNonOperatingIncome": "None", "depreciation": "None", "depreciationAndAmortization": "95000000", "incomeBeforeTax": "741000000", "incomeTaxExpense": "259000000", "interestAndDebtExpense": "None", "netIncomeFromContinuingOperations": "0", "comprehensiveIncomeNetOfTax": "None", "ebit": "874000000", "ebitda": "969000000", "netIncome": "482000000"}, {"fiscalDateEnding": "2014-03-31", "reportedCurrency": "USD", "grossProfit": "1560000000", "totalRevenue": "4362000000", "costOfRevenue": "2802000000", "costofGoodsAndServicesSold": "2802000000", "operatingIncome": "904000000", "sellingGeneralAndAdministrative": "658000000", "researchAndDevelopment": "0", "operatingExpenses": "656000000", "investmentIncomeNet": "None", "netInterestIncome": "None", "interestIncome": "None", "interestExpense": "116000000", "nonInterestIncome": "None", "otherNonOperatingIncome": "None", "depreciation": "None", "depreciationAndAmortization": "96000000", "incomeBeforeTax": "788000000", "incomeTaxExpense": "275000000", "interestAndDebtExpense": "None", "netIncomeFromContinuingOperations": "0", "comprehensiveIncomeNetOfTax": "None", "ebit": "904000000", "ebitda": "1000000000", "netIncome": "513000000"}, {"fiscalDateEnding": "2013-12-31", "reportedCurrency": "USD", "grossProfit": "1932000000", "totalRevenue": "4595000000", "costOfRevenue": "2663000000", "costofGoodsAndServicesSold": "2663000000", "operatingIncome": "1514000000", "sellingGeneralAndAdministrative": "409000000", "researchAndDevelopment": "0", "operatingExpenses": "418000000", "investmentIncomeNet": "None", "netInterestIncome": "None", "interestIncome": "None", "interestExpense": "102000000", "nonInterestIncome": "None", "otherNonOperatingIncome": "None", "depreciation": "None", "depreciationAndAmortization": "97000000", "incomeBeforeTax": "1390000000", "incomeTaxExpense": "459000000", "interestAndDebtExpense": "None", "netIncomeFromContinuingOperations": "0", "comprehensiveIncomeNetOfTax": "None", "ebit": "1492000000", "ebitda": "1589000000", "netIncome": "931000000"}, {"fiscalDateEnding": "2013-09-30", "reportedCurrency": "USD", "grossProfit": "1486000000", "totalRevenue": "4394000000", "costOfRevenue": "2908000000", "costofGoodsAndServicesSold": "2908000000", "operatingIncome": "870000000", "sellingGeneralAndAdministrative": "601000000", "researchAndDevelopment": "0", "operatingExpenses": "616000000", "investmentIncomeNet": "None", "netInterestIncome": "None", "interestIncome": "None", "interestExpense": "124000000", "nonInterestIncome": "None", "otherNonOperatingIncome": "None", "depreciation": "None", "depreciationAndAmortization": "92000000", "incomeBeforeTax": "746000000", "incomeTaxExpense": "246000000", "interestAndDebtExpense": "None", "netIncomeFromContinuingOperations": "0", "comprehensiveIncomeNetOfTax": "None", "ebit": "870000000", "ebitda": "962000000", "netIncome": "500000000"}, {"fiscalDateEnding": "2013-06-30", "reportedCurrency": "USD", "grossProfit": "1936000000", "totalRevenue": "4716000000", "costOfRevenue": "2780000000", "costofGoodsAndServicesSold": "2780000000", "operatingIncome": "1398000000", "sellingGeneralAndAdministrative": "516000000", "researchAndDevelopment": "0", "operatingExpenses": "538000000", "investmentIncomeNet": "None", "netInterestIncome": "None", "interestIncome": "None", "interestExpense": "130000000", "nonInterestIncome": "None", "otherNonOperatingIncome": "None", "depreciation": "None", "depreciationAndAmortization": "102000000", "incomeBeforeTax": "1268000000", "incomeTaxExpense": "439000000", "interestAndDebtExpense": "None", "netIncomeFromContinuingOperations": "0", "comprehensiveIncomeNetOfTax": "None", "ebit": "1398000000", "ebitda": "1500000000", "netIncome": "829000000"}, {"fiscalDateEnding": "2013-03-31", "reportedCurrency": "USD", "grossProfit": "1470000000", "totalRevenue": "4513000000", "costOfRevenue": "3043000000", "costofGoodsAndServicesSold": "3043000000", "operatingIncome": "809000000", "sellingGeneralAndAdministrative": "599000000", "researchAndDevelopment": "0", "operatingExpenses": "661000000", "investmentIncomeNet": "None", "netInterestIncome": "None", "interestIncome": "None", "interestExpense": "123000000", "nonInterestIncome": "None", "otherNonOperatingIncome": "None", "depreciation": "None", "depreciationAndAmortization": "102000000", "incomeBeforeTax": "686000000", "incomeTaxExpense": "230000000", "interestAndDebtExpense": "None", "netIncomeFromContinuingOperations": "0", "comprehensiveIncomeNetOfTax": "None", "ebit": "809000000", "ebitda": "911000000", "netIncome": "456000000"}, {"fiscalDateEnding": "2012-12-31", "reportedCurrency": "USD", "grossProfit": "1134000000", "totalRevenue": "4494000000", "costOfRevenue": "3360000000", "costofGoodsAndServicesSold": "3360000000", "operatingIncome": "278000000", "sellingGeneralAndAdministrative": "626573000", "researchAndDevelopment": "0", "operatingExpenses": "856000000", "investmentIncomeNet": "None", "netInterestIncome": "None", "interestIncome": "None", "interestExpense": "109000000", "nonInterestIncome": "None", "otherNonOperatingIncome": "None", "depreciation": "None", "depreciationAndAmortization": "167000000", "incomeBeforeTax": "149000000", "incomeTaxExpense": "48000000", "interestAndDebtExpense": "None", "netIncomeFromContinuingOperations": "0", "comprehensiveIncomeNetOfTax": "None", "ebit": "258000000", "ebitda": "425000000", "netIncome": "101000000"}, {"fiscalDateEnding": "2012-09-30", "reportedCurrency": "USD", "grossProfit": "1569000000", "totalRevenue": "4588000000", "costOfRevenue": "3019000000", "costofGoodsAndServicesSold": "3019000000", "operatingIncome": "757000000", "sellingGeneralAndAdministrative": "786000000", "researchAndDevelopment": "0", "operatingExpenses": "812000000", "investmentIncomeNet": "None", "netInterestIncome": "None", "interestIncome": "None", "interestExpense": "106000000", "nonInterestIncome": "None", "otherNonOperatingIncome": "None", "depreciation": "None", "depreciationAndAmortization": "92000000", "incomeBeforeTax": "664000000", "incomeTaxExpense": "198000000", "interestAndDebtExpense": "None", "netIncomeFromContinuingOperations": "0", "comprehensiveIncomeNetOfTax": "None", "ebit": "770000000", "ebitda": "862000000", "netIncome": "466000000"}, {"fiscalDateEnding": "2012-06-30", "reportedCurrency": "USD", "grossProfit": "1636000000", "totalRevenue": "4786000000", "costOfRevenue": "3150000000", "costofGoodsAndServicesSold": "3150000000", "operatingIncome": "911000000", "sellingGeneralAndAdministrative": "687000000", "researchAndDevelopment": "None", "operatingExpenses": "725000000", "investmentIncomeNet": "None", "netInterestIncome": "None", "interestIncome": "None", "interestExpense": "21000000", "nonInterestIncome": "None", "otherNonOperatingIncome": "None", "depreciation": "None", "depreciationAndAmortization": "90000000", "incomeBeforeTax": "906000000", "incomeTaxExpense": "303000000", "interestAndDebtExpense": "None", "netIncomeFromContinuingOperations": "None", "comprehensiveIncomeNetOfTax": "None", "ebit": "927000000", "ebitda": "1017000000", "netIncome": "603000000"}, {"fiscalDateEnding": "2012-03-31", "reportedCurrency": "USD", "grossProfit": "1449000000", "totalRevenue": "4453000000", "costOfRevenue": "3004000000", "costofGoodsAndServicesSold": "3004000000", "operatingIncome": "741000000", "sellingGeneralAndAdministrative": "670000000", "researchAndDevelopment": "0", "operatingExpenses": "708000000", "investmentIncomeNet": "None", "netInterestIncome": "None", "interestIncome": "None", "interestExpense": "2000000", "nonInterestIncome": "None", "otherNonOperatingIncome": "None", "depreciation": "None", "depreciationAndAmortization": "79000000", "incomeBeforeTax": "751000000", "incomeTaxExpense": "268000000", "interestAndDebtExpense": "None", "netIncomeFromContinuingOperations": "0", "comprehensiveIncomeNetOfTax": "None", "ebit": "753000000", "ebitda": "832000000", "netIncome": "483000000"}, {"fiscalDateEnding": "2011-12-31", "reportedCurrency": "USD", "grossProfit": "1467000000", "totalRevenue": "5035000000", "costOfRevenue": "3568000000", "costofGoodsAndServicesSold": "3568000000", "operatingIncome": "625000000", "sellingGeneralAndAdministrative": "595631000", "researchAndDevelopment": "0", "operatingExpenses": "842000000", "investmentIncomeNet": "None", "netInterestIncome": "None", "interestIncome": "None", "interestExpense": "2000000", "nonInterestIncome": "None", "otherNonOperatingIncome": "None", "depreciation": "None", "depreciationAndAmortization": "95000000", "incomeBeforeTax": "640000000", "incomeTaxExpense": "239000000", "interestAndDebtExpense": "None", "netIncomeFromContinuingOperations": "0", "comprehensiveIncomeNetOfTax": "None", "ebit": "638000000", "ebitda": "733000000", "netIncome": "401000000"}, {"fiscalDateEnding": "2011-09-30", "reportedCurrency": "USD", "grossProfit": "1364000000", "totalRevenue": "4474000000", "costOfRevenue": "3110000000", "costofGoodsAndServicesSold": "3110000000", "operatingIncome": "708000000", "sellingGeneralAndAdministrative": "584481000", "researchAndDevelopment": "0", "operatingExpenses": "656000000", "investmentIncomeNet": "None", "netInterestIncome": "None", "interestIncome": "None", "interestExpense": "3000000", "nonInterestIncome": "None", "otherNonOperatingIncome": "None", "depreciation": "None", "depreciationAndAmortization": "91000000", "incomeBeforeTax": "719000000", "incomeTaxExpense": "302000000", "interestAndDebtExpense": "None", "netIncomeFromContinuingOperations": "0", "comprehensiveIncomeNetOfTax": "None", "ebit": "722000000", "ebitda": "813000000", "netIncome": "417000000"}, {"fiscalDateEnding": "2011-06-30", "reportedCurrency": "USD", "grossProfit": "1546000000", "totalRevenue": "4741000000", "costOfRevenue": "3195000000", "costofGoodsAndServicesSold": "3195000000", "operatingIncome": "830000000", "sellingGeneralAndAdministrative": "603973000", "researchAndDevelopment": "0", "operatingExpenses": "716000000", "investmentIncomeNet": "None", "netInterestIncome": "None", "interestIncome": "None", "interestExpense": "1000000", "nonInterestIncome": "None", "otherNonOperatingIncome": "None", "depreciation": "None", "depreciationAndAmortization": "89000000", "incomeBeforeTax": "842000000", "incomeTaxExpense": "308000000", "interestAndDebtExpense": "None", "netIncomeFromContinuingOperations": "0", "comprehensiveIncomeNetOfTax": "None", "ebit": "843000000", "ebitda": "932000000", "netIncome": "534000000"}, {"fiscalDateEnding": "2011-03-31", "reportedCurrency": "USD", "grossProfit": "1517000000", "totalRevenue": "4405000000", "costOfRevenue": "2888000000", "costofGoodsAndServicesSold": "2888000000", "operatingIncome": "760000000", "sellingGeneralAndAdministrative": "651065000", "researchAndDevelopment": "0", "operatingExpenses": "757000000", "investmentIncomeNet": "None", "netInterestIncome": "None", "interestIncome": "None", "interestExpense": "2000000", "nonInterestIncome": "None", "otherNonOperatingIncome": "None", "depreciation": "None", "depreciationAndAmortization": "89000000", "incomeBeforeTax": "768000000", "incomeTaxExpense": "281000000", "interestAndDebtExpense": "None", "netIncomeFromContinuingOperations": "0", "comprehensiveIncomeNetOfTax": "None", "ebit": "770000000", "ebitda": "859000000", "netIncome": "487000000"}, {"fiscalDateEnding": "2010-12-31", "reportedCurrency": "USD", "grossProfit": "0", "totalRevenue": "2722350000", "costOfRevenue": "1626231000", "costofGoodsAndServicesSold": "1626231000", "operatingIncome": "438398000", "sellingGeneralAndAdministrative": "589895000", "researchAndDevelopment": "0", "operatingExpenses": "0", "investmentIncomeNet": "None", "netInterestIncome": "None", "interestIncome": "None", "interestExpense": "69321000", "nonInterestIncome": "None", "otherNonOperatingIncome": "None", "depreciation": "None", "depreciationAndAmortization": "None", "incomeBeforeTax": "374015000", "incomeTaxExpense": "97488000", "interestAndDebtExpense": "None", "netIncomeFromContinuingOperations": "0", "comprehensiveIncomeNetOfTax": "None", "ebit": "0", "ebitda": "None", "netIncome": "273785000"}, {"fiscalDateEnding": "2010-09-30", "reportedCurrency": "USD", "grossProfit": "0", "totalRevenue": "2614623000", "costOfRevenue": "1579835000", "costofGoodsAndServicesSold": "1579835000", "operatingIncome": "416799000", "sellingGeneralAndAdministrative": "549828000", "researchAndDevelopment": "0", "operatingExpenses": "0", "investmentIncomeNet": "None", "netInterestIncome": "None", "interestIncome": "None", "interestExpense": "67328000", "nonInterestIncome": "None", "otherNonOperatingIncome": "None", "depreciation": "None", "depreciationAndAmortization": "None", "incomeBeforeTax": "346530000", "incomeTaxExpense": "92588000", "interestAndDebtExpense": "None", "netIncomeFromContinuingOperations": "0", "comprehensiveIncomeNetOfTax": "None", "ebit": "0", "ebitda": "None", "netIncome": "251435000"}, {"fiscalDateEnding": "2010-06-30", "reportedCurrency": "USD", "grossProfit": "0", "totalRevenue": "2480825000", "costOfRevenue": "1507033000", "costofGoodsAndServicesSold": "1507033000", "operatingIncome": "405715000", "sellingGeneralAndAdministrative": "502262000", "researchAndDevelopment": "0", "operatingExpenses": "0", "investmentIncomeNet": "None", "netInterestIncome": "None", "interestIncome": "None", "interestExpense": "66752000", "nonInterestIncome": "None", "otherNonOperatingIncome": "None", "depreciation": "None", "depreciationAndAmortization": "None", "incomeBeforeTax": "332791000", "incomeTaxExpense": "84196000", "interestAndDebtExpense": "None", "netIncomeFromContinuingOperations": "0", "comprehensiveIncomeNetOfTax": "None", "ebit": "0", "ebitda": "None", "netIncome": "240427000"}, {"fiscalDateEnding": "2010-03-31", "reportedCurrency": "USD", "grossProfit": "4085722000", "totalRevenue": "2724810000", "costOfRevenue": "1681173000", "costofGoodsAndServicesSold": "1681173000", "operatingIncome": "352180000", "sellingGeneralAndAdministrative": "613241000", "researchAndDevelopment": "0", "operatingExpenses": "0", "investmentIncomeNet": "None", "netInterestIncome": "None", "interestIncome": "None", "interestExpense": "69119000", "nonInterestIncome": "None", "otherNonOperatingIncome": "None", "depreciation": "None", "depreciationAndAmortization": "None", "incomeBeforeTax": "280196000", "incomeTaxExpense": "85213000", "interestAndDebtExpense": "None", "netIncomeFromContinuingOperations": "0", "comprehensiveIncomeNetOfTax": "None", "ebit": "0", "ebitda": "None", "netIncome": "192366000"}, {"fiscalDateEnding": "2009-12-31", "reportedCurrency": "USD", "grossProfit": "0", "totalRevenue": "2681702000", "costOfRevenue": "1609931000", "costofGoodsAndServicesSold": "1609931000", "operatingIncome": "436510000", "sellingGeneralAndAdministrative": "568756000", "researchAndDevelopment": "0", "operatingExpenses": "0", "investmentIncomeNet": "None", "netInterestIncome": "None", "interestIncome": "None", "interestExpense": "71978000", "nonInterestIncome": "None", "otherNonOperatingIncome": "None", "depreciation": "None", "depreciationAndAmortization": "None", "incomeBeforeTax": "366260000", "incomeTaxExpense": "99523000", "interestAndDebtExpense": "None", "netIncomeFromContinuingOperations": "0", "comprehensiveIncomeNetOfTax": "None", "ebit": "0", "ebitda": "None", "netIncome": "228527000"}, {"fiscalDateEnding": "2009-09-30", "reportedCurrency": "USD", "grossProfit": "0", "totalRevenue": "2646786000", "costOfRevenue": "1623406000", "costofGoodsAndServicesSold": "1623406000", "operatingIncome": "408400000", "sellingGeneralAndAdministrative": "544855000", "researchAndDevelopment": "0", "operatingExpenses": "0", "investmentIncomeNet": "None", "netInterestIncome": "None", "interestIncome": "None", "interestExpense": "71625000", "nonInterestIncome": "None", "otherNonOperatingIncome": "None", "depreciation": "None", "depreciationAndAmortization": "None", "incomeBeforeTax": "334666000", "incomeTaxExpense": "85700000", "interestAndDebtExpense": "None", "netIncomeFromContinuingOperations": "0", "comprehensiveIncomeNetOfTax": "None", "ebit": "0", "ebitda": "None", "netIncome": "231435000"}, {"fiscalDateEnding": "2009-06-30", "reportedCurrency": "USD", "grossProfit": "0", "totalRevenue": "2441685000", "costOfRevenue": "1494751000", "costofGoodsAndServicesSold": "1494751000", "operatingIncome": "384826000", "sellingGeneralAndAdministrative": "494226000", "researchAndDevelopment": "0", "operatingExpenses": "0", "investmentIncomeNet": "None", "netInterestIncome": "None", "interestIncome": "None", "interestExpense": "82989000", "nonInterestIncome": "None", "otherNonOperatingIncome": "None", "depreciation": "None", "depreciationAndAmortization": "None", "incomeBeforeTax": "309332000", "incomeTaxExpense": "88078000", "interestAndDebtExpense": "None", "netIncomeFromContinuingOperations": "0", "comprehensiveIncomeNetOfTax": "None", "ebit": "0", "ebitda": "None", "netIncome": "212564000"}, {"fiscalDateEnding": "2009-03-31", "reportedCurrency": "USD", "grossProfit": "3855229000", "totalRevenue": "2515768000", "costOfRevenue": "1640048000", "costofGoodsAndServicesSold": "1640048000", "operatingIncome": "338968000", "sellingGeneralAndAdministrative": "536752000", "researchAndDevelopment": "0", "operatingExpenses": "0", "investmentIncomeNet": "None", "netInterestIncome": "None", "interestIncome": "None", "interestExpense": "85121000", "nonInterestIncome": "None", "otherNonOperatingIncome": "None", "depreciation": "None", "depreciationAndAmortization": "None", "incomeBeforeTax": "265810000", "incomeTaxExpense": "84600000", "interestAndDebtExpense": "None", "netIncomeFromContinuingOperations": "0", "comprehensiveIncomeNetOfTax": "None", "ebit": "0", "ebitda": "None", "netIncome": "175135000"}, {"fiscalDateEnding": "2008-12-31", "reportedCurrency": "USD", "grossProfit": "0", "totalRevenue": "2379711000", "costOfRevenue": "1528997000", "costofGoodsAndServicesSold": "1528997000", "operatingIncome": "383442000", "sellingGeneralAndAdministrative": "467272000", "researchAndDevelopment": "0", "operatingExpenses": "0", "investmentIncomeNet": "None", "netInterestIncome": "None", "interestIncome": "None", "interestExpense": "95931000", "nonInterestIncome": "None", "otherNonOperatingIncome": "None", "depreciation": "None", "depreciationAndAmortization": "None", "incomeBeforeTax": "330722000", "incomeTaxExpense": "85659000", "interestAndDebtExpense": "None", "netIncomeFromContinuingOperations": "0", "comprehensiveIncomeNetOfTax": "None", "ebit": "0", "ebitda": "None", "netIncome": "242263000"}, {"fiscalDateEnding": "2008-09-30", "reportedCurrency": "USD", "grossProfit": "0", "totalRevenue": "2537048000", "costOfRevenue": "1628645000", "costofGoodsAndServicesSold": "1628645000", "operatingIncome": "386530000", "sellingGeneralAndAdministrative": "521873000", "researchAndDevelopment": "0", "operatingExpenses": "0", "investmentIncomeNet": "None", "netInterestIncome": "None", "interestIncome": "None", "interestExpense": "83978000", "nonInterestIncome": "None", "otherNonOperatingIncome": "None", "depreciation": "None", "depreciationAndAmortization": "None", "incomeBeforeTax": "395726000", "incomeTaxExpense": "112643000", "interestAndDebtExpense": "None", "netIncomeFromContinuingOperations": "0", "comprehensiveIncomeNetOfTax": "None", "ebit": "0", "ebitda": "None", "netIncome": "276710000"}, {"fiscalDateEnding": "2008-06-30", "reportedCurrency": "USD", "grossProfit": "0", "totalRevenue": "2578804000", "costOfRevenue": "1644385000", "costofGoodsAndServicesSold": "1644385000", "operatingIncome": "393506000", "sellingGeneralAndAdministrative": "540913000", "researchAndDevelopment": "0", "operatingExpenses": "0", "investmentIncomeNet": "None", "netInterestIncome": "None", "interestIncome": "None", "interestExpense": "74605000", "nonInterestIncome": "None", "otherNonOperatingIncome": "None", "depreciation": "None", "depreciationAndAmortization": "None", "incomeBeforeTax": "327625000", "incomeTaxExpense": "92581000", "interestAndDebtExpense": "None", "netIncomeFromContinuingOperations": "0", "comprehensiveIncomeNetOfTax": "None", "ebit": "0", "ebitda": "None", "netIncome": "228964000"}, {"fiscalDateEnding": "2008-03-31", "reportedCurrency": "USD", "grossProfit": "3959218000", "totalRevenue": "2688251000", "costOfRevenue": "1640934000", "costofGoodsAndServicesSold": "1640934000", "operatingIncome": "375261000", "sellingGeneralAndAdministrative": "599813000", "researchAndDevelopment": "0", "operatingExpenses": "0", "investmentIncomeNet": "None", "netInterestIncome": "None", "interestIncome": "None", "interestExpense": "82682000", "nonInterestIncome": "None", "otherNonOperatingIncome": "None", "depreciation": "None", "depreciationAndAmortization": "None", "incomeBeforeTax": "295503000", "incomeTaxExpense": "101441000", "interestAndDebtExpense": "None", "netIncomeFromContinuingOperations": "0", "comprehensiveIncomeNetOfTax": "None", "ebit": "0", "ebitda": "None", "netIncome": "194062000"}, {"fiscalDateEnding": "2007-12-31", "reportedCurrency": "USD", "grossProfit": "0", "totalRevenue": "2610863000", "costOfRevenue": "1605000000", "costofGoodsAndServicesSold": "1605000000", "operatingIncome": "406056000", "sellingGeneralAndAdministrative": "529360000", "researchAndDevelopment": "0", "operatingExpenses": "0", "investmentIncomeNet": "None", "netInterestIncome": "None", "interestIncome": "None", "interestExpense": "93462000", "nonInterestIncome": "None", "otherNonOperatingIncome": "None", "depreciation": "None", "depreciationAndAmortization": "None", "incomeBeforeTax": "319358000", "incomeTaxExpense": "100826000", "interestAndDebtExpense": "None", "netIncomeFromContinuingOperations": "0", "comprehensiveIncomeNetOfTax": "None", "ebit": "0", "ebitda": "None", "netIncome": "218532000"}, {"fiscalDateEnding": "2007-09-30", "reportedCurrency": "USD", "grossProfit": "0", "totalRevenue": "2523379000", "costOfRevenue": "1523617000", "costofGoodsAndServicesSold": "1523617000", "operatingIncome": "420996000", "sellingGeneralAndAdministrative": "510806000", "researchAndDevelopment": "0", "operatingExpenses": "0", "investmentIncomeNet": "None", "netInterestIncome": "None", "interestIncome": "None", "interestExpense": "97482000", "nonInterestIncome": "None", "otherNonOperatingIncome": "None", "depreciation": "None", "depreciationAndAmortization": "None", "incomeBeforeTax": "323218000", "incomeTaxExpense": "96181000", "interestAndDebtExpense": "None", "netIncomeFromContinuingOperations": "0", "comprehensiveIncomeNetOfTax": "None", "ebit": "0", "ebitda": "None", "netIncome": "227037000"}, {"fiscalDateEnding": "2007-06-30", "reportedCurrency": "USD", "grossProfit": "0", "totalRevenue": "2248285000", "costOfRevenue": "1342009000", "costofGoodsAndServicesSold": "1342009000", "operatingIncome": "366654000", "sellingGeneralAndAdministrative": "471746000", "researchAndDevelopment": "0", "operatingExpenses": "0", "investmentIncomeNet": "None", "netInterestIncome": "None", "interestIncome": "None", "interestExpense": "91230000", "nonInterestIncome": "None", "otherNonOperatingIncome": "None", "depreciation": "None", "depreciationAndAmortization": "None", "incomeBeforeTax": "279715000", "incomeTaxExpense": "74421000", "interestAndDebtExpense": "None", "netIncomeFromContinuingOperations": "0", "comprehensiveIncomeNetOfTax": "None", "ebit": "0", "ebitda": "None", "netIncome": "205294000"}, {"fiscalDateEnding": "2007-03-31", "reportedCurrency": "USD", "grossProfit": "3651974000", "totalRevenue": "2414293000", "costOfRevenue": "1423136000", "costofGoodsAndServicesSold": "1423136000", "operatingIncome": "367760000", "sellingGeneralAndAdministrative": "554009000", "researchAndDevelopment": "0", "operatingExpenses": "0", "investmentIncomeNet": "None", "netInterestIncome": "None", "interestIncome": "None", "interestExpense": "91418000", "nonInterestIncome": "None", "otherNonOperatingIncome": "None", "depreciation": "None", "depreciationAndAmortization": "None", "incomeBeforeTax": "282169000", "incomeTaxExpense": "101137000", "interestAndDebtExpense": "None", "netIncomeFromContinuingOperations": "0", "comprehensiveIncomeNetOfTax": "None", "ebit": "0", "ebitda": "None", "netIncome": "181032000"}, {"fiscalDateEnding": "2006-12-31", "reportedCurrency": "USD", "grossProfit": "0", "totalRevenue": "2295192000", "costOfRevenue": "1375681000", "costofGoodsAndServicesSold": "1375681000", "operatingIncome": "376328000", "sellingGeneralAndAdministrative": "475788000", "researchAndDevelopment": "0", "operatingExpenses": "0", "investmentIncomeNet": "None", "netInterestIncome": "None", "interestIncome": "None", "interestExpense": "86054000", "nonInterestIncome": "None", "otherNonOperatingIncome": "None", "depreciation": "None", "depreciationAndAmortization": "None", "incomeBeforeTax": "295823000", "incomeTaxExpense": "76785000", "interestAndDebtExpense": "None", "netIncomeFromContinuingOperations": "0", "comprehensiveIncomeNetOfTax": "None", "ebit": "0", "ebitda": "None", "netIncome": "219038000"}, {"fiscalDateEnding": "2006-09-30", "reportedCurrency": "USD", "grossProfit": "0", "totalRevenue": "2232225000", "costOfRevenue": "1327268000", "costofGoodsAndServicesSold": "1327268000", "operatingIncome": "382985000", "sellingGeneralAndAdministrative": "463613000", "researchAndDevelopment": "0", "operatingExpenses": "0", "investmentIncomeNet": "None", "netInterestIncome": "None", "interestIncome": "None", "interestExpense": "80172000", "nonInterestIncome": "None", "otherNonOperatingIncome": "None", "depreciation": "None", "depreciationAndAmortization": "None", "incomeBeforeTax": "302810000", "incomeTaxExpense": "105379000", "interestAndDebtExpense": "None", "netIncomeFromContinuingOperations": "0", "comprehensiveIncomeNetOfTax": "None", "ebit": "0", "ebitda": "None", "netIncome": "191575000"}, {"fiscalDateEnding": "2006-06-30", "reportedCurrency": "USD", "grossProfit": "0", "totalRevenue": "2059920000", "costOfRevenue": "1223571000", "costofGoodsAndServicesSold": "1223571000", "operatingIncome": "319642000", "sellingGeneralAndAdministrative": "452775000", "researchAndDevelopment": "0", "operatingExpenses": "0", "investmentIncomeNet": "None", "netInterestIncome": "None", "interestIncome": "None", "interestExpense": "75626000", "nonInterestIncome": "None", "otherNonOperatingIncome": "None", "depreciation": "None", "depreciationAndAmortization": "None", "incomeBeforeTax": "243597000", "incomeTaxExpense": "49496000", "interestAndDebtExpense": "None", "netIncomeFromContinuingOperations": "0", "comprehensiveIncomeNetOfTax": "None", "ebit": "0", "ebitda": "None", "netIncome": "194101000"}, {"fiscalDateEnding": "2006-03-31", "reportedCurrency": "USD", "grossProfit": "3439628000", "totalRevenue": "2399652000", "costOfRevenue": "1471982000", "costofGoodsAndServicesSold": "1471982000", "operatingIncome": "370950000", "sellingGeneralAndAdministrative": "491973000", "researchAndDevelopment": "0", "operatingExpenses": "0", "investmentIncomeNet": "None", "netInterestIncome": "None", "interestIncome": "None", "interestExpense": "87156000", "nonInterestIncome": "None", "otherNonOperatingIncome": "None", "depreciation": "None", "depreciationAndAmortization": "None", "incomeBeforeTax": "55484000", "incomeTaxExpense": "54405000", "interestAndDebtExpense": "None", "netIncomeFromContinuingOperations": "0", "comprehensiveIncomeNetOfTax": "None", "ebit": "0", "ebitda": "None", "netIncome": "167908000"}, {"fiscalDateEnding": "2005-12-31", "reportedCurrency": "USD", "grossProfit": "0", "totalRevenue": "2186524000", "costOfRevenue": "1327012000", "costofGoodsAndServicesSold": "1327012000", "operatingIncome": "342236000", "sellingGeneralAndAdministrative": "452781000", "researchAndDevelopment": "0", "operatingExpenses": "0", "investmentIncomeNet": "None", "netInterestIncome": "None", "interestIncome": "None", "interestExpense": "86336000", "nonInterestIncome": "None", "otherNonOperatingIncome": "None", "depreciation": "None", "depreciationAndAmortization": "None", "incomeBeforeTax": "219075000", "incomeTaxExpense": "85897000", "interestAndDebtExpense": "None", "netIncomeFromContinuingOperations": "0", "comprehensiveIncomeNetOfTax": "None", "ebit": "0", "ebitda": "None", "netIncome": "116600000"}, {"fiscalDateEnding": "2005-09-30", "reportedCurrency": "USD", "grossProfit": "0", "totalRevenue": "2156984000", "costOfRevenue": "1269875000", "costofGoodsAndServicesSold": "1269875000", "operatingIncome": "347461000", "sellingGeneralAndAdministrative": "474511000", "researchAndDevelopment": "0", "operatingExpenses": "0", "investmentIncomeNet": "None", "netInterestIncome": "None", "interestIncome": "None", "interestExpense": "76500000", "nonInterestIncome": "None", "otherNonOperatingIncome": "None", "depreciation": "None", "depreciationAndAmortization": "None", "incomeBeforeTax": "223124000", "incomeTaxExpense": "54793000", "interestAndDebtExpense": "None", "netIncomeFromContinuingOperations": "0", "comprehensiveIncomeNetOfTax": "None", "ebit": "0", "ebitda": "None", "netIncome": "203821000"}, {"fiscalDateEnding": "2005-06-30", "reportedCurrency": "USD", "grossProfit": "0", "totalRevenue": "1900278000", "costOfRevenue": "1134941000", "costofGoodsAndServicesSold": "1134941000", "operatingIncome": "289265000", "sellingGeneralAndAdministrative": "415397000", "researchAndDevelopment": "0", "operatingExpenses": "0", "investmentIncomeNet": "None", "netInterestIncome": "None", "interestIncome": "None", "interestExpense": "66304000", "nonInterestIncome": "None", "otherNonOperatingIncome": "None", "depreciation": "None", "depreciationAndAmortization": "None", "incomeBeforeTax": "195778000", "incomeTaxExpense": "55605000", "interestAndDebtExpense": "None", "netIncomeFromContinuingOperations": "0", "comprehensiveIncomeNetOfTax": "None", "ebit": "0", "ebitda": "None", "netIncome": "157274000"}, {"fiscalDateEnding": "2005-03-31", "reportedCurrency": "USD", "grossProfit": "3485806000", "totalRevenue": "2230506000", "costOfRevenue": "1405271000", "costofGoodsAndServicesSold": "1405271000", "operatingIncome": "346451000", "sellingGeneralAndAdministrative": "478784000", "researchAndDevelopment": "0", "operatingExpenses": "0", "investmentIncomeNet": "None", "netInterestIncome": "None", "interestIncome": "None", "interestExpense": "62217000", "nonInterestIncome": "None", "otherNonOperatingIncome": "None", "depreciation": "None", "depreciationAndAmortization": "None", "incomeBeforeTax": "259816000", "incomeTaxExpense": "68332000", "interestAndDebtExpense": "None", "netIncomeFromContinuingOperations": "0", "comprehensiveIncomeNetOfTax": "None", "ebit": "0", "ebitda": "None", "netIncome": "206487000"}, {"fiscalDateEnding": "2004-12-31", "reportedCurrency": "USD", "grossProfit": "0", "totalRevenue": "2069159000", "costOfRevenue": "1284425000", "costofGoodsAndServicesSold": "1284425000", "operatingIncome": "319369000", "sellingGeneralAndAdministrative": "465365000", "researchAndDevelopment": "0", "operatingExpenses": "0", "investmentIncomeNet": "None", "netInterestIncome": "None", "interestIncome": "None", "interestExpense": "60434000", "nonInterestIncome": "None", "otherNonOperatingIncome": "None", "depreciation": "None", "depreciationAndAmortization": "None", "incomeBeforeTax": "190290000", "incomeTaxExpense": "58778000", "interestAndDebtExpense": "None", "netIncomeFromContinuingOperations": "0", "comprehensiveIncomeNetOfTax": "None", "ebit": "0", "ebitda": "None", "netIncome": "152411000"}]}