{"symbol": "RL", "annualReports": [{"fiscalDateEnding": "2024-03-31", "reportedCurrency": "USD", "grossProfit": "4431800000", "totalRevenue": "6631400000", "costOfRevenue": "2199600000", "costofGoodsAndServicesSold": "2199600000", "operatingIncome": "756400000", "sellingGeneralAndAdministrative": "3619600000", "researchAndDevelopment": "None", "operatingExpenses": "3670900000", "investmentIncomeNet": "None", "netInterestIncome": "30800000", "interestIncome": "73000000", "interestExpense": "42200000", "nonInterestIncome": "None", "otherNonOperatingIncome": "None", "depreciation": "None", "depreciationAndAmortization": "229000000", "incomeBeforeTax": "777400000", "incomeTaxExpense": "131100000", "interestAndDebtExpense": "None", "netIncomeFromContinuingOperations": "646300000", "comprehensiveIncomeNetOfTax": "None", "ebit": "832100000", "ebitda": "1061100000", "netIncome": "646300000"}, {"fiscalDateEnding": "2023-03-31", "reportedCurrency": "USD", "grossProfit": "4165800000", "totalRevenue": "6443600000", "costOfRevenue": "2277800000", "costofGoodsAndServicesSold": "2277800000", "operatingIncome": "704200000", "sellingGeneralAndAdministrative": "3432700000", "researchAndDevelopment": "None", "operatingExpenses": "3461600000", "investmentIncomeNet": "None", "netInterestIncome": "-8200000", "interestIncome": "32200000", "interestExpense": "40400000", "nonInterestIncome": "None", "otherNonOperatingIncome": "28100000", "depreciation": "None", "depreciationAndAmortization": "220500000", "incomeBeforeTax": "691900000", "incomeTaxExpense": "169200000", "interestAndDebtExpense": "None", "netIncomeFromContinuingOperations": "522700000", "comprehensiveIncomeNetOfTax": "None", "ebit": "581200000", "ebitda": "801700000", "netIncome": "522700000"}, {"fiscalDateEnding": "2022-03-31", "reportedCurrency": "USD", "grossProfit": "4147500000", "totalRevenue": "6218500000", "costOfRevenue": "2071000000", "costofGoodsAndServicesSold": "2071000000", "operatingIncome": "798400000", "sellingGeneralAndAdministrative": "2624500000", "researchAndDevelopment": "None", "operatingExpenses": "3305600000", "investmentIncomeNet": "None", "netInterestIncome": "-48500000", "interestIncome": "5500000", "interestExpense": "54000000", "nonInterestIncome": "None", "otherNonOperatingIncome": "10200000", "depreciation": "None", "depreciationAndAmortization": "229700000", "incomeBeforeTax": "754600000", "incomeTaxExpense": "154500000", "interestAndDebtExpense": "None", "netIncomeFromContinuingOperations": "600100000", "comprehensiveIncomeNetOfTax": "None", "ebit": "813000000", "ebitda": "1042700000", "netIncome": "600100000"}, {"fiscalDateEnding": "2021-03-31", "reportedCurrency": "USD", "grossProfit": "2861400000", "totalRevenue": "4400800000", "costOfRevenue": "1539400000", "costofGoodsAndServicesSold": "1539400000", "operatingIncome": "240200000", "sellingGeneralAndAdministrative": "2180400000", "researchAndDevelopment": "None", "operatingExpenses": "2638500000", "investmentIncomeNet": "None", "netInterestIncome": "-38800000", "interestIncome": "9700000", "interestExpense": "48500000", "nonInterestIncome": "None", "otherNonOperatingIncome": "17300000", "depreciation": "None", "depreciationAndAmortization": "247600000", "incomeBeforeTax": "-74800000", "incomeTaxExpense": "46300000", "interestAndDebtExpense": "None", "netIncomeFromContinuingOperations": "-121100000", "comprehensiveIncomeNetOfTax": "None", "ebit": "-15000000", "ebitda": "232600000", "netIncome": "-121100000"}, {"fiscalDateEnding": "2020-03-31", "reportedCurrency": "USD", "grossProfit": "3653300000", "totalRevenue": "6159800000", "costOfRevenue": "2506500000", "costofGoodsAndServicesSold": "2506500000", "operatingIncome": "442800000", "sellingGeneralAndAdministrative": "2758800000", "researchAndDevelopment": "None", "operatingExpenses": "3237500000", "investmentIncomeNet": "None", "netInterestIncome": "16800000", "interestIncome": "34400000", "interestExpense": "17600000", "nonInterestIncome": "None", "otherNonOperatingIncome": "27000000", "depreciation": "None", "depreciationAndAmortization": "269500000", "incomeBeforeTax": "326400000", "incomeTaxExpense": "-57900000", "interestAndDebtExpense": "None", "netIncomeFromContinuingOperations": "384300000", "comprehensiveIncomeNetOfTax": "None", "ebit": "602100000", "ebitda": "871600000", "netIncome": "384300000"}, {"fiscalDateEnding": "2019-03-31", "reportedCurrency": "USD", "grossProfit": "3886000000", "totalRevenue": "6313000000", "costOfRevenue": "2427000000", "costofGoodsAndServicesSold": "2427000000", "operatingIncome": "561800000", "sellingGeneralAndAdministrative": "2693300000", "researchAndDevelopment": "None", "operatingExpenses": "3168300000", "investmentIncomeNet": "None", "netInterestIncome": "20100000", "interestIncome": "40800000", "interestExpense": "20700000", "nonInterestIncome": "None", "otherNonOperatingIncome": "41400000", "depreciation": "None", "depreciationAndAmortization": "281300000", "incomeBeforeTax": "582500000", "incomeTaxExpense": "151600000", "interestAndDebtExpense": "None", "netIncomeFromContinuingOperations": "430900000", "comprehensiveIncomeNetOfTax": "None", "ebit": "622200000", "ebitda": "903500000", "netIncome": "430900000"}, {"fiscalDateEnding": "2018-03-31", "reportedCurrency": "USD", "grossProfit": "3751700000", "totalRevenue": "6182300000", "costOfRevenue": "2430600000", "costofGoodsAndServicesSold": "2430600000", "operatingIncome": "498200000", "sellingGeneralAndAdministrative": "2659900000", "researchAndDevelopment": "0", "operatingExpenses": "3095500000", "investmentIncomeNet": "None", "netInterestIncome": "-5900000", "interestIncome": "12300000", "interestExpense": "18200000", "nonInterestIncome": "None", "otherNonOperatingIncome": "9200000", "depreciation": "None", "depreciationAndAmortization": "295200000", "incomeBeforeTax": "489200000", "incomeTaxExpense": "326400000", "interestAndDebtExpense": "None", "netIncomeFromContinuingOperations": "162800000", "comprehensiveIncomeNetOfTax": "None", "ebit": "507400000", "ebitda": "802600000", "netIncome": "162800000"}, {"fiscalDateEnding": "2017-03-31", "reportedCurrency": "USD", "grossProfit": "3651100000", "totalRevenue": "6652800000", "costOfRevenue": "3001700000", "costofGoodsAndServicesSold": "3001700000", "operatingIncome": "-94800000", "sellingGeneralAndAdministrative": "2716600000", "researchAndDevelopment": "0", "operatingExpenses": "3173500000", "investmentIncomeNet": "None", "netInterestIncome": "-6000000", "interestIncome": "6400000", "interestExpense": "12400000", "nonInterestIncome": "None", "otherNonOperatingIncome": "2300000", "depreciation": "None", "depreciationAndAmortization": "307500000", "incomeBeforeTax": "-104900000", "incomeTaxExpense": "-5600000", "interestAndDebtExpense": "None", "netIncomeFromContinuingOperations": "-99300000", "comprehensiveIncomeNetOfTax": "None", "ebit": "-92500000", "ebitda": "215000000", "netIncome": "-99300000"}, {"fiscalDateEnding": "2016-03-31", "reportedCurrency": "USD", "grossProfit": "4187000000", "totalRevenue": "7405000000", "costOfRevenue": "3218000000", "costofGoodsAndServicesSold": "3218000000", "operatingIncome": "582000000", "sellingGeneralAndAdministrative": "2883200000", "researchAndDevelopment": "0", "operatingExpenses": "3413000000", "investmentIncomeNet": "None", "netInterestIncome": "None", "interestIncome": "30000000", "interestExpense": "21000000", "nonInterestIncome": "None", "otherNonOperatingIncome": "-9000000", "depreciation": "None", "depreciationAndAmortization": "310000000", "incomeBeforeTax": "552000000", "incomeTaxExpense": "156000000", "interestAndDebtExpense": "None", "netIncomeFromContinuingOperations": "396000000", "comprehensiveIncomeNetOfTax": "None", "ebit": "573000000", "ebitda": "883000000", "netIncome": "396000000"}, {"fiscalDateEnding": "2015-03-31", "reportedCurrency": "USD", "grossProfit": "4378000000", "totalRevenue": "7620000000", "costOfRevenue": "3242000000", "costofGoodsAndServicesSold": "3242000000", "operatingIncome": "1035000000", "sellingGeneralAndAdministrative": "3026400000", "researchAndDevelopment": "0", "operatingExpenses": "3326000000", "investmentIncomeNet": "None", "netInterestIncome": "None", "interestIncome": "None", "interestExpense": "17000000", "nonInterestIncome": "None", "otherNonOperatingIncome": "-31000000", "depreciation": "None", "depreciationAndAmortization": "25000000", "incomeBeforeTax": "987000000", "incomeTaxExpense": "285000000", "interestAndDebtExpense": "None", "netIncomeFromContinuingOperations": "702000000", "comprehensiveIncomeNetOfTax": "None", "ebit": "1321800000", "ebitda": "1346800000", "netIncome": "702000000"}, {"fiscalDateEnding": "2014-03-31", "reportedCurrency": "USD", "grossProfit": "4310000000", "totalRevenue": "7450000000", "costOfRevenue": "3140000000", "costofGoodsAndServicesSold": "3140000000", "operatingIncome": "1130000000", "sellingGeneralAndAdministrative": "2886000000", "researchAndDevelopment": "0", "operatingExpenses": "3177000000", "investmentIncomeNet": "None", "netInterestIncome": "None", "interestIncome": "None", "interestExpense": "20000000", "nonInterestIncome": "None", "otherNonOperatingIncome": "-14000000", "depreciation": "None", "depreciationAndAmortization": "35000000", "incomeBeforeTax": "1096000000", "incomeTaxExpense": "320000000", "interestAndDebtExpense": "None", "netIncomeFromContinuingOperations": "776000000", "comprehensiveIncomeNetOfTax": "None", "ebit": "1353000000", "ebitda": "1388000000", "netIncome": "776000000"}, {"fiscalDateEnding": "2013-03-31", "reportedCurrency": "USD", "grossProfit": "4155800000", "totalRevenue": "6944800000", "costOfRevenue": "2789000000", "costofGoodsAndServicesSold": "2789000000", "operatingIncome": "1126700000", "sellingGeneralAndAdministrative": "2754600000", "researchAndDevelopment": "0", "operatingExpenses": "2998400000", "investmentIncomeNet": "None", "netInterestIncome": "None", "interestIncome": "None", "interestExpense": "22100000", "nonInterestIncome": "None", "otherNonOperatingIncome": "-15300000", "depreciation": "None", "depreciationAndAmortization": "232300000", "incomeBeforeTax": "1089300000", "incomeTaxExpense": "339300000", "interestAndDebtExpense": "None", "netIncomeFromContinuingOperations": "750000000", "comprehensiveIncomeNetOfTax": "None", "ebit": "1108400000", "ebitda": "1340700000", "netIncome": "750000000"}, {"fiscalDateEnding": "2012-03-31", "reportedCurrency": "USD", "grossProfit": "3998100000", "totalRevenue": "6859500000", "costOfRevenue": "2861400000", "costofGoodsAndServicesSold": "2861400000", "operatingIncome": "1039400000", "sellingGeneralAndAdministrative": "2915200000", "researchAndDevelopment": "0", "operatingExpenses": "2944100000", "investmentIncomeNet": "None", "netInterestIncome": "None", "interestIncome": "None", "interestExpense": "24500000", "nonInterestIncome": "None", "otherNonOperatingIncome": "200000", "depreciation": "None", "depreciationAndAmortization": "28900000", "incomeBeforeTax": "1015100000", "incomeTaxExpense": "334100000", "interestAndDebtExpense": "None", "netIncomeFromContinuingOperations": "681000000", "comprehensiveIncomeNetOfTax": "None", "ebit": "1235100000", "ebitda": "1264000000", "netIncome": "681000000"}, {"fiscalDateEnding": "2011-03-31", "reportedCurrency": "USD", "grossProfit": "3318300000", "totalRevenue": "5660300000", "costOfRevenue": "2342000000", "costofGoodsAndServicesSold": "2342000000", "operatingIncome": "845100000", "sellingGeneralAndAdministrative": "2274000000", "researchAndDevelopment": "0", "operatingExpenses": "2468100000", "investmentIncomeNet": "None", "netInterestIncome": "None", "interestIncome": "None", "interestExpense": "18300000", "nonInterestIncome": "None", "otherNonOperatingIncome": "-9100000", "depreciation": "None", "depreciationAndAmortization": "25400000", "incomeBeforeTax": "825400000", "incomeTaxExpense": "257800000", "interestAndDebtExpense": "None", "netIncomeFromContinuingOperations": "559900000", "comprehensiveIncomeNetOfTax": "None", "ebit": "1012400000", "ebitda": "1037800000", "netIncome": "567600000"}, {"fiscalDateEnding": "2010-03-31", "reportedCurrency": "USD", "grossProfit": "2899100000", "totalRevenue": "4978900000", "costOfRevenue": "2079800000", "costofGoodsAndServicesSold": "2079800000", "operatingIncome": "706900000", "sellingGeneralAndAdministrative": "1997500000", "researchAndDevelopment": "None", "operatingExpenses": "2178700000", "investmentIncomeNet": "None", "netInterestIncome": "None", "interestIncome": "None", "interestExpense": "22200000", "nonInterestIncome": "None", "otherNonOperatingIncome": "None", "depreciation": "None", "depreciationAndAmortization": "21700000", "incomeBeforeTax": "689300000", "incomeTaxExpense": "209800000", "interestAndDebtExpense": "None", "netIncomeFromContinuingOperations": "None", "comprehensiveIncomeNetOfTax": "None", "ebit": "871000000", "ebitda": "892700000", "netIncome": "479500000"}, {"fiscalDateEnding": "2009-03-31", "reportedCurrency": "USD", "grossProfit": "2730700000", "totalRevenue": "5018900000", "costOfRevenue": "2288200000", "costofGoodsAndServicesSold": "2288200000", "operatingIncome": "595500000", "sellingGeneralAndAdministrative": "2036000000", "researchAndDevelopment": "None", "operatingExpenses": "2056200000", "investmentIncomeNet": "None", "netInterestIncome": "None", "interestIncome": "None", "interestExpense": "26600000", "nonInterestIncome": "None", "otherNonOperatingIncome": "None", "depreciation": "None", "depreciationAndAmortization": "184400000", "incomeBeforeTax": "587500000", "incomeTaxExpense": "181500000", "interestAndDebtExpense": "None", "netIncomeFromContinuingOperations": "None", "comprehensiveIncomeNetOfTax": "None", "ebit": "614100000", "ebitda": "798500000", "netIncome": "406000000"}, {"fiscalDateEnding": "2008-03-31", "reportedCurrency": "USD", "grossProfit": "2638100000", "totalRevenue": "4880100000", "costOfRevenue": "2242000000", "costofGoodsAndServicesSold": "2242000000", "operatingIncome": "653400000", "sellingGeneralAndAdministrative": "1932500000", "researchAndDevelopment": "None", "operatingExpenses": "1984700000", "investmentIncomeNet": "None", "netInterestIncome": "None", "interestIncome": "None", "interestExpense": "22700000", "nonInterestIncome": "None", "otherNonOperatingIncome": "None", "depreciation": "None", "depreciationAndAmortization": "201300000", "incomeBeforeTax": "642100000", "incomeTaxExpense": "222300000", "interestAndDebtExpense": "None", "netIncomeFromContinuingOperations": "None", "comprehensiveIncomeNetOfTax": "None", "ebit": "653400000", "ebitda": "854700000", "netIncome": "419800000"}, {"fiscalDateEnding": "2007-03-31", "reportedCurrency": "USD", "grossProfit": "2336200000", "totalRevenue": "4295400000", "costOfRevenue": "1959200000", "costofGoodsAndServicesSold": "1959200000", "operatingIncome": "652600000", "sellingGeneralAndAdministrative": "1663400000", "researchAndDevelopment": "None", "operatingExpenses": "1679000000", "investmentIncomeNet": "None", "netInterestIncome": "None", "interestIncome": "None", "interestExpense": "20000000", "nonInterestIncome": "None", "otherNonOperatingIncome": "None", "depreciation": "None", "depreciationAndAmortization": "144700000", "incomeBeforeTax": "643300000", "incomeTaxExpense": "242400000", "interestAndDebtExpense": "None", "netIncomeFromContinuingOperations": "None", "comprehensiveIncomeNetOfTax": "None", "ebit": "680200000", "ebitda": "824900000", "netIncome": "400900000"}, {"fiscalDateEnding": "2006-03-31", "reportedCurrency": "USD", "grossProfit": "2022400000", "totalRevenue": "3746300000", "costOfRevenue": "1723900000", "costofGoodsAndServicesSold": "1723900000", "operatingIncome": "516600000", "sellingGeneralAndAdministrative": "1476900000", "researchAndDevelopment": "None", "operatingExpenses": "1496800000", "investmentIncomeNet": "None", "netInterestIncome": "None", "interestIncome": "None", "interestExpense": "48200000", "nonInterestIncome": "None", "otherNonOperatingIncome": "None", "depreciation": "None", "depreciationAndAmortization": "127000000", "incomeBeforeTax": "502900000", "incomeTaxExpense": "194900000", "interestAndDebtExpense": "None", "netIncomeFromContinuingOperations": "None", "comprehensiveIncomeNetOfTax": "None", "ebit": "528900000", "ebitda": "655900000", "netIncome": "308000000"}, {"fiscalDateEnding": "2005-03-31", "reportedCurrency": "USD", "grossProfit": "1684546000", "totalRevenue": "3305415000", "costOfRevenue": "1620869000", "costofGoodsAndServicesSold": "1620869000", "operatingIncome": "299685000", "sellingGeneralAndAdministrative": "1382500000", "researchAndDevelopment": "None", "operatingExpenses": "1382520000", "investmentIncomeNet": "None", "netInterestIncome": "None", "interestIncome": "None", "interestExpense": "2139000", "nonInterestIncome": "None", "otherNonOperatingIncome": "None", "depreciation": "None", "depreciationAndAmortization": "103633000", "incomeBeforeTax": "299366000", "incomeTaxExpense": "107336000", "interestAndDebtExpense": "None", "netIncomeFromContinuingOperations": "None", "comprehensiveIncomeNetOfTax": "None", "ebit": "315267000", "ebitda": "418900000", "netIncome": "190425000"}], "quarterlyReports": [{"fiscalDateEnding": "2024-12-31", "reportedCurrency": "USD", "grossProfit": "1466100000", "totalRevenue": "2143500000", "costOfRevenue": "677400000", "costofGoodsAndServicesSold": "677400000", "operatingIncome": "389700000", "sellingGeneralAndAdministrative": "1075500000", "researchAndDevelopment": "None", "operatingExpenses": "1076400000", "investmentIncomeNet": "None", "netInterestIncome": "6200000", "interestIncome": "17800000", "interestExpense": "11600000", "nonInterestIncome": "None", "otherNonOperatingIncome": "None", "depreciation": "None", "depreciationAndAmortization": "54300000", "incomeBeforeTax": "383700000", "incomeTaxExpense": "86300000", "interestAndDebtExpense": "None", "netIncomeFromContinuingOperations": "297400000", "comprehensiveIncomeNetOfTax": "None", "ebit": "395300000", "ebitda": "449600000", "netIncome": "297400000"}, {"fiscalDateEnding": "2024-09-30", "reportedCurrency": "USD", "grossProfit": "1155700000", "totalRevenue": "1726000000", "costOfRevenue": "570300000", "costofGoodsAndServicesSold": "570300000", "operatingIncome": "178900000", "sellingGeneralAndAdministrative": "968200000", "researchAndDevelopment": "None", "operatingExpenses": "976800000", "investmentIncomeNet": "None", "netInterestIncome": "6500000", "interestIncome": "17900000", "interestExpense": "11400000", "nonInterestIncome": "None", "otherNonOperatingIncome": "None", "depreciation": "None", "depreciationAndAmortization": "55900000", "incomeBeforeTax": "188100000", "incomeTaxExpense": "40200000", "interestAndDebtExpense": "None", "netIncomeFromContinuingOperations": "147900000", "comprehensiveIncomeNetOfTax": "None", "ebit": "199500000", "ebitda": "255400000", "netIncome": "147900000"}, {"fiscalDateEnding": "2024-06-30", "reportedCurrency": "USD", "grossProfit": "1065800000", "totalRevenue": "1512200000", "costOfRevenue": "446400000", "costofGoodsAndServicesSold": "446400000", "operatingIncome": "208500000", "sellingGeneralAndAdministrative": "849900000", "researchAndDevelopment": "None", "operatingExpenses": "857300000", "investmentIncomeNet": "None", "netInterestIncome": "9200000", "interestIncome": "20100000", "interestExpense": "10900000", "nonInterestIncome": "None", "otherNonOperatingIncome": "None", "depreciation": "None", "depreciationAndAmortization": "54400000", "incomeBeforeTax": "216600000", "incomeTaxExpense": "48000000", "interestAndDebtExpense": "None", "netIncomeFromContinuingOperations": "168600000", "comprehensiveIncomeNetOfTax": "None", "ebit": "210800000", "ebitda": "265200000", "netIncome": "168600000"}, {"fiscalDateEnding": "2024-03-31", "reportedCurrency": "USD", "grossProfit": "1043700000", "totalRevenue": "1567900000", "costOfRevenue": "524200000", "costofGoodsAndServicesSold": "524200000", "operatingIncome": "107800000", "sellingGeneralAndAdministrative": "911400000", "researchAndDevelopment": "None", "operatingExpenses": "935900000", "investmentIncomeNet": "None", "netInterestIncome": "9200000", "interestIncome": "20800000", "interestExpense": "11600000", "nonInterestIncome": "None", "otherNonOperatingIncome": "None", "depreciation": "None", "depreciationAndAmortization": "56000000", "incomeBeforeTax": "111500000", "incomeTaxExpense": "20800000", "interestAndDebtExpense": "None", "netIncomeFromContinuingOperations": "90700000", "comprehensiveIncomeNetOfTax": "None", "ebit": "123100000", "ebitda": "179100000", "netIncome": "90700000"}, {"fiscalDateEnding": "2023-12-31", "reportedCurrency": "USD", "grossProfit": "1286000000", "totalRevenue": "1934000000", "costOfRevenue": "648000000", "costofGoodsAndServicesSold": "648000000", "operatingIncome": "317700000", "sellingGeneralAndAdministrative": "972300000", "researchAndDevelopment": "None", "operatingExpenses": "968300000", "investmentIncomeNet": "None", "netInterestIncome": "10100000", "interestIncome": "20700000", "interestExpense": "10600000", "nonInterestIncome": "None", "otherNonOperatingIncome": "None", "depreciation": "None", "depreciationAndAmortization": "56200000", "incomeBeforeTax": "329800000", "incomeTaxExpense": "53200000", "interestAndDebtExpense": "None", "netIncomeFromContinuingOperations": "276600000", "comprehensiveIncomeNetOfTax": "None", "ebit": "316300000", "ebitda": "372500000", "netIncome": "276600000"}, {"fiscalDateEnding": "2023-09-30", "reportedCurrency": "USD", "grossProfit": "1070100000", "totalRevenue": "1633000000", "costOfRevenue": "562900000", "costofGoodsAndServicesSold": "562900000", "operatingIncome": "164500000", "sellingGeneralAndAdministrative": "900800000", "researchAndDevelopment": "None", "operatingExpenses": "905600000", "investmentIncomeNet": "None", "netInterestIncome": "5800000", "interestIncome": "15800000", "interestExpense": "10000000", "nonInterestIncome": "None", "otherNonOperatingIncome": "None", "depreciation": "None", "depreciationAndAmortization": "58500000", "incomeBeforeTax": "165500000", "incomeTaxExpense": "18600000", "interestAndDebtExpense": "None", "netIncomeFromContinuingOperations": "146900000", "comprehensiveIncomeNetOfTax": "None", "ebit": "171700000", "ebitda": "230200000", "netIncome": "146900000"}, {"fiscalDateEnding": "2023-06-30", "reportedCurrency": "USD", "grossProfit": "1032000000", "totalRevenue": "1496500000", "costOfRevenue": "464500000", "costofGoodsAndServicesSold": "464500000", "operatingIncome": "166400000", "sellingGeneralAndAdministrative": "835100000", "researchAndDevelopment": "None", "operatingExpenses": "865600000", "investmentIncomeNet": "None", "netInterestIncome": "5700000", "interestIncome": "5700000", "interestExpense": "10000000", "nonInterestIncome": "None", "otherNonOperatingIncome": "14200000", "depreciation": "None", "depreciationAndAmortization": "58300000", "incomeBeforeTax": "170600000", "incomeTaxExpense": "38500000", "interestAndDebtExpense": "None", "netIncomeFromContinuingOperations": "132100000", "comprehensiveIncomeNetOfTax": "None", "ebit": "195000000", "ebitda": "253300000", "netIncome": "132100000"}, {"fiscalDateEnding": "2023-03-31", "reportedCurrency": "USD", "grossProfit": "950600000", "totalRevenue": "1540800000", "costOfRevenue": "590200000", "costofGoodsAndServicesSold": "590200000", "operatingIncome": "40200000", "sellingGeneralAndAdministrative": "884400000", "researchAndDevelopment": "None", "operatingExpenses": "910400000", "investmentIncomeNet": "None", "netInterestIncome": "6300000", "interestIncome": "6300000", "interestExpense": "7100000", "nonInterestIncome": "None", "otherNonOperatingIncome": "16100000", "depreciation": "None", "depreciationAndAmortization": "57200000", "incomeBeforeTax": "49200000", "incomeTaxExpense": "16900000", "interestAndDebtExpense": "None", "netIncomeFromContinuingOperations": "32300000", "comprehensiveIncomeNetOfTax": "None", "ebit": "-96500000", "ebitda": "-39300000", "netIncome": "32300000"}, {"fiscalDateEnding": "2022-12-31", "reportedCurrency": "USD", "grossProfit": "1190700000", "totalRevenue": "1832300000", "costOfRevenue": "641600000", "costofGoodsAndServicesSold": "641600000", "operatingIncome": "282100000", "sellingGeneralAndAdministrative": "907800000", "researchAndDevelopment": "None", "operatingExpenses": "908600000", "investmentIncomeNet": "None", "netInterestIncome": "-3400000", "interestIncome": "3400000", "interestExpense": "12000000", "nonInterestIncome": "None", "otherNonOperatingIncome": "10300000", "depreciation": "None", "depreciationAndAmortization": "55200000", "incomeBeforeTax": "280400000", "incomeTaxExpense": "63900000", "interestAndDebtExpense": "None", "netIncomeFromContinuingOperations": "216500000", "comprehensiveIncomeNetOfTax": "None", "ebit": "286900000", "ebitda": "342100000", "netIncome": "216500000"}, {"fiscalDateEnding": "2022-09-30", "reportedCurrency": "USD", "grossProfit": "1023100000", "totalRevenue": "1579900000", "costOfRevenue": "556800000", "costofGoodsAndServicesSold": "556800000", "operatingIncome": "206700000", "sellingGeneralAndAdministrative": "815200000", "researchAndDevelopment": "None", "operatingExpenses": "816400000", "investmentIncomeNet": "None", "netInterestIncome": "-2900000", "interestIncome": "6600000", "interestExpense": "9500000", "nonInterestIncome": "None", "otherNonOperatingIncome": "2900000", "depreciation": "None", "depreciationAndAmortization": "53300000", "incomeBeforeTax": "200100000", "incomeTaxExpense": "49600000", "interestAndDebtExpense": "None", "netIncomeFromContinuingOperations": "150500000", "comprehensiveIncomeNetOfTax": "None", "ebit": "211400000", "ebitda": "264700000", "netIncome": "150500000"}, {"fiscalDateEnding": "2022-06-30", "reportedCurrency": "USD", "grossProfit": "1001400000", "totalRevenue": "1490600000", "costOfRevenue": "489200000", "costofGoodsAndServicesSold": "489200000", "operatingIncome": "175200000", "sellingGeneralAndAdministrative": "825500000", "researchAndDevelopment": "None", "operatingExpenses": "826200000", "investmentIncomeNet": "None", "netInterestIncome": "-8200000", "interestIncome": "3600000", "interestExpense": "11800000", "nonInterestIncome": "None", "otherNonOperatingIncome": "-1200000", "depreciation": "None", "depreciationAndAmortization": "54800000", "incomeBeforeTax": "162200000", "incomeTaxExpense": "38800000", "interestAndDebtExpense": "None", "netIncomeFromContinuingOperations": "123400000", "comprehensiveIncomeNetOfTax": "None", "ebit": "189900000", "ebitda": "244700000", "netIncome": "123400000"}, {"fiscalDateEnding": "2022-03-31", "reportedCurrency": "USD", "grossProfit": "966100000", "totalRevenue": "1522700000", "costOfRevenue": "556600000", "costofGoodsAndServicesSold": "556600000", "operatingIncome": "-1800000", "sellingGeneralAndAdministrative": "1670200000", "researchAndDevelopment": "None", "operatingExpenses": "913700000", "investmentIncomeNet": "None", "netInterestIncome": "-12600000", "interestIncome": "1100000", "interestExpense": "13700000", "nonInterestIncome": "None", "otherNonOperatingIncome": "6200000", "depreciation": "None", "depreciationAndAmortization": "60400000", "incomeBeforeTax": "29300000", "incomeTaxExpense": "4900000", "interestAndDebtExpense": "None", "netIncomeFromContinuingOperations": "24400000", "comprehensiveIncomeNetOfTax": "None", "ebit": "37600000", "ebitda": "98000000", "netIncome": "24400000"}, {"fiscalDateEnding": "2021-12-31", "reportedCurrency": "USD", "grossProfit": "1198100000", "totalRevenue": "1815400000", "costOfRevenue": "617300000", "costofGoodsAndServicesSold": "617300000", "operatingIncome": "289100000", "sellingGeneralAndAdministrative": "910200000", "researchAndDevelopment": "None", "operatingExpenses": "910200000", "investmentIncomeNet": "None", "netInterestIncome": "-12000000", "interestIncome": "1400000", "interestExpense": "13400000", "nonInterestIncome": "None", "otherNonOperatingIncome": "1500000", "depreciation": "None", "depreciationAndAmortization": "56200000", "incomeBeforeTax": "277200000", "incomeTaxExpense": "59500000", "interestAndDebtExpense": "None", "netIncomeFromContinuingOperations": "217700000", "comprehensiveIncomeNetOfTax": "None", "ebit": "287800000", "ebitda": "344000000", "netIncome": "217700000"}, {"fiscalDateEnding": "2021-09-30", "reportedCurrency": "USD", "grossProfit": "1015200000", "totalRevenue": "1504100000", "costOfRevenue": "488900000", "costofGoodsAndServicesSold": "488900000", "operatingIncome": "251900000", "sellingGeneralAndAdministrative": "760000000", "researchAndDevelopment": "None", "operatingExpenses": "754900000", "investmentIncomeNet": "None", "netInterestIncome": "-12400000", "interestIncome": "12400000", "interestExpense": "13600000", "nonInterestIncome": "None", "otherNonOperatingIncome": "-200000", "depreciation": "None", "depreciationAndAmortization": "55900000", "incomeBeforeTax": "238100000", "incomeTaxExpense": "44800000", "interestAndDebtExpense": "None", "netIncomeFromContinuingOperations": "193300000", "comprehensiveIncomeNetOfTax": "None", "ebit": "256600000", "ebitda": "312500000", "netIncome": "193300000"}, {"fiscalDateEnding": "2021-06-30", "reportedCurrency": "USD", "grossProfit": "968100000", "totalRevenue": "1376300000", "costOfRevenue": "408200000", "costofGoodsAndServicesSold": "408200000", "operatingIncome": "220600000", "sellingGeneralAndAdministrative": "728200000", "researchAndDevelopment": "None", "operatingExpenses": "728200000", "investmentIncomeNet": "None", "netInterestIncome": "-11500000", "interestIncome": "1800000", "interestExpense": "13300000", "nonInterestIncome": "None", "otherNonOperatingIncome": "2700000", "depreciation": "None", "depreciationAndAmortization": "57200000", "incomeBeforeTax": "210000000", "incomeTaxExpense": "45300000", "interestAndDebtExpense": "None", "netIncomeFromContinuingOperations": "164700000", "comprehensiveIncomeNetOfTax": "None", "ebit": "230200000", "ebitda": "287400000", "netIncome": "164700000"}, {"fiscalDateEnding": "2021-03-31", "reportedCurrency": "USD", "grossProfit": "782900000", "totalRevenue": "1287000000", "costOfRevenue": "504100000", "costofGoodsAndServicesSold": "504100000", "operatingIncome": "-25700000", "sellingGeneralAndAdministrative": "434700000", "researchAndDevelopment": "None", "operatingExpenses": "755200000", "investmentIncomeNet": "None", "netInterestIncome": "-11700000", "interestIncome": "2200000", "interestExpense": "13900000", "nonInterestIncome": "None", "otherNonOperatingIncome": "4300000", "depreciation": "None", "depreciationAndAmortization": "62100000", "incomeBeforeTax": "-35300000", "incomeTaxExpense": "38800000", "interestAndDebtExpense": "None", "netIncomeFromContinuingOperations": "-74100000", "comprehensiveIncomeNetOfTax": "None", "ebit": "-18600000", "ebitda": "43500000", "netIncome": "-74100000"}, {"fiscalDateEnding": "2020-12-31", "reportedCurrency": "USD", "grossProfit": "930400000", "totalRevenue": "1432800000", "costOfRevenue": "502400000", "costofGoodsAndServicesSold": "502400000", "operatingIncome": "170400000", "sellingGeneralAndAdministrative": "690300000", "researchAndDevelopment": "None", "operatingExpenses": "747500000", "investmentIncomeNet": "None", "netInterestIncome": "-9800000", "interestIncome": "2400000", "interestExpense": "12200000", "nonInterestIncome": "None", "otherNonOperatingIncome": "4000000", "depreciation": "None", "depreciationAndAmortization": "60300000", "incomeBeforeTax": "162200000", "incomeTaxExpense": "42400000", "interestAndDebtExpense": "None", "netIncomeFromContinuingOperations": "119800000", "comprehensiveIncomeNetOfTax": "None", "ebit": "188900000", "ebitda": "249200000", "netIncome": "119800000"}, {"fiscalDateEnding": "2020-09-30", "reportedCurrency": "USD", "grossProfit": "799400000", "totalRevenue": "1193500000", "costOfRevenue": "394100000", "costofGoodsAndServicesSold": "394100000", "operatingIncome": "-20300000", "sellingGeneralAndAdministrative": "582700000", "researchAndDevelopment": "None", "operatingExpenses": "628200000", "investmentIncomeNet": "None", "netInterestIncome": "-10600000", "interestIncome": "10600000", "interestExpense": "12800000", "nonInterestIncome": "None", "otherNonOperatingIncome": "4000000", "depreciation": "None", "depreciationAndAmortization": "61500000", "incomeBeforeTax": "-29100000", "incomeTaxExpense": "10000000", "interestAndDebtExpense": "None", "netIncomeFromContinuingOperations": "-39100000", "comprehensiveIncomeNetOfTax": "None", "ebit": "-13400000", "ebitda": "48100000", "netIncome": "-39100000"}, {"fiscalDateEnding": "2020-06-30", "reportedCurrency": "USD", "grossProfit": "348700000", "totalRevenue": "487500000", "costOfRevenue": "138800000", "costofGoodsAndServicesSold": "138800000", "operatingIncome": "-168000000", "sellingGeneralAndAdministrative": "472700000", "researchAndDevelopment": "None", "operatingExpenses": "507600000", "investmentIncomeNet": "None", "netInterestIncome": "-6700000", "interestIncome": "2900000", "interestExpense": "9600000", "nonInterestIncome": "None", "otherNonOperatingIncome": "5000000", "depreciation": "None", "depreciationAndAmortization": "63700000", "incomeBeforeTax": "-172600000", "incomeTaxExpense": "-44900000", "interestAndDebtExpense": "None", "netIncomeFromContinuingOperations": "-127700000", "comprehensiveIncomeNetOfTax": "None", "ebit": "-160300000", "ebitda": "-96600000", "netIncome": "-127700000"}, {"fiscalDateEnding": "2020-03-31", "reportedCurrency": "USD", "grossProfit": "594400000", "totalRevenue": "1274100000", "costOfRevenue": "679700000", "costofGoodsAndServicesSold": "679700000", "operatingIncome": "-283800000", "sellingGeneralAndAdministrative": "524700000", "researchAndDevelopment": "None", "operatingExpenses": "852200000", "investmentIncomeNet": "None", "netInterestIncome": "1100000", "interestIncome": "5900000", "interestExpense": "4800000", "nonInterestIncome": "None", "otherNonOperatingIncome": "1400000", "depreciation": "None", "depreciationAndAmortization": "68500000", "incomeBeforeTax": "-287200000", "incomeTaxExpense": "-38200000", "interestAndDebtExpense": "None", "netIncomeFromContinuingOperations": "-249000000", "comprehensiveIncomeNetOfTax": "None", "ebit": "-277900000", "ebitda": "-209400000", "netIncome": "-249000000"}, {"fiscalDateEnding": "2019-12-31", "reportedCurrency": "USD", "grossProfit": "1089100000", "totalRevenue": "1750700000", "costOfRevenue": "661600000", "costofGoodsAndServicesSold": "661600000", "operatingIncome": "224400000", "sellingGeneralAndAdministrative": "790200000", "researchAndDevelopment": "None", "operatingExpenses": "843300000", "investmentIncomeNet": "None", "netInterestIncome": "3100000", "interestIncome": "7300000", "interestExpense": "4200000", "nonInterestIncome": "None", "otherNonOperatingIncome": "10200000", "depreciation": "None", "depreciationAndAmortization": "68200000", "incomeBeforeTax": "230400000", "incomeTaxExpense": "-103700000", "interestAndDebtExpense": "None", "netIncomeFromContinuingOperations": "334100000", "comprehensiveIncomeNetOfTax": "None", "ebit": "242800000", "ebitda": "311000000", "netIncome": "334100000"}, {"fiscalDateEnding": "2019-09-30", "reportedCurrency": "USD", "grossProfit": "1049000000", "totalRevenue": "1706200000", "costOfRevenue": "657200000", "costofGoodsAndServicesSold": "657200000", "operatingIncome": "233100000", "sellingGeneralAndAdministrative": "743300000", "researchAndDevelopment": "None", "operatingExpenses": "795300000", "investmentIncomeNet": "None", "netInterestIncome": "5200000", "interestIncome": "9600000", "interestExpense": "4400000", "nonInterestIncome": "None", "otherNonOperatingIncome": "7900000", "depreciation": "None", "depreciationAndAmortization": "66600000", "incomeBeforeTax": "236600000", "incomeTaxExpense": "54500000", "interestAndDebtExpense": "None", "netIncomeFromContinuingOperations": "182100000", "comprehensiveIncomeNetOfTax": "None", "ebit": "252700000", "ebitda": "319300000", "netIncome": "182100000"}, {"fiscalDateEnding": "2019-06-30", "reportedCurrency": "USD", "grossProfit": "920800000", "totalRevenue": "1428800000", "costOfRevenue": "508000000", "costofGoodsAndServicesSold": "508000000", "operatingIncome": "143300000", "sellingGeneralAndAdministrative": "700600000", "researchAndDevelopment": "None", "operatingExpenses": "746700000", "investmentIncomeNet": "None", "netInterestIncome": "7400000", "interestIncome": "11600000", "interestExpense": "4200000", "nonInterestIncome": "None", "otherNonOperatingIncome": "7500000", "depreciation": "None", "depreciationAndAmortization": "66200000", "incomeBeforeTax": "146600000", "incomeTaxExpense": "29500000", "interestAndDebtExpense": "None", "netIncomeFromContinuingOperations": "117100000", "comprehensiveIncomeNetOfTax": "None", "ebit": "174700000", "ebitda": "240900000", "netIncome": "117100000"}, {"fiscalDateEnding": "2019-03-31", "reportedCurrency": "USD", "grossProfit": "901500000", "totalRevenue": "1505700000", "costOfRevenue": "604200000", "costofGoodsAndServicesSold": "604200000", "operatingIncome": "27900000", "sellingGeneralAndAdministrative": "486900000", "researchAndDevelopment": "None", "operatingExpenses": "809400000", "investmentIncomeNet": "None", "netInterestIncome": "6200000", "interestIncome": "11300000", "interestExpense": "5100000", "nonInterestIncome": "None", "otherNonOperatingIncome": "12500000", "depreciation": "None", "depreciationAndAmortization": "69300000", "incomeBeforeTax": "35300000", "incomeTaxExpense": "3700000", "interestAndDebtExpense": "None", "netIncomeFromContinuingOperations": "31600000", "comprehensiveIncomeNetOfTax": "None", "ebit": "45500000", "ebitda": "114800000", "netIncome": "31600000"}, {"fiscalDateEnding": "2018-12-31", "reportedCurrency": "USD", "grossProfit": "1059500000", "totalRevenue": "1725800000", "costOfRevenue": "666300000", "costofGoodsAndServicesSold": "666300000", "operatingIncome": "193800000", "sellingGeneralAndAdministrative": "765200000", "researchAndDevelopment": "0", "operatingExpenses": "823400000", "investmentIncomeNet": "None", "netInterestIncome": "None", "interestIncome": "None", "interestExpense": "5200000", "nonInterestIncome": "None", "otherNonOperatingIncome": "10900000", "depreciation": "None", "depreciationAndAmortization": "72000000", "incomeBeforeTax": "199500000", "incomeTaxExpense": "79500000", "interestAndDebtExpense": "None", "netIncomeFromContinuingOperations": "120000000", "comprehensiveIncomeNetOfTax": "None", "ebit": "209500000", "ebitda": "281500000", "netIncome": "120000000"}, {"fiscalDateEnding": "2018-09-30", "reportedCurrency": "USD", "grossProfit": "1029300000", "totalRevenue": "1690900000", "costOfRevenue": "661600000", "costofGoodsAndServicesSold": "661600000", "operatingIncome": "210000000", "sellingGeneralAndAdministrative": "743700000", "researchAndDevelopment": "0", "operatingExpenses": "793600000", "investmentIncomeNet": "None", "netInterestIncome": "None", "interestIncome": "None", "interestExpense": "6000000", "nonInterestIncome": "None", "otherNonOperatingIncome": "10800000", "depreciation": "None", "depreciationAndAmortization": "69700000", "incomeBeforeTax": "214800000", "incomeTaxExpense": "44500000", "interestAndDebtExpense": "None", "netIncomeFromContinuingOperations": "170300000", "comprehensiveIncomeNetOfTax": "None", "ebit": "225600000", "ebitda": "295300000", "netIncome": "170300000"}, {"fiscalDateEnding": "2018-06-30", "reportedCurrency": "USD", "grossProfit": "895700000", "totalRevenue": "1390600000", "costOfRevenue": "494900000", "costofGoodsAndServicesSold": "494900000", "operatingIncome": "130100000", "sellingGeneralAndAdministrative": "697500000", "researchAndDevelopment": "0", "operatingExpenses": "741900000", "investmentIncomeNet": "None", "netInterestIncome": "None", "interestIncome": "None", "interestExpense": "4400000", "nonInterestIncome": "None", "otherNonOperatingIncome": "7200000", "depreciation": "None", "depreciationAndAmortization": "70300000", "incomeBeforeTax": "132900000", "incomeTaxExpense": "23900000", "interestAndDebtExpense": "None", "netIncomeFromContinuingOperations": "109000000", "comprehensiveIncomeNetOfTax": "None", "ebit": "141600000", "ebitda": "211900000", "netIncome": "109000000"}, {"fiscalDateEnding": "2018-03-31", "reportedCurrency": "USD", "grossProfit": "908500000", "totalRevenue": "1529200000", "costOfRevenue": "620700000", "costofGoodsAndServicesSold": "620700000", "operatingIncome": "25400000", "sellingGeneralAndAdministrative": "536700000", "researchAndDevelopment": "0", "operatingExpenses": "828600000", "investmentIncomeNet": "None", "netInterestIncome": "None", "interestIncome": "None", "interestExpense": "3800000", "nonInterestIncome": "None", "otherNonOperatingIncome": "3300000", "depreciation": "None", "depreciationAndAmortization": "75800000", "incomeBeforeTax": "24900000", "incomeTaxExpense": "-16400000", "interestAndDebtExpense": "None", "netIncomeFromContinuingOperations": "41300000", "comprehensiveIncomeNetOfTax": "None", "ebit": "28700000", "ebitda": "104500000", "netIncome": "41300000"}, {"fiscalDateEnding": "2017-12-31", "reportedCurrency": "USD", "grossProfit": "996200000", "totalRevenue": "1641800000", "costOfRevenue": "645600000", "costofGoodsAndServicesSold": "645600000", "operatingIncome": "189200000", "sellingGeneralAndAdministrative": "722400000", "researchAndDevelopment": "0", "operatingExpenses": "779800000", "investmentIncomeNet": "None", "netInterestIncome": "None", "interestIncome": "None", "interestExpense": "4800000", "nonInterestIncome": "None", "otherNonOperatingIncome": "1900000", "depreciation": "None", "depreciationAndAmortization": "72700000", "incomeBeforeTax": "186300000", "incomeTaxExpense": "268100000", "interestAndDebtExpense": "None", "netIncomeFromContinuingOperations": "-81800000", "comprehensiveIncomeNetOfTax": "None", "ebit": "191100000", "ebitda": "263800000", "netIncome": "-81800000"}, {"fiscalDateEnding": "2017-09-30", "reportedCurrency": "USD", "grossProfit": "995800000", "totalRevenue": "1664200000", "costOfRevenue": "668400000", "costofGoodsAndServicesSold": "668400000", "operatingIncome": "193300000", "sellingGeneralAndAdministrative": "718900000", "researchAndDevelopment": "0", "operatingExpenses": "772700000", "investmentIncomeNet": "None", "netInterestIncome": "None", "interestIncome": "None", "interestExpense": "4600000", "nonInterestIncome": "None", "otherNonOperatingIncome": "2500000", "depreciation": "None", "depreciationAndAmortization": "73800000", "incomeBeforeTax": "191200000", "incomeTaxExpense": "47400000", "interestAndDebtExpense": "None", "netIncomeFromContinuingOperations": "143800000", "comprehensiveIncomeNetOfTax": "None", "ebit": "195800000", "ebitda": "269600000", "netIncome": "143800000"}, {"fiscalDateEnding": "2017-06-30", "reportedCurrency": "USD", "grossProfit": "851200000", "totalRevenue": "1347100000", "costOfRevenue": "495900000", "costofGoodsAndServicesSold": "495900000", "operatingIncome": "90300000", "sellingGeneralAndAdministrative": "663900000", "researchAndDevelopment": "0", "operatingExpenses": "714400000", "investmentIncomeNet": "None", "netInterestIncome": "None", "interestIncome": "None", "interestExpense": "5000000", "nonInterestIncome": "None", "otherNonOperatingIncome": "1500000", "depreciation": "None", "depreciationAndAmortization": "72900000", "incomeBeforeTax": "86800000", "incomeTaxExpense": "27300000", "interestAndDebtExpense": "None", "netIncomeFromContinuingOperations": "59500000", "comprehensiveIncomeNetOfTax": "None", "ebit": "137500000", "ebitda": "210400000", "netIncome": "59500000"}, {"fiscalDateEnding": "2017-03-31", "reportedCurrency": "USD", "grossProfit": "819100000", "totalRevenue": "1565800000", "costOfRevenue": "746700000", "costofGoodsAndServicesSold": "746700000", "operatingIncome": "-267800000", "sellingGeneralAndAdministrative": "326600000", "researchAndDevelopment": "0", "operatingExpenses": "765500000", "investmentIncomeNet": "None", "netInterestIncome": "None", "interestIncome": "None", "interestExpense": "1400000", "nonInterestIncome": "None", "otherNonOperatingIncome": "300000", "depreciation": "None", "depreciationAndAmortization": "75500000", "incomeBeforeTax": "-268900000", "incomeTaxExpense": "-64600000", "interestAndDebtExpense": "None", "netIncomeFromContinuingOperations": "-204300000", "comprehensiveIncomeNetOfTax": "None", "ebit": "-274700000", "ebitda": "-199200000", "netIncome": "-204300000"}, {"fiscalDateEnding": "2016-12-31", "reportedCurrency": "USD", "grossProfit": "983000000", "totalRevenue": "1714000000", "costOfRevenue": "731000000", "costofGoodsAndServicesSold": "731000000", "operatingIncome": "128000000", "sellingGeneralAndAdministrative": "772000000", "researchAndDevelopment": "0", "operatingExpenses": "778000000", "investmentIncomeNet": "None", "netInterestIncome": "None", "interestIncome": "None", "interestExpense": "4000000", "nonInterestIncome": "None", "otherNonOperatingIncome": "None", "depreciation": "None", "depreciationAndAmortization": "6000000", "incomeBeforeTax": "124000000", "incomeTaxExpense": "42000000", "interestAndDebtExpense": "None", "netIncomeFromContinuingOperations": "82000000", "comprehensiveIncomeNetOfTax": "None", "ebit": "291600000", "ebitda": "297600000", "netIncome": "82000000"}, {"fiscalDateEnding": "2016-09-30", "reportedCurrency": "USD", "grossProfit": "954000000", "totalRevenue": "1821000000", "costOfRevenue": "867000000", "costofGoodsAndServicesSold": "867000000", "operatingIncome": "76000000", "sellingGeneralAndAdministrative": "733000000", "researchAndDevelopment": "0", "operatingExpenses": "809000000", "investmentIncomeNet": "None", "netInterestIncome": "None", "interestIncome": "None", "interestExpense": "4000000", "nonInterestIncome": "None", "otherNonOperatingIncome": "1000000", "depreciation": "None", "depreciationAndAmortization": "76000000", "incomeBeforeTax": "73000000", "incomeTaxExpense": "28000000", "interestAndDebtExpense": "None", "netIncomeFromContinuingOperations": "45000000", "comprehensiveIncomeNetOfTax": "None", "ebit": "145000000", "ebitda": "221000000", "netIncome": "45000000"}, {"fiscalDateEnding": "2016-06-30", "reportedCurrency": "USD", "grossProfit": "895000000", "totalRevenue": "1552000000", "costOfRevenue": "657000000", "costofGoodsAndServicesSold": "657000000", "operatingIncome": "-31000000", "sellingGeneralAndAdministrative": "743000000", "researchAndDevelopment": "0", "operatingExpenses": "821000000", "investmentIncomeNet": "None", "netInterestIncome": "None", "interestIncome": "None", "interestExpense": "3000000", "nonInterestIncome": "None", "otherNonOperatingIncome": "1000000", "depreciation": "None", "depreciationAndAmortization": "6000000", "incomeBeforeTax": "-33000000", "incomeTaxExpense": "-11000000", "interestAndDebtExpense": "None", "netIncomeFromContinuingOperations": "-22000000", "comprehensiveIncomeNetOfTax": "None", "ebit": "-37000000", "ebitda": "-31000000", "netIncome": "-22000000"}, {"fiscalDateEnding": "2016-03-31", "reportedCurrency": "USD", "grossProfit": "1014000000", "totalRevenue": "1871000000", "costOfRevenue": "857000000", "costofGoodsAndServicesSold": "857000000", "operatingIncome": "67000000", "sellingGeneralAndAdministrative": "615000000", "researchAndDevelopment": "0", "operatingExpenses": "902000000", "investmentIncomeNet": "None", "netInterestIncome": "None", "interestIncome": "None", "interestExpense": "7000000", "nonInterestIncome": "None", "otherNonOperatingIncome": "2000000", "depreciation": "None", "depreciationAndAmortization": "7000000", "incomeBeforeTax": "62000000", "incomeTaxExpense": "21000000", "interestAndDebtExpense": "None", "netIncomeFromContinuingOperations": "41000000", "comprehensiveIncomeNetOfTax": "None", "ebit": "145000000", "ebitda": "152000000", "netIncome": "41000000"}, {"fiscalDateEnding": "2015-12-31", "reportedCurrency": "USD", "grossProfit": "1094000000", "totalRevenue": "1946000000", "costOfRevenue": "852000000", "costofGoodsAndServicesSold": "852000000", "operatingIncome": "189000000", "sellingGeneralAndAdministrative": "762000000", "researchAndDevelopment": "0", "operatingExpenses": "838000000", "investmentIncomeNet": "None", "netInterestIncome": "None", "interestIncome": "None", "interestExpense": "6000000", "nonInterestIncome": "None", "otherNonOperatingIncome": "-2000000", "depreciation": "None", "depreciationAndAmortization": "76000000", "incomeBeforeTax": "181000000", "incomeTaxExpense": "50000000", "interestAndDebtExpense": "None", "netIncomeFromContinuingOperations": "131000000", "comprehensiveIncomeNetOfTax": "None", "ebit": "232000000", "ebitda": "308000000", "netIncome": "131000000"}, {"fiscalDateEnding": "2015-09-30", "reportedCurrency": "USD", "grossProfit": "1113000000", "totalRevenue": "1970000000", "costOfRevenue": "857000000", "costofGoodsAndServicesSold": "857000000", "operatingIncome": "230000000", "sellingGeneralAndAdministrative": "768000000", "researchAndDevelopment": "0", "operatingExpenses": "845000000", "investmentIncomeNet": "None", "netInterestIncome": "None", "interestIncome": "None", "interestExpense": "4000000", "nonInterestIncome": "None", "otherNonOperatingIncome": "-7000000", "depreciation": "None", "depreciationAndAmortization": "77000000", "incomeBeforeTax": "219000000", "incomeTaxExpense": "59000000", "interestAndDebtExpense": "None", "netIncomeFromContinuingOperations": "160000000", "comprehensiveIncomeNetOfTax": "None", "ebit": "268000000", "ebitda": "345000000", "netIncome": "160000000"}, {"fiscalDateEnding": "2015-06-30", "reportedCurrency": "USD", "grossProfit": "966000000", "totalRevenue": "1618000000", "costOfRevenue": "652000000", "costofGoodsAndServicesSold": "652000000", "operatingIncome": "96000000", "sellingGeneralAndAdministrative": "754000000", "researchAndDevelopment": "0", "operatingExpenses": "828000000", "investmentIncomeNet": "None", "netInterestIncome": "None", "interestIncome": "None", "interestExpense": "4000000", "nonInterestIncome": "None", "otherNonOperatingIncome": "-2000000", "depreciation": "None", "depreciationAndAmortization": "6000000", "incomeBeforeTax": "90000000", "incomeTaxExpense": "26000000", "interestAndDebtExpense": "None", "netIncomeFromContinuingOperations": "64000000", "comprehensiveIncomeNetOfTax": "None", "ebit": "209000000", "ebitda": "215000000", "netIncome": "64000000"}, {"fiscalDateEnding": "2015-03-31", "reportedCurrency": "USD", "grossProfit": "1044000000", "totalRevenue": "1885000000", "costOfRevenue": "841000000", "costofGoodsAndServicesSold": "841000000", "operatingIncome": "190000000", "sellingGeneralAndAdministrative": "565000000", "researchAndDevelopment": "0", "operatingExpenses": "846000000", "investmentIncomeNet": "None", "netInterestIncome": "None", "interestIncome": "None", "interestExpense": "5000000", "nonInterestIncome": "None", "otherNonOperatingIncome": "-12000000", "depreciation": "None", "depreciationAndAmortization": "6000000", "incomeBeforeTax": "173000000", "incomeTaxExpense": "49000000", "interestAndDebtExpense": "None", "netIncomeFromContinuingOperations": "124000000", "comprehensiveIncomeNetOfTax": "None", "ebit": "198000000", "ebitda": "204000000", "netIncome": "124000000"}, {"fiscalDateEnding": "2014-12-31", "reportedCurrency": "USD", "grossProfit": "1159000000", "totalRevenue": "2033000000", "costOfRevenue": "874000000", "costofGoodsAndServicesSold": "874000000", "operatingIncome": "315000000", "sellingGeneralAndAdministrative": "765000000", "researchAndDevelopment": "0", "operatingExpenses": "843000000", "investmentIncomeNet": "None", "netInterestIncome": "None", "interestIncome": "None", "interestExpense": "3000000", "nonInterestIncome": "None", "otherNonOperatingIncome": "-11000000", "depreciation": "None", "depreciationAndAmortization": "78000000", "incomeBeforeTax": "301000000", "incomeTaxExpense": "86000000", "interestAndDebtExpense": "None", "netIncomeFromContinuingOperations": "215000000", "comprehensiveIncomeNetOfTax": "None", "ebit": "316000000", "ebitda": "394000000", "netIncome": "215000000"}, {"fiscalDateEnding": "2014-09-30", "reportedCurrency": "USD", "grossProfit": "1132000000", "totalRevenue": "1994000000", "costOfRevenue": "862000000", "costofGoodsAndServicesSold": "862000000", "operatingIncome": "286000000", "sellingGeneralAndAdministrative": "772000000", "researchAndDevelopment": "0", "operatingExpenses": "844000000", "investmentIncomeNet": "None", "netInterestIncome": "None", "interestIncome": "None", "interestExpense": "5000000", "nonInterestIncome": "None", "otherNonOperatingIncome": "-3000000", "depreciation": "None", "depreciationAndAmortization": "7000000", "incomeBeforeTax": "278000000", "incomeTaxExpense": "77000000", "interestAndDebtExpense": "None", "netIncomeFromContinuingOperations": "201000000", "comprehensiveIncomeNetOfTax": "None", "ebit": "354000000", "ebitda": "361000000", "netIncome": "201000000"}, {"fiscalDateEnding": "2014-06-30", "reportedCurrency": "USD", "grossProfit": "1043000000", "totalRevenue": "1708000000", "costOfRevenue": "665000000", "costofGoodsAndServicesSold": "665000000", "operatingIncome": "244000000", "sellingGeneralAndAdministrative": "726000000", "researchAndDevelopment": "0", "operatingExpenses": "795000000", "investmentIncomeNet": "None", "netInterestIncome": "None", "interestIncome": "None", "interestExpense": "4000000", "nonInterestIncome": "None", "otherNonOperatingIncome": "-5000000", "depreciation": "None", "depreciationAndAmortization": "6000000", "incomeBeforeTax": "235000000", "incomeTaxExpense": "73000000", "interestAndDebtExpense": "None", "netIncomeFromContinuingOperations": "162000000", "comprehensiveIncomeNetOfTax": "None", "ebit": "312000000", "ebitda": "318000000", "netIncome": "162000000"}, {"fiscalDateEnding": "2014-03-31", "reportedCurrency": "USD", "grossProfit": "1050000000", "totalRevenue": "1867000000", "costOfRevenue": "817000000", "costofGoodsAndServicesSold": "817000000", "operatingIncome": "225000000", "sellingGeneralAndAdministrative": "559000000", "researchAndDevelopment": "0", "operatingExpenses": "822000000", "investmentIncomeNet": "None", "netInterestIncome": "None", "interestIncome": "None", "interestExpense": "5000000", "nonInterestIncome": "None", "otherNonOperatingIncome": "-2000000", "depreciation": "None", "depreciationAndAmortization": "7000000", "incomeBeforeTax": "219000000", "incomeTaxExpense": "66000000", "interestAndDebtExpense": "None", "netIncomeFromContinuingOperations": "153000000", "comprehensiveIncomeNetOfTax": "None", "ebit": "286000000", "ebitda": "293000000", "netIncome": "153000000"}, {"fiscalDateEnding": "2013-12-31", "reportedCurrency": "USD", "grossProfit": "1172000000", "totalRevenue": "2015000000", "costOfRevenue": "843000000", "costofGoodsAndServicesSold": "843000000", "operatingIncome": "334000000", "sellingGeneralAndAdministrative": "757000000", "researchAndDevelopment": "0", "operatingExpenses": "824000000", "investmentIncomeNet": "None", "netInterestIncome": "None", "interestIncome": "None", "interestExpense": "4000000", "nonInterestIncome": "None", "otherNonOperatingIncome": "-6000000", "depreciation": "None", "depreciationAndAmortization": "67000000", "incomeBeforeTax": "324000000", "incomeTaxExpense": "87000000", "interestAndDebtExpense": "None", "netIncomeFromContinuingOperations": "237000000", "comprehensiveIncomeNetOfTax": "None", "ebit": "338000000", "ebitda": "405000000", "netIncome": "237000000"}, {"fiscalDateEnding": "2013-09-30", "reportedCurrency": "USD", "grossProfit": "1084000000", "totalRevenue": "1915000000", "costOfRevenue": "831000000", "costofGoodsAndServicesSold": "831000000", "operatingIncome": "295000000", "sellingGeneralAndAdministrative": "723000000", "researchAndDevelopment": "0", "operatingExpenses": "789000000", "investmentIncomeNet": "None", "netInterestIncome": "None", "interestIncome": "None", "interestExpense": "7000000", "nonInterestIncome": "None", "otherNonOperatingIncome": "None", "depreciation": "None", "depreciationAndAmortization": "66000000", "incomeBeforeTax": "288000000", "incomeTaxExpense": "83000000", "interestAndDebtExpense": "None", "netIncomeFromContinuingOperations": "205000000", "comprehensiveIncomeNetOfTax": "None", "ebit": "295000000", "ebitda": "361000000", "netIncome": "205000000"}, {"fiscalDateEnding": "2013-06-30", "reportedCurrency": "USD", "grossProfit": "1004000000", "totalRevenue": "1653000000", "costOfRevenue": "649000000", "costofGoodsAndServicesSold": "649000000", "operatingIncome": "276000000", "sellingGeneralAndAdministrative": "684000000", "researchAndDevelopment": "0", "operatingExpenses": "744000000", "investmentIncomeNet": "None", "netInterestIncome": "None", "interestIncome": "None", "interestExpense": "5000000", "nonInterestIncome": "None", "otherNonOperatingIncome": "-6000000", "depreciation": "None", "depreciationAndAmortization": "9000000", "incomeBeforeTax": "265000000", "incomeTaxExpense": "84000000", "interestAndDebtExpense": "None", "netIncomeFromContinuingOperations": "181000000", "comprehensiveIncomeNetOfTax": "None", "ebit": "321000000", "ebitda": "330000000", "netIncome": "181000000"}, {"fiscalDateEnding": "2013-03-31", "reportedCurrency": "USD", "grossProfit": "974300000", "totalRevenue": "1643300000", "costOfRevenue": "669000000", "costofGoodsAndServicesSold": "669000000", "operatingIncome": "182000000", "sellingGeneralAndAdministrative": "553900000", "researchAndDevelopment": "0", "operatingExpenses": "777400000", "investmentIncomeNet": "None", "netInterestIncome": "None", "interestIncome": "None", "interestExpense": "5600000", "nonInterestIncome": "None", "otherNonOperatingIncome": "-7800000", "depreciation": "None", "depreciationAndAmortization": "58300000", "incomeBeforeTax": "168600000", "incomeTaxExpense": "41400000", "interestAndDebtExpense": "None", "netIncomeFromContinuingOperations": "127200000", "comprehensiveIncomeNetOfTax": "None", "ebit": "174200000", "ebitda": "232500000", "netIncome": "127200000"}, {"fiscalDateEnding": "2012-12-31", "reportedCurrency": "USD", "grossProfit": "1094100000", "totalRevenue": "1846100000", "costOfRevenue": "752000000", "costofGoodsAndServicesSold": "752000000", "operatingIncome": "304400000", "sellingGeneralAndAdministrative": "715100000", "researchAndDevelopment": "0", "operatingExpenses": "775700000", "investmentIncomeNet": "None", "netInterestIncome": "None", "interestIncome": "None", "interestExpense": "5600000", "nonInterestIncome": "None", "otherNonOperatingIncome": "-4200000", "depreciation": "None", "depreciationAndAmortization": "6800000", "incomeBeforeTax": "294600000", "incomeTaxExpense": "78900000", "interestAndDebtExpense": "None", "netIncomeFromContinuingOperations": "215700000", "comprehensiveIncomeNetOfTax": "None", "ebit": "354200000", "ebitda": "361000000", "netIncome": "215700000"}, {"fiscalDateEnding": "2012-09-30", "reportedCurrency": "USD", "grossProfit": "1095300000", "totalRevenue": "1862000000", "costOfRevenue": "766700000", "costofGoodsAndServicesSold": "766700000", "operatingIncome": "348300000", "sellingGeneralAndAdministrative": "689700000", "researchAndDevelopment": "0", "operatingExpenses": "747000000", "investmentIncomeNet": "None", "netInterestIncome": "None", "interestIncome": "None", "interestExpense": "5400000", "nonInterestIncome": "None", "otherNonOperatingIncome": "-700000", "depreciation": "None", "depreciationAndAmortization": "57300000", "incomeBeforeTax": "342200000", "incomeTaxExpense": "128500000", "interestAndDebtExpense": "None", "netIncomeFromContinuingOperations": "213700000", "comprehensiveIncomeNetOfTax": "None", "ebit": "347700000", "ebitda": "405000000", "netIncome": "213700000"}, {"fiscalDateEnding": "2012-06-30", "reportedCurrency": "USD", "grossProfit": "992100000", "totalRevenue": "1593400000", "costOfRevenue": "601300000", "costofGoodsAndServicesSold": "601300000", "operatingIncome": "292000000", "sellingGeneralAndAdministrative": "693400000", "researchAndDevelopment": "0", "operatingExpenses": "700100000", "investmentIncomeNet": "None", "netInterestIncome": "None", "interestIncome": "None", "interestExpense": "5500000", "nonInterestIncome": "None", "otherNonOperatingIncome": "-2600000", "depreciation": "None", "depreciationAndAmortization": "6700000", "incomeBeforeTax": "283900000", "incomeTaxExpense": "90500000", "interestAndDebtExpense": "None", "netIncomeFromContinuingOperations": "193400000", "comprehensiveIncomeNetOfTax": "None", "ebit": "338300000", "ebitda": "345000000", "netIncome": "193400000"}, {"fiscalDateEnding": "2012-03-31", "reportedCurrency": "USD", "grossProfit": "926400000", "totalRevenue": "1622900000", "costOfRevenue": "696500000", "costofGoodsAndServicesSold": "696500000", "operatingIncome": "136400000", "sellingGeneralAndAdministrative": "768300000", "researchAndDevelopment": "0", "operatingExpenses": "775400000", "investmentIncomeNet": "None", "netInterestIncome": "None", "interestIncome": "None", "interestExpense": "5700000", "nonInterestIncome": "None", "otherNonOperatingIncome": "6900000", "depreciation": "None", "depreciationAndAmortization": "57000000", "incomeBeforeTax": "131000000", "incomeTaxExpense": "36600000", "interestAndDebtExpense": "None", "netIncomeFromContinuingOperations": "98600000", "comprehensiveIncomeNetOfTax": "None", "ebit": "136700000", "ebitda": "193700000", "netIncome": "94400000"}, {"fiscalDateEnding": "2011-12-31", "reportedCurrency": "USD", "grossProfit": "1031600000", "totalRevenue": "1805600000", "costOfRevenue": "774000000", "costofGoodsAndServicesSold": "774000000", "operatingIncome": "270100000", "sellingGeneralAndAdministrative": "754300000", "researchAndDevelopment": "0", "operatingExpenses": "761500000", "investmentIncomeNet": "None", "netInterestIncome": "None", "interestIncome": "None", "interestExpense": "6300000", "nonInterestIncome": "None", "otherNonOperatingIncome": "-1700000", "depreciation": "None", "depreciationAndAmortization": "56800000", "incomeBeforeTax": "262100000", "incomeTaxExpense": "93100000", "interestAndDebtExpense": "None", "netIncomeFromContinuingOperations": "169000000", "comprehensiveIncomeNetOfTax": "None", "ebit": "268400000", "ebitda": "325200000", "netIncome": "169000000"}, {"fiscalDateEnding": "2011-09-30", "reportedCurrency": "USD", "grossProfit": "1078600000", "totalRevenue": "1904600000", "costOfRevenue": "826000000", "costofGoodsAndServicesSold": "826000000", "operatingIncome": "350800000", "sellingGeneralAndAdministrative": "671800000", "researchAndDevelopment": "0", "operatingExpenses": "727800000", "investmentIncomeNet": "None", "netInterestIncome": "None", "interestIncome": "None", "interestExpense": "6400000", "nonInterestIncome": "None", "otherNonOperatingIncome": "700000", "depreciation": "None", "depreciationAndAmortization": "56000000", "incomeBeforeTax": "347500000", "incomeTaxExpense": "114000000", "interestAndDebtExpense": "None", "netIncomeFromContinuingOperations": "233500000", "comprehensiveIncomeNetOfTax": "None", "ebit": "353900000", "ebitda": "409900000", "netIncome": "233500000"}, {"fiscalDateEnding": "2011-06-30", "reportedCurrency": "USD", "grossProfit": "961500000", "totalRevenue": "1526400000", "costOfRevenue": "564900000", "costofGoodsAndServicesSold": "564900000", "operatingIncome": "282100000", "sellingGeneralAndAdministrative": "624000000", "researchAndDevelopment": "0", "operatingExpenses": "679400000", "investmentIncomeNet": "None", "netInterestIncome": "None", "interestIncome": "None", "interestExpense": "6100000", "nonInterestIncome": "None", "otherNonOperatingIncome": "-5700000", "depreciation": "None", "depreciationAndAmortization": "55400000", "incomeBeforeTax": "274500000", "incomeTaxExpense": "90400000", "interestAndDebtExpense": "None", "netIncomeFromContinuingOperations": "179900000", "comprehensiveIncomeNetOfTax": "None", "ebit": "280600000", "ebitda": "336000000", "netIncome": "184100000"}, {"fiscalDateEnding": "2011-03-31", "reportedCurrency": "USD", "grossProfit": "810300000", "totalRevenue": "1426900000", "costOfRevenue": "616600000", "costofGoodsAndServicesSold": "616600000", "operatingIncome": "117200000", "sellingGeneralAndAdministrative": "638100000", "researchAndDevelopment": "0", "operatingExpenses": "689400000", "investmentIncomeNet": "None", "netInterestIncome": "None", "interestIncome": "None", "interestExpense": "5100000", "nonInterestIncome": "None", "otherNonOperatingIncome": "-3100000", "depreciation": "None", "depreciationAndAmortization": "6900000", "incomeBeforeTax": "111500000", "incomeTaxExpense": "38300000", "interestAndDebtExpense": "None", "netIncomeFromContinuingOperations": "70700000", "comprehensiveIncomeNetOfTax": "None", "ebit": "161000000", "ebitda": "167900000", "netIncome": "73200000"}, {"fiscalDateEnding": "2010-12-31", "reportedCurrency": "USD", "grossProfit": "907900000", "totalRevenue": "1548000000", "costOfRevenue": "640100000", "costofGoodsAndServicesSold": "640100000", "operatingIncome": "246300000", "sellingGeneralAndAdministrative": "611300000", "researchAndDevelopment": "0", "operatingExpenses": "661700000", "investmentIncomeNet": "None", "netInterestIncome": "None", "interestIncome": "None", "interestExpense": "4300000", "nonInterestIncome": "None", "otherNonOperatingIncome": "-5400000", "depreciation": "None", "depreciationAndAmortization": "50400000", "incomeBeforeTax": "238400000", "incomeTaxExpense": "70000000", "interestAndDebtExpense": "None", "netIncomeFromContinuingOperations": "166600000", "comprehensiveIncomeNetOfTax": "None", "ebit": "242700000", "ebitda": "293100000", "netIncome": "168400000"}, {"fiscalDateEnding": "2010-09-30", "reportedCurrency": "USD", "grossProfit": "887900000", "totalRevenue": "1532100000", "costOfRevenue": "644200000", "costofGoodsAndServicesSold": "644200000", "operatingIncome": "307400000", "sellingGeneralAndAdministrative": "532700000", "researchAndDevelopment": "0", "operatingExpenses": "579100000", "investmentIncomeNet": "None", "netInterestIncome": "None", "interestIncome": "None", "interestExpense": "4400000", "nonInterestIncome": "None", "otherNonOperatingIncome": "1400000", "depreciation": "None", "depreciationAndAmortization": "46400000", "incomeBeforeTax": "306000000", "incomeTaxExpense": "100800000", "interestAndDebtExpense": "None", "netIncomeFromContinuingOperations": "203600000", "comprehensiveIncomeNetOfTax": "None", "ebit": "310400000", "ebitda": "356800000", "netIncome": "205200000"}, {"fiscalDateEnding": "2010-06-30", "reportedCurrency": "USD", "grossProfit": "712200000", "totalRevenue": "1153300000", "costOfRevenue": "441100000", "costofGoodsAndServicesSold": "441100000", "operatingIncome": "174200000", "sellingGeneralAndAdministrative": "491900000", "researchAndDevelopment": "0", "operatingExpenses": "537900000", "investmentIncomeNet": "None", "netInterestIncome": "None", "interestIncome": "None", "interestExpense": "4500000", "nonInterestIncome": "None", "otherNonOperatingIncome": "-2000000", "depreciation": "None", "depreciationAndAmortization": "6000000", "incomeBeforeTax": "169500000", "incomeTaxExpense": "48700000", "interestAndDebtExpense": "None", "netIncomeFromContinuingOperations": "119000000", "comprehensiveIncomeNetOfTax": "None", "ebit": "214000000", "ebitda": "220000000", "netIncome": "120800000"}, {"fiscalDateEnding": "2010-03-31", "reportedCurrency": "USD", "grossProfit": "789400000", "totalRevenue": "1337100000", "costOfRevenue": "547700000", "costofGoodsAndServicesSold": "547700000", "operatingIncome": "171800000", "sellingGeneralAndAdministrative": "612000000", "researchAndDevelopment": "0", "operatingExpenses": "618000000", "investmentIncomeNet": "None", "netInterestIncome": "None", "interestIncome": "None", "interestExpense": "5400000", "nonInterestIncome": "None", "otherNonOperatingIncome": "None", "depreciation": "None", "depreciationAndAmortization": "47700000", "incomeBeforeTax": "167400000", "incomeTaxExpense": "53300000", "interestAndDebtExpense": "None", "netIncomeFromContinuingOperations": "0", "comprehensiveIncomeNetOfTax": "None", "ebit": "172800000", "ebitda": "220500000", "netIncome": "114100000"}, {"fiscalDateEnding": "2009-12-31", "reportedCurrency": "USD", "grossProfit": "723700000", "totalRevenue": "1243900000", "costOfRevenue": "520200000", "costofGoodsAndServicesSold": "520200000", "operatingIncome": "172500000", "sellingGeneralAndAdministrative": "540400000", "researchAndDevelopment": "0", "operatingExpenses": "545700000", "investmentIncomeNet": "None", "netInterestIncome": "None", "interestIncome": "None", "interestExpense": "4600000", "nonInterestIncome": "None", "otherNonOperatingIncome": "None", "depreciation": "None", "depreciationAndAmortization": "5300000", "incomeBeforeTax": "165500000", "incomeTaxExpense": "54400000", "interestAndDebtExpense": "None", "netIncomeFromContinuingOperations": "0", "comprehensiveIncomeNetOfTax": "None", "ebit": "208900000", "ebitda": "214200000", "netIncome": "111100000"}, {"fiscalDateEnding": "2009-09-30", "reportedCurrency": "USD", "grossProfit": "784800000", "totalRevenue": "1374200000", "costOfRevenue": "589400000", "costofGoodsAndServicesSold": "589400000", "operatingIncome": "245900000", "sellingGeneralAndAdministrative": "525700000", "researchAndDevelopment": "0", "operatingExpenses": "530900000", "investmentIncomeNet": "None", "netInterestIncome": "None", "interestIncome": "None", "interestExpense": "5600000", "nonInterestIncome": "None", "otherNonOperatingIncome": "None", "depreciation": "None", "depreciationAndAmortization": "5200000", "incomeBeforeTax": "242300000", "incomeTaxExpense": "64800000", "interestAndDebtExpense": "None", "netIncomeFromContinuingOperations": "0", "comprehensiveIncomeNetOfTax": "None", "ebit": "258500000", "ebitda": "263700000", "netIncome": "177500000"}, {"fiscalDateEnding": "2009-06-30", "reportedCurrency": "USD", "grossProfit": "601200000", "totalRevenue": "1023700000", "costOfRevenue": "422500000", "costofGoodsAndServicesSold": "422500000", "operatingIncome": "116700000", "sellingGeneralAndAdministrative": "478900000", "researchAndDevelopment": "0", "operatingExpenses": "484100000", "investmentIncomeNet": "None", "netInterestIncome": "None", "interestIncome": "None", "interestExpense": "6600000", "nonInterestIncome": "None", "otherNonOperatingIncome": "None", "depreciation": "None", "depreciationAndAmortization": "44300000", "incomeBeforeTax": "114100000", "incomeTaxExpense": "37300000", "interestAndDebtExpense": "None", "netIncomeFromContinuingOperations": "0", "comprehensiveIncomeNetOfTax": "None", "ebit": "120700000", "ebitda": "165000000", "netIncome": "76800000"}, {"fiscalDateEnding": "2009-03-31", "reportedCurrency": "USD", "grossProfit": "634400000", "totalRevenue": "1224400000", "costOfRevenue": "590000000", "costofGoodsAndServicesSold": "590000000", "operatingIncome": "39400000", "sellingGeneralAndAdministrative": "520700000", "researchAndDevelopment": "0", "operatingExpenses": "517500000", "investmentIncomeNet": "None", "netInterestIncome": "None", "interestIncome": "None", "interestExpense": "84200000", "nonInterestIncome": "None", "otherNonOperatingIncome": "None", "depreciation": "None", "depreciationAndAmortization": "46400000", "incomeBeforeTax": "38600000", "incomeTaxExpense": "-5900000", "interestAndDebtExpense": "None", "netIncomeFromContinuingOperations": "0", "comprehensiveIncomeNetOfTax": "None", "ebit": "56500000", "ebitda": "102900000", "netIncome": "44500000"}, {"fiscalDateEnding": "2008-12-31", "reportedCurrency": "USD", "grossProfit": "669700000", "totalRevenue": "1252000000", "costOfRevenue": "582300000", "costofGoodsAndServicesSold": "582300000", "operatingIncome": "166600000", "sellingGeneralAndAdministrative": "496500000", "researchAndDevelopment": "0", "operatingExpenses": "501600000", "investmentIncomeNet": "None", "netInterestIncome": "None", "interestIncome": "None", "interestExpense": "16900000", "nonInterestIncome": "None", "otherNonOperatingIncome": "None", "depreciation": "None", "depreciationAndAmortization": "44900000", "incomeBeforeTax": "158100000", "incomeTaxExpense": "52800000", "interestAndDebtExpense": "None", "netIncomeFromContinuingOperations": "0", "comprehensiveIncomeNetOfTax": "None", "ebit": "165500000", "ebitda": "210400000", "netIncome": "105300000"}, {"fiscalDateEnding": "2008-09-30", "reportedCurrency": "USD", "grossProfit": "788200000", "totalRevenue": "1428900000", "costOfRevenue": "640700000", "costofGoodsAndServicesSold": "640700000", "operatingIncome": "242900000", "sellingGeneralAndAdministrative": "532300000", "researchAndDevelopment": "0", "operatingExpenses": "545300000", "investmentIncomeNet": "None", "netInterestIncome": "None", "interestIncome": "None", "interestExpense": "2700000", "nonInterestIncome": "None", "otherNonOperatingIncome": "None", "depreciation": "None", "depreciationAndAmortization": "47000000", "incomeBeforeTax": "244600000", "incomeTaxExpense": "83600000", "interestAndDebtExpense": "None", "netIncomeFromContinuingOperations": "0", "comprehensiveIncomeNetOfTax": "None", "ebit": "250700000", "ebitda": "297700000", "netIncome": "161000000"}, {"fiscalDateEnding": "2008-06-30", "reportedCurrency": "USD", "grossProfit": "638400000", "totalRevenue": "1113600000", "costOfRevenue": "475200000", "costofGoodsAndServicesSold": "475200000", "operatingIncome": "146600000", "sellingGeneralAndAdministrative": "486500000", "researchAndDevelopment": "0", "operatingExpenses": "491800000", "investmentIncomeNet": "None", "netInterestIncome": "None", "interestIncome": "None", "interestExpense": "300000", "nonInterestIncome": "None", "otherNonOperatingIncome": "None", "depreciation": "None", "depreciationAndAmortization": "46100000", "incomeBeforeTax": "146200000", "incomeTaxExpense": "51000000", "interestAndDebtExpense": "None", "netIncomeFromContinuingOperations": "0", "comprehensiveIncomeNetOfTax": "None", "ebit": "153200000", "ebitda": "199300000", "netIncome": "95200000"}, {"fiscalDateEnding": "2008-03-31", "reportedCurrency": "USD", "grossProfit": "674300000", "totalRevenue": "1240900000", "costOfRevenue": "566600000", "costofGoodsAndServicesSold": "566600000", "operatingIncome": "144200000", "sellingGeneralAndAdministrative": "513600000", "researchAndDevelopment": "0", "operatingExpenses": "530100000", "investmentIncomeNet": "None", "netInterestIncome": "None", "interestIncome": "None", "interestExpense": "8100000", "nonInterestIncome": "None", "otherNonOperatingIncome": "None", "depreciation": "None", "depreciationAndAmortization": "53700000", "incomeBeforeTax": "143200000", "incomeTaxExpense": "39700000", "interestAndDebtExpense": "None", "netIncomeFromContinuingOperations": "0", "comprehensiveIncomeNetOfTax": "None", "ebit": "144200000", "ebitda": "197900000", "netIncome": "103500000"}, {"fiscalDateEnding": "2007-12-31", "reportedCurrency": "USD", "grossProfit": "676500000", "totalRevenue": "1269800000", "costOfRevenue": "593300000", "costofGoodsAndServicesSold": "593300000", "operatingIncome": "170700000", "sellingGeneralAndAdministrative": "492200000", "researchAndDevelopment": "0", "operatingExpenses": "505800000", "investmentIncomeNet": "None", "netInterestIncome": "None", "interestIncome": "None", "interestExpense": "9400000", "nonInterestIncome": "None", "otherNonOperatingIncome": "None", "depreciation": "None", "depreciationAndAmortization": "53000000", "incomeBeforeTax": "163500000", "incomeTaxExpense": "50800000", "interestAndDebtExpense": "None", "netIncomeFromContinuingOperations": "0", "comprehensiveIncomeNetOfTax": "None", "ebit": "117700000", "ebitda": "170700000", "netIncome": "112700000"}, {"fiscalDateEnding": "2007-09-30", "reportedCurrency": "USD", "grossProfit": "695200000", "totalRevenue": "1299100000", "costOfRevenue": "603900000", "costofGoodsAndServicesSold": "603900000", "operatingIncome": "192600000", "sellingGeneralAndAdministrative": "488200000", "researchAndDevelopment": "0", "operatingExpenses": "502600000", "investmentIncomeNet": "None", "netInterestIncome": "None", "interestIncome": "None", "interestExpense": "3200000", "nonInterestIncome": "None", "otherNonOperatingIncome": "None", "depreciation": "None", "depreciationAndAmortization": "51500000", "incomeBeforeTax": "190300000", "incomeTaxExpense": "75000000", "interestAndDebtExpense": "None", "netIncomeFromContinuingOperations": "0", "comprehensiveIncomeNetOfTax": "None", "ebit": "141100000", "ebitda": "192600000", "netIncome": "115300000"}, {"fiscalDateEnding": "2007-06-30", "reportedCurrency": "USD", "grossProfit": "592000000", "totalRevenue": "1070300000", "costOfRevenue": "478300000", "costofGoodsAndServicesSold": "478300000", "operatingIncome": "145800000", "sellingGeneralAndAdministrative": "438500000", "researchAndDevelopment": "0", "operatingExpenses": "446200000", "investmentIncomeNet": "None", "netInterestIncome": "None", "interestIncome": "None", "interestExpense": "2000000", "nonInterestIncome": "None", "otherNonOperatingIncome": "None", "depreciation": "None", "depreciationAndAmortization": "43100000", "incomeBeforeTax": "145100000", "incomeTaxExpense": "56800000", "interestAndDebtExpense": "None", "netIncomeFromContinuingOperations": "0", "comprehensiveIncomeNetOfTax": "None", "ebit": "102700000", "ebitda": "145800000", "netIncome": "88300000"}, {"fiscalDateEnding": "2007-03-31", "reportedCurrency": "USD", "grossProfit": "558100000", "totalRevenue": "1031300000", "costOfRevenue": "473200000", "costofGoodsAndServicesSold": "473200000", "operatingIncome": "120100000", "sellingGeneralAndAdministrative": "434200000", "researchAndDevelopment": "0", "operatingExpenses": "437400000", "investmentIncomeNet": "None", "netInterestIncome": "None", "interestIncome": "None", "interestExpense": "1200000", "nonInterestIncome": "None", "otherNonOperatingIncome": "None", "depreciation": "None", "depreciationAndAmortization": "40500000", "incomeBeforeTax": "120400000", "incomeTaxExpense": "47200000", "interestAndDebtExpense": "None", "netIncomeFromContinuingOperations": "0", "comprehensiveIncomeNetOfTax": "None", "ebit": "120700000", "ebitda": "161200000", "netIncome": "73200000"}, {"fiscalDateEnding": "2006-12-31", "reportedCurrency": "USD", "grossProfit": "614000000", "totalRevenue": "1143700000", "costOfRevenue": "529700000", "costofGoodsAndServicesSold": "529700000", "operatingIncome": "184200000", "sellingGeneralAndAdministrative": "426800000", "researchAndDevelopment": "0", "operatingExpenses": "429800000", "investmentIncomeNet": "None", "netInterestIncome": "None", "interestIncome": "None", "interestExpense": "4700000", "nonInterestIncome": "None", "otherNonOperatingIncome": "None", "depreciation": "None", "depreciationAndAmortization": "32800000", "incomeBeforeTax": "180800000", "incomeTaxExpense": "70300000", "interestAndDebtExpense": "None", "netIncomeFromContinuingOperations": "0", "comprehensiveIncomeNetOfTax": "None", "ebit": "151400000", "ebitda": "184200000", "netIncome": "110500000"}, {"fiscalDateEnding": "2006-09-30", "reportedCurrency": "USD", "grossProfit": "632600000", "totalRevenue": "1166800000", "costOfRevenue": "534200000", "costofGoodsAndServicesSold": "534200000", "operatingIncome": "214900000", "sellingGeneralAndAdministrative": "412100000", "researchAndDevelopment": "0", "operatingExpenses": "415900000", "investmentIncomeNet": "None", "netInterestIncome": "None", "interestIncome": "None", "interestExpense": "3700000", "nonInterestIncome": "None", "otherNonOperatingIncome": "None", "depreciation": "None", "depreciationAndAmortization": "33600000", "incomeBeforeTax": "213600000", "incomeTaxExpense": "76600000", "interestAndDebtExpense": "None", "netIncomeFromContinuingOperations": "0", "comprehensiveIncomeNetOfTax": "None", "ebit": "216700000", "ebitda": "250300000", "netIncome": "137000000"}, {"fiscalDateEnding": "2006-06-30", "reportedCurrency": "USD", "grossProfit": "531500000", "totalRevenue": "953600000", "costOfRevenue": "422100000", "costofGoodsAndServicesSold": "422100000", "operatingIncome": "133400000", "sellingGeneralAndAdministrative": "358100000", "researchAndDevelopment": "0", "operatingExpenses": "395900000", "investmentIncomeNet": "None", "netInterestIncome": "None", "interestIncome": "None", "interestExpense": "10400000", "nonInterestIncome": "None", "otherNonOperatingIncome": "None", "depreciation": "None", "depreciationAndAmortization": "37800000", "incomeBeforeTax": "128500000", "incomeTaxExpense": "48300000", "interestAndDebtExpense": "None", "netIncomeFromContinuingOperations": "0", "comprehensiveIncomeNetOfTax": "None", "ebit": "135600000", "ebitda": "173400000", "netIncome": "80200000"}, {"fiscalDateEnding": "2006-03-31", "reportedCurrency": "USD", "grossProfit": "524962000", "totalRevenue": "971492000", "costOfRevenue": "446530000", "costofGoodsAndServicesSold": "446530000", "operatingIncome": "115754000", "sellingGeneralAndAdministrative": "394000000", "researchAndDevelopment": "0", "operatingExpenses": "400208000", "investmentIncomeNet": "None", "netInterestIncome": "None", "interestIncome": "None", "interestExpense": "21296000", "nonInterestIncome": "None", "otherNonOperatingIncome": "None", "depreciation": "None", "depreciationAndAmortization": "32439000", "incomeBeforeTax": "107607000", "incomeTaxExpense": "47908000", "interestAndDebtExpense": "None", "netIncomeFromContinuingOperations": "0", "comprehensiveIncomeNetOfTax": "None", "ebit": "124754000", "ebitda": "157193000", "netIncome": "62415000"}, {"fiscalDateEnding": "2005-12-31", "reportedCurrency": "USD", "grossProfit": "531465000", "totalRevenue": "995482000", "costOfRevenue": "464017000", "costofGoodsAndServicesSold": "464017000", "operatingIncome": "143642000", "sellingGeneralAndAdministrative": "381615000", "researchAndDevelopment": "0", "operatingExpenses": "387823000", "investmentIncomeNet": "None", "netInterestIncome": "None", "interestIncome": "None", "interestExpense": "6105000", "nonInterestIncome": "None", "otherNonOperatingIncome": "None", "depreciation": "None", "depreciationAndAmortization": "36329000", "incomeBeforeTax": "143525000", "incomeTaxExpense": "52368000", "interestAndDebtExpense": "None", "netIncomeFromContinuingOperations": "0", "comprehensiveIncomeNetOfTax": "None", "ebit": "143471000", "ebitda": "179800000", "netIncome": "90673000"}, {"fiscalDateEnding": "2005-09-30", "reportedCurrency": "USD", "grossProfit": "551545000", "totalRevenue": "1027384000", "costOfRevenue": "475839000", "costofGoodsAndServicesSold": "475839000", "operatingIncome": "176983000", "sellingGeneralAndAdministrative": "368000000", "researchAndDevelopment": "0", "operatingExpenses": "374562000", "investmentIncomeNet": "None", "netInterestIncome": "None", "interestIncome": "None", "interestExpense": "22024000", "nonInterestIncome": "None", "otherNonOperatingIncome": "None", "depreciation": "None", "depreciationAndAmortization": "30571000", "incomeBeforeTax": "171073000", "incomeTaxExpense": "64281000", "interestAndDebtExpense": "None", "netIncomeFromContinuingOperations": "0", "comprehensiveIncomeNetOfTax": "None", "ebit": "176029000", "ebitda": "206600000", "netIncome": "104205000"}, {"fiscalDateEnding": "2005-06-30", "reportedCurrency": "USD", "grossProfit": "414428000", "totalRevenue": "751942000", "costOfRevenue": "337514000", "costofGoodsAndServicesSold": "337514000", "operatingIncome": "80221000", "sellingGeneralAndAdministrative": "406700000", "researchAndDevelopment": "0", "operatingExpenses": "334207000", "investmentIncomeNet": "None", "netInterestIncome": "None", "interestIncome": "None", "interestExpense": "5884000", "nonInterestIncome": "None", "otherNonOperatingIncome": "None", "depreciation": "None", "depreciationAndAmortization": "27661000", "incomeBeforeTax": "80695000", "incomeTaxExpense": "30343000", "interestAndDebtExpense": "None", "netIncomeFromContinuingOperations": "0", "comprehensiveIncomeNetOfTax": "None", "ebit": "81239000", "ebitda": "108900000", "netIncome": "50707000"}, {"fiscalDateEnding": "2005-03-31", "reportedCurrency": "USD", "grossProfit": "476900000", "totalRevenue": "902200000", "costOfRevenue": "425300000", "costofGoodsAndServicesSold": "425300000", "operatingIncome": "41500000", "sellingGeneralAndAdministrative": "406700000", "researchAndDevelopment": "0", "operatingExpenses": "435400000", "investmentIncomeNet": "None", "netInterestIncome": "None", "interestIncome": "None", "interestExpense": "2799000", "nonInterestIncome": "None", "otherNonOperatingIncome": "None", "depreciation": "None", "depreciationAndAmortization": "28200000", "incomeBeforeTax": "40700000", "incomeTaxExpense": "17300000", "interestAndDebtExpense": "None", "netIncomeFromContinuingOperations": "0", "comprehensiveIncomeNetOfTax": "None", "ebit": "41500000", "ebitda": "69700000", "netIncome": "23400000"}, {"fiscalDateEnding": "2004-12-31", "reportedCurrency": "USD", "grossProfit": "438033000", "totalRevenue": "887993000", "costOfRevenue": "449960000", "costofGoodsAndServicesSold": "449960000", "operatingIncome": "114834000", "sellingGeneralAndAdministrative": "257600000", "researchAndDevelopment": "0", "operatingExpenses": "322981000", "investmentIncomeNet": "None", "netInterestIncome": "None", "interestIncome": "None", "interestExpense": "1974000", "nonInterestIncome": "None", "otherNonOperatingIncome": "None", "depreciation": "None", "depreciationAndAmortization": "26868000", "incomeBeforeTax": "115041000", "incomeTaxExpense": "40199000", "interestAndDebtExpense": "None", "netIncomeFromContinuingOperations": "0", "comprehensiveIncomeNetOfTax": "None", "ebit": "116538000", "ebitda": "143406000", "netIncome": "74842000"}]}