{"symbol": "RVTY", "annualReports": [{"fiscalDateEnding": "2024-12-31", "reportedCurrency": "USD", "grossProfit": "1537659000", "totalRevenue": "2755026000", "costOfRevenue": "1217367000", "costofGoodsAndServicesSold": "1217367000", "operatingIncome": "346741000", "sellingGeneralAndAdministrative": "994074000", "researchAndDevelopment": "196844000", "operatingExpenses": "1190918000", "investmentIncomeNet": "None", "netInterestIncome": "-23088000", "interestIncome": "73190000", "interestExpense": "96278000", "nonInterestIncome": "None", "otherNonOperatingIncome": "None", "depreciation": "None", "depreciationAndAmortization": "427849000", "incomeBeforeTax": "316126000", "incomeTaxExpense": "33055000", "interestAndDebtExpense": "None", "netIncomeFromContinuingOperations": "283071000", "comprehensiveIncomeNetOfTax": "None", "ebit": "420163000", "ebitda": "848012000", "netIncome": "270385000"}, {"fiscalDateEnding": "2023-12-31", "reportedCurrency": "USD", "grossProfit": "1539691000", "totalRevenue": "2750571000", "costOfRevenue": "1210880000", "costofGoodsAndServicesSold": "1210880000", "operatingIncome": "300562000", "sellingGeneralAndAdministrative": "1015125000", "researchAndDevelopment": "216578000", "operatingExpenses": "1239129000", "investmentIncomeNet": "None", "netInterestIncome": "-41406000", "interestIncome": "55333000", "interestExpense": "98813000", "nonInterestIncome": "None", "otherNonOperatingIncome": "None", "depreciation": "None", "depreciationAndAmortization": "431769000", "incomeBeforeTax": "182976000", "incomeTaxExpense": "3473000", "interestAndDebtExpense": "None", "netIncomeFromContinuingOperations": "213433000", "comprehensiveIncomeNetOfTax": "None", "ebit": "281789000", "ebitda": "713558000", "netIncome": "693094000"}, {"fiscalDateEnding": "2022-12-31", "reportedCurrency": "USD", "grossProfit": "1989830000", "totalRevenue": "3311822000", "costOfRevenue": "1321992000", "costofGoodsAndServicesSold": "1321992000", "operatingIncome": "742699000", "sellingGeneralAndAdministrative": "1025514000", "researchAndDevelopment": "221617000", "operatingExpenses": "1247131000", "investmentIncomeNet": "None", "netInterestIncome": "-100366000", "interestIncome": "3589000", "interestExpense": "103955000", "nonInterestIncome": "None", "otherNonOperatingIncome": "None", "depreciation": "None", "depreciationAndAmortization": "427000000", "incomeBeforeTax": "651837000", "incomeTaxExpense": "129161000", "interestAndDebtExpense": "None", "netIncomeFromContinuingOperations": "522676000", "comprehensiveIncomeNetOfTax": "None", "ebit": "873175000", "ebitda": "1300175000", "netIncome": "569179000"}, {"fiscalDateEnding": "2021-12-31", "reportedCurrency": "USD", "grossProfit": "2851300000", "totalRevenue": "5067169000", "costOfRevenue": "2215869000", "costofGoodsAndServicesSold": "2215869000", "operatingIncome": "1332378000", "sellingGeneralAndAdministrative": "1227521000", "researchAndDevelopment": "274969000", "operatingExpenses": "1502490000", "investmentIncomeNet": "None", "netInterestIncome": "-99887000", "interestIncome": "2241000", "interestExpense": "102128000", "nonInterestIncome": "None", "otherNonOperatingIncome": "None", "depreciation": "None", "depreciationAndAmortization": "311443000", "incomeBeforeTax": "1279886000", "incomeTaxExpense": "347603000", "interestAndDebtExpense": "None", "netIncomeFromContinuingOperations": "932283000", "comprehensiveIncomeNetOfTax": "None", "ebit": "1415148000", "ebitda": "1726591000", "netIncome": "943157000"}, {"fiscalDateEnding": "2020-12-31", "reportedCurrency": "USD", "grossProfit": "2109877000", "totalRevenue": "3782745000", "costOfRevenue": "1672868000", "costofGoodsAndServicesSold": "1672868000", "operatingIncome": "978581000", "sellingGeneralAndAdministrative": "917894000", "researchAndDevelopment": "205389000", "operatingExpenses": "1123283000", "investmentIncomeNet": "None", "netInterestIncome": "-48702000", "interestIncome": "1010000", "interestExpense": "49712000", "nonInterestIncome": "None", "otherNonOperatingIncome": "None", "depreciation": "None", "depreciationAndAmortization": "246507000", "incomeBeforeTax": "906364000", "incomeTaxExpense": "178266000", "interestAndDebtExpense": "None", "netIncomeFromContinuingOperations": "728098000", "comprehensiveIncomeNetOfTax": "None", "ebit": "956076000", "ebitda": "1202583000", "netIncome": "727887000"}, {"fiscalDateEnding": "2019-12-31", "reportedCurrency": "USD", "grossProfit": "1396055000", "totalRevenue": "2883673000", "costOfRevenue": "1487618000", "costofGoodsAndServicesSold": "1487618000", "operatingIncome": "361973000", "sellingGeneralAndAdministrative": "815318000", "researchAndDevelopment": "189336000", "operatingExpenses": "1004654000", "investmentIncomeNet": "None", "netInterestIncome": "-62132000", "interestIncome": "1495000", "interestExpense": "63627000", "nonInterestIncome": "None", "otherNonOperatingIncome": "None", "depreciation": "None", "depreciationAndAmortization": "214025000", "incomeBeforeTax": "237142000", "incomeTaxExpense": "9389000", "interestAndDebtExpense": "None", "netIncomeFromContinuingOperations": "227753000", "comprehensiveIncomeNetOfTax": "None", "ebit": "395528000", "ebitda": "609553000", "netIncome": "227558000"}, {"fiscalDateEnding": "2018-12-31", "reportedCurrency": "USD", "grossProfit": "1340939000", "totalRevenue": "2777996000", "costOfRevenue": "1437057000", "costofGoodsAndServicesSold": "1437057000", "operatingIncome": "323884000", "sellingGeneralAndAdministrative": "None", "researchAndDevelopment": "193998000", "operatingExpenses": "1005911000", "investmentIncomeNet": "None", "netInterestIncome": "None", "interestIncome": "None", "interestExpense": "66976000", "nonInterestIncome": "None", "otherNonOperatingIncome": "None", "depreciation": "None", "depreciationAndAmortization": "180588000", "incomeBeforeTax": "257683000", "incomeTaxExpense": "20208000", "interestAndDebtExpense": "None", "netIncomeFromContinuingOperations": "None", "comprehensiveIncomeNetOfTax": "None", "ebit": "338167000", "ebitda": "518755000", "netIncome": "237927000"}, {"fiscalDateEnding": "2017-12-31", "reportedCurrency": "USD", "grossProfit": "1073031000", "totalRevenue": "2256982000", "costOfRevenue": "1183951000", "costofGoodsAndServicesSold": "1183951000", "operatingIncome": "304803000", "sellingGeneralAndAdministrative": "None", "researchAndDevelopment": "139404000", "operatingExpenses": "755571000", "investmentIncomeNet": "None", "netInterestIncome": "None", "interestIncome": "None", "interestExpense": "43940000", "nonInterestIncome": "None", "otherNonOperatingIncome": "None", "depreciation": "None", "depreciationAndAmortization": "105000000", "incomeBeforeTax": "296718000", "incomeTaxExpense": "139828000", "interestAndDebtExpense": "None", "netIncomeFromContinuingOperations": "None", "comprehensiveIncomeNetOfTax": "None", "ebit": "319634000", "ebitda": "424634000", "netIncome": "156890000"}, {"fiscalDateEnding": "2016-12-31", "reportedCurrency": "USD", "grossProfit": "1013353000", "totalRevenue": "2115517000", "costOfRevenue": "1102164000", "costofGoodsAndServicesSold": "1102164000", "operatingIncome": "283066000", "sellingGeneralAndAdministrative": "None", "researchAndDevelopment": "124278000", "operatingExpenses": "725163000", "investmentIncomeNet": "None", "netInterestIncome": "None", "interestIncome": "None", "interestExpense": "41528000", "nonInterestIncome": "None", "otherNonOperatingIncome": "None", "depreciation": "None", "depreciationAndAmortization": "99972000", "incomeBeforeTax": "244068000", "incomeTaxExpense": "28362000", "interestAndDebtExpense": "None", "netIncomeFromContinuingOperations": "None", "comprehensiveIncomeNetOfTax": "None", "ebit": "305985000", "ebitda": "405957000", "netIncome": "234299000"}, {"fiscalDateEnding": "2015-12-31", "reportedCurrency": "USD", "grossProfit": "1024500000", "totalRevenue": "2262359000", "costOfRevenue": "1237859000", "costofGoodsAndServicesSold": "1237859000", "operatingIncome": "286134000", "sellingGeneralAndAdministrative": "None", "researchAndDevelopment": "125928000", "operatingExpenses": "724776000", "investmentIncomeNet": "None", "netInterestIncome": "None", "interestIncome": "None", "interestExpense": "37997000", "nonInterestIncome": "None", "otherNonOperatingIncome": "None", "depreciation": "None", "depreciationAndAmortization": "121475000", "incomeBeforeTax": "244015000", "incomeTaxExpense": "31327000", "interestAndDebtExpense": "None", "netIncomeFromContinuingOperations": "None", "comprehensiveIncomeNetOfTax": "None", "ebit": "257156000", "ebitda": "378631000", "netIncome": "212425000"}, {"fiscalDateEnding": "2014-12-31", "reportedCurrency": "USD", "grossProfit": "1004608000", "totalRevenue": "2237219000", "costOfRevenue": "1232611000", "costofGoodsAndServicesSold": "1232611000", "operatingIncome": "210742000", "sellingGeneralAndAdministrative": "None", "researchAndDevelopment": "121141000", "operatingExpenses": "780476000", "investmentIncomeNet": "None", "netInterestIncome": "None", "interestIncome": "None", "interestExpense": "36270000", "nonInterestIncome": "None", "otherNonOperatingIncome": "None", "depreciation": "None", "depreciationAndAmortization": "125257000", "incomeBeforeTax": "169603000", "incomeTaxExpense": "8437000", "interestAndDebtExpense": "None", "netIncomeFromContinuingOperations": "None", "comprehensiveIncomeNetOfTax": "None", "ebit": "197352000", "ebitda": "322609000", "netIncome": "157778000"}, {"fiscalDateEnding": "2013-12-31", "reportedCurrency": "USD", "grossProfit": "976974000", "totalRevenue": "2166232000", "costOfRevenue": "1189258000", "costofGoodsAndServicesSold": "1189258000", "operatingIncome": "217442000", "sellingGeneralAndAdministrative": "None", "researchAndDevelopment": "133023000", "operatingExpenses": "718873000", "investmentIncomeNet": "None", "netInterestIncome": "None", "interestIncome": "None", "interestExpense": "49924000", "nonInterestIncome": "None", "otherNonOperatingIncome": "None", "depreciation": "None", "depreciationAndAmortization": "154944000", "incomeBeforeTax": "153332000", "incomeTaxExpense": "-12192000", "interestAndDebtExpense": "None", "netIncomeFromContinuingOperations": "None", "comprehensiveIncomeNetOfTax": "None", "ebit": "176783000", "ebitda": "331727000", "netIncome": "167212000"}, {"fiscalDateEnding": "2012-12-31", "reportedCurrency": "USD", "grossProfit": "963206000", "totalRevenue": "2115205000", "costOfRevenue": "1151999000", "costofGoodsAndServicesSold": "1151999000", "operatingIncome": "195664000", "sellingGeneralAndAdministrative": "None", "researchAndDevelopment": "132639000", "operatingExpenses": "765373000", "investmentIncomeNet": "None", "netInterestIncome": "None", "interestIncome": "None", "interestExpense": "45787000", "nonInterestIncome": "None", "otherNonOperatingIncome": "None", "depreciation": "None", "depreciationAndAmortization": "126865000", "incomeBeforeTax": "50587000", "incomeTaxExpense": "-17854000", "interestAndDebtExpense": "None", "netIncomeFromContinuingOperations": "None", "comprehensiveIncomeNetOfTax": "None", "ebit": "96374000", "ebitda": "223239000", "netIncome": "69940000"}, {"fiscalDateEnding": "2011-12-31", "reportedCurrency": "USD", "grossProfit": "850579000", "totalRevenue": "1921287000", "costOfRevenue": "1070708000", "costofGoodsAndServicesSold": "1070708000", "operatingIncome": "89702000", "sellingGeneralAndAdministrative": "None", "researchAndDevelopment": "115821000", "operatingExpenses": "744419000", "investmentIncomeNet": "None", "netInterestIncome": "None", "interestIncome": "None", "interestExpense": "24783000", "nonInterestIncome": "None", "otherNonOperatingIncome": "None", "depreciation": "None", "depreciationAndAmortization": "129263000", "incomeBeforeTax": "62928000", "incomeTaxExpense": "62754000", "interestAndDebtExpense": "None", "netIncomeFromContinuingOperations": "None", "comprehensiveIncomeNetOfTax": "None", "ebit": "70795000", "ebitda": "200058000", "netIncome": "174000"}, {"fiscalDateEnding": "2010-12-31", "reportedCurrency": "USD", "grossProfit": "758631000", "totalRevenue": "1704346000", "costOfRevenue": "945715000", "costofGoodsAndServicesSold": "945715000", "operatingIncome": "153601000", "sellingGeneralAndAdministrative": "None", "researchAndDevelopment": "95409000", "operatingExpenses": "586067000", "investmentIncomeNet": "None", "netInterestIncome": "None", "interestIncome": "None", "interestExpense": "15891000", "nonInterestIncome": "None", "otherNonOperatingIncome": "None", "depreciation": "None", "depreciationAndAmortization": "108958000", "incomeBeforeTax": "161984000", "incomeTaxExpense": "26062000", "interestAndDebtExpense": "None", "netIncomeFromContinuingOperations": "None", "comprehensiveIncomeNetOfTax": "None", "ebit": "158080000", "ebitda": "267038000", "netIncome": "135922000"}, {"fiscalDateEnding": "2009-12-31", "reportedCurrency": "USD", "grossProfit": "779794000", "totalRevenue": "1812202000", "costOfRevenue": "1032408000", "costofGoodsAndServicesSold": "1032408000", "operatingIncome": "147613000", "sellingGeneralAndAdministrative": "None", "researchAndDevelopment": "107251000", "operatingExpenses": "611950000", "investmentIncomeNet": "None", "netInterestIncome": "None", "interestIncome": "None", "interestExpense": "17156000", "nonInterestIncome": "None", "otherNonOperatingIncome": "None", "depreciation": "None", "depreciationAndAmortization": "113109000", "incomeBeforeTax": "130677000", "incomeTaxExpense": "37933000", "interestAndDebtExpense": "None", "netIncomeFromContinuingOperations": "None", "comprehensiveIncomeNetOfTax": "None", "ebit": "87796000", "ebitda": "200905000", "netIncome": "85599000"}, {"fiscalDateEnding": "2008-12-31", "reportedCurrency": "USD", "grossProfit": "830105000", "totalRevenue": "1937465000", "costOfRevenue": "1107360000", "costofGoodsAndServicesSold": "1107360000", "operatingIncome": "192970000", "sellingGeneralAndAdministrative": "None", "researchAndDevelopment": "108062000", "operatingExpenses": "630945000", "investmentIncomeNet": "None", "netInterestIncome": "None", "interestIncome": "None", "interestExpense": "82135000", "nonInterestIncome": "None", "otherNonOperatingIncome": "None", "depreciation": "None", "depreciationAndAmortization": "125097000", "incomeBeforeTax": "147361000", "incomeTaxExpense": "21216000", "interestAndDebtExpense": "None", "netIncomeFromContinuingOperations": "None", "comprehensiveIncomeNetOfTax": "None", "ebit": "137551000", "ebitda": "262648000", "netIncome": "126409000"}, {"fiscalDateEnding": "2007-12-31", "reportedCurrency": "USD", "grossProfit": "724740000", "totalRevenue": "1787331000", "costOfRevenue": "1062591000", "costofGoodsAndServicesSold": "1062591000", "operatingIncome": "168166000", "sellingGeneralAndAdministrative": "None", "researchAndDevelopment": "111619000", "operatingExpenses": "540685000", "investmentIncomeNet": "None", "netInterestIncome": "None", "interestIncome": "None", "interestExpense": "41697000", "nonInterestIncome": "None", "otherNonOperatingIncome": "None", "depreciation": "None", "depreciationAndAmortization": "103504000", "incomeBeforeTax": "151289000", "incomeTaxExpense": "17455000", "interestAndDebtExpense": "None", "netIncomeFromContinuingOperations": "None", "comprehensiveIncomeNetOfTax": "None", "ebit": "161383000", "ebitda": "264887000", "netIncome": "131686000"}, {"fiscalDateEnding": "2006-12-31", "reportedCurrency": "USD", "grossProfit": "628071000", "totalRevenue": "1546358000", "costOfRevenue": "918287000", "costofGoodsAndServicesSold": "918287000", "operatingIncome": "153402000", "sellingGeneralAndAdministrative": "None", "researchAndDevelopment": "99719000", "operatingExpenses": "478309000", "investmentIncomeNet": "None", "netInterestIncome": "None", "interestIncome": "None", "interestExpense": "1233000", "nonInterestIncome": "None", "otherNonOperatingIncome": "None", "depreciation": "None", "depreciationAndAmortization": "66836000", "incomeBeforeTax": "150736000", "incomeTaxExpense": "32412000", "interestAndDebtExpense": "None", "netIncomeFromContinuingOperations": "None", "comprehensiveIncomeNetOfTax": "None", "ebit": "152402000", "ebitda": "219238000", "netIncome": "119583000"}, {"fiscalDateEnding": "2005-12-31", "reportedCurrency": "USD", "grossProfit": "614536000", "totalRevenue": "1473831000", "costOfRevenue": "859295000", "costofGoodsAndServicesSold": "859295000", "operatingIncome": "234288000", "sellingGeneralAndAdministrative": "None", "researchAndDevelopment": "87371000", "operatingExpenses": "451326000", "investmentIncomeNet": "None", "netInterestIncome": "None", "interestIncome": "None", "interestExpense": "33948000", "nonInterestIncome": "None", "otherNonOperatingIncome": "None", "depreciation": "None", "depreciationAndAmortization": "124383000", "incomeBeforeTax": "66660000", "incomeTaxExpense": "128000", "interestAndDebtExpense": "None", "netIncomeFromContinuingOperations": "None", "comprehensiveIncomeNetOfTax": "None", "ebit": "163210000", "ebitda": "287593000", "netIncome": "66532000"}], "quarterlyReports": [{"fiscalDateEnding": "2024-12-31", "reportedCurrency": "USD", "grossProfit": "412290000", "totalRevenue": "729372000", "costOfRevenue": "317082000", "costofGoodsAndServicesSold": "317082000", "operatingIncome": "118750000", "sellingGeneralAndAdministrative": "238554000", "researchAndDevelopment": "49208000", "operatingExpenses": "293540000", "investmentIncomeNet": "None", "netInterestIncome": "-12953000", "interestIncome": "9828000", "interestExpense": "22781000", "nonInterestIncome": "None", "otherNonOperatingIncome": "None", "depreciation": "None", "depreciationAndAmortization": "105033000", "incomeBeforeTax": "94558000", "incomeTaxExpense": "6175000", "interestAndDebtExpense": "None", "netIncomeFromContinuingOperations": "88383000", "comprehensiveIncomeNetOfTax": "None", "ebit": "118038000", "ebitda": "223071000", "netIncome": "94645000"}, {"fiscalDateEnding": "2024-09-30", "reportedCurrency": "USD", "grossProfit": "384816000", "totalRevenue": "684049000", "costOfRevenue": "299233000", "costofGoodsAndServicesSold": "299233000", "operatingIncome": "98151000", "sellingGeneralAndAdministrative": "239477000", "researchAndDevelopment": "49144000", "operatingExpenses": "286665000", "investmentIncomeNet": "None", "netInterestIncome": "-1619000", "interestIncome": "22764000", "interestExpense": "24383000", "nonInterestIncome": "None", "otherNonOperatingIncome": "None", "depreciation": "None", "depreciationAndAmortization": "107670000", "incomeBeforeTax": "100357000", "incomeTaxExpense": "6971000", "interestAndDebtExpense": "None", "netIncomeFromContinuingOperations": "93386000", "comprehensiveIncomeNetOfTax": "None", "ebit": "124740000", "ebitda": "232410000", "netIncome": "93386000"}, {"fiscalDateEnding": "2024-06-30", "reportedCurrency": "USD", "grossProfit": "385506000", "totalRevenue": "691685000", "costOfRevenue": "306179000", "costofGoodsAndServicesSold": "306179000", "operatingIncome": "101524000", "sellingGeneralAndAdministrative": "253555000", "researchAndDevelopment": "48132000", "operatingExpenses": "283982000", "investmentIncomeNet": "None", "netInterestIncome": "-4205000", "interestIncome": "20512000", "interestExpense": "24717000", "nonInterestIncome": "None", "otherNonOperatingIncome": "None", "depreciation": "None", "depreciationAndAmortization": "107244000", "incomeBeforeTax": "86662000", "incomeTaxExpense": "14056000", "interestAndDebtExpense": "None", "netIncomeFromContinuingOperations": "72606000", "comprehensiveIncomeNetOfTax": "None", "ebit": "111379000", "ebitda": "218623000", "netIncome": "79109000"}, {"fiscalDateEnding": "2024-03-31", "reportedCurrency": "USD", "grossProfit": "263809000", "totalRevenue": "649920000", "costOfRevenue": "386111000", "costofGoodsAndServicesSold": "386111000", "operatingIncome": "44116000", "sellingGeneralAndAdministrative": "262488000", "researchAndDevelopment": "50360000", "operatingExpenses": "219693000", "investmentIncomeNet": "None", "netInterestIncome": "-4311000", "interestIncome": "20086000", "interestExpense": "24397000", "nonInterestIncome": "None", "otherNonOperatingIncome": "None", "depreciation": "None", "depreciationAndAmortization": "107802000", "incomeBeforeTax": "34549000", "incomeTaxExpense": "5853000", "interestAndDebtExpense": "None", "netIncomeFromContinuingOperations": "28696000", "comprehensiveIncomeNetOfTax": "None", "ebit": "73090000", "ebitda": "180892000", "netIncome": "26013000"}, {"fiscalDateEnding": "2023-12-31", "reportedCurrency": "USD", "grossProfit": "293854000", "totalRevenue": "695901000", "costOfRevenue": "402047000", "costofGoodsAndServicesSold": "402047000", "operatingIncome": "77159000", "sellingGeneralAndAdministrative": "251751000", "researchAndDevelopment": "49596000", "operatingExpenses": "216695000", "investmentIncomeNet": "None", "netInterestIncome": "-6219000", "interestIncome": "18363000", "interestExpense": "24582000", "nonInterestIncome": "None", "otherNonOperatingIncome": "None", "depreciation": "None", "depreciationAndAmortization": "105568000", "incomeBeforeTax": "31379000", "incomeTaxExpense": "-32188000", "interestAndDebtExpense": "None", "netIncomeFromContinuingOperations": "63567000", "comprehensiveIncomeNetOfTax": "None", "ebit": "86399000", "ebitda": "191967000", "netIncome": "78563000"}, {"fiscalDateEnding": "2023-09-30", "reportedCurrency": "USD", "grossProfit": "372516000", "totalRevenue": "670739000", "costOfRevenue": "298223000", "costofGoodsAndServicesSold": "298223000", "operatingIncome": "69228000", "sellingGeneralAndAdministrative": "250746000", "researchAndDevelopment": "53039000", "operatingExpenses": "303288000", "investmentIncomeNet": "None", "netInterestIncome": "-2036000", "interestIncome": "23450000", "interestExpense": "25486000", "nonInterestIncome": "None", "otherNonOperatingIncome": "None", "depreciation": "None", "depreciationAndAmortization": "108263000", "incomeBeforeTax": "50603000", "incomeTaxExpense": "18134000", "interestAndDebtExpense": "None", "netIncomeFromContinuingOperations": "32469000", "comprehensiveIncomeNetOfTax": "None", "ebit": "92796000", "ebitda": "201059000", "netIncome": "9497000"}, {"fiscalDateEnding": "2023-06-30", "reportedCurrency": "USD", "grossProfit": "402331000", "totalRevenue": "709066000", "costOfRevenue": "306735000", "costofGoodsAndServicesSold": "306735000", "operatingIncome": "78056000", "sellingGeneralAndAdministrative": "269308000", "researchAndDevelopment": "57253000", "operatingExpenses": "324275000", "investmentIncomeNet": "None", "netInterestIncome": "-961000", "interestIncome": "25046000", "interestExpense": "26007000", "nonInterestIncome": "None", "otherNonOperatingIncome": "None", "depreciation": "None", "depreciationAndAmortization": "108930000", "incomeBeforeTax": "71554000", "incomeTaxExpense": "12932000", "interestAndDebtExpense": "None", "netIncomeFromContinuingOperations": "58622000", "comprehensiveIncomeNetOfTax": "None", "ebit": "108024000", "ebitda": "216954000", "netIncome": "35559000"}, {"fiscalDateEnding": "2023-03-31", "reportedCurrency": "USD", "grossProfit": "382266000", "totalRevenue": "674865000", "costOfRevenue": "292599000", "costofGoodsAndServicesSold": "292599000", "operatingIncome": "76119000", "sellingGeneralAndAdministrative": "250746000", "researchAndDevelopment": "56690000", "operatingExpenses": "306147000", "investmentIncomeNet": "None", "netInterestIncome": "-17466000", "interestIncome": "5272000", "interestExpense": "22738000", "nonInterestIncome": "None", "otherNonOperatingIncome": "None", "depreciation": "None", "depreciationAndAmortization": "109008000", "incomeBeforeTax": "29440000", "incomeTaxExpense": "4595000", "interestAndDebtExpense": "None", "netIncomeFromContinuingOperations": "24845000", "comprehensiveIncomeNetOfTax": "None", "ebit": "95716000", "ebitda": "204724000", "netIncome": "569475000"}, {"fiscalDateEnding": "2022-12-31", "reportedCurrency": "USD", "grossProfit": "431880000", "totalRevenue": "741214000", "costOfRevenue": "309334000", "costofGoodsAndServicesSold": "309334000", "operatingIncome": "137469000", "sellingGeneralAndAdministrative": "244325000", "researchAndDevelopment": "54536000", "operatingExpenses": "294411000", "investmentIncomeNet": "None", "netInterestIncome": "-20943000", "interestIncome": "1565000", "interestExpense": "22508000", "nonInterestIncome": "None", "otherNonOperatingIncome": "None", "depreciation": "None", "depreciationAndAmortization": "104234000", "incomeBeforeTax": "138447000", "incomeTaxExpense": "40950000", "interestAndDebtExpense": "None", "netIncomeFromContinuingOperations": "107497000", "comprehensiveIncomeNetOfTax": "None", "ebit": "175247000", "ebitda": "279481000", "netIncome": "127658000"}, {"fiscalDateEnding": "2022-09-30", "reportedCurrency": "USD", "grossProfit": "419844000", "totalRevenue": "711803000", "costOfRevenue": "291959000", "costofGoodsAndServicesSold": "291959000", "operatingIncome": "134453000", "sellingGeneralAndAdministrative": "242743000", "researchAndDevelopment": "53521000", "operatingExpenses": "312438000", "investmentIncomeNet": "None", "netInterestIncome": "-25264000", "interestIncome": "667000", "interestExpense": "25931000", "nonInterestIncome": "None", "otherNonOperatingIncome": "None", "depreciation": "None", "depreciationAndAmortization": "104736000", "incomeBeforeTax": "82142000", "incomeTaxExpense": "12634000", "interestAndDebtExpense": "None", "netIncomeFromContinuingOperations": "69508000", "comprehensiveIncomeNetOfTax": "None", "ebit": "134453000", "ebitda": "239189000", "netIncome": "69508000"}, {"fiscalDateEnding": "2022-06-30", "reportedCurrency": "USD", "grossProfit": "604463000", "totalRevenue": "1229569000", "costOfRevenue": "625106000", "costofGoodsAndServicesSold": "625106000", "operatingIncome": "285355000", "sellingGeneralAndAdministrative": "260625000", "researchAndDevelopment": "73352000", "operatingExpenses": "319108000", "investmentIncomeNet": "None", "netInterestIncome": "-26366000", "interestIncome": "762000", "interestExpense": "27128000", "nonInterestIncome": "None", "otherNonOperatingIncome": "None", "depreciation": "None", "depreciationAndAmortization": "119405000", "incomeBeforeTax": "224472000", "incomeTaxExpense": "45220000", "interestAndDebtExpense": "None", "netIncomeFromContinuingOperations": "179252000", "comprehensiveIncomeNetOfTax": "None", "ebit": "251600000", "ebitda": "371005000", "netIncome": "179212000"}, {"fiscalDateEnding": "2022-03-31", "reportedCurrency": "USD", "grossProfit": "679231000", "totalRevenue": "1259442000", "costOfRevenue": "580211000", "costofGoodsAndServicesSold": "580211000", "operatingIncome": "254845000", "sellingGeneralAndAdministrative": "334393000", "researchAndDevelopment": "76609000", "operatingExpenses": "411002000", "investmentIncomeNet": "None", "netInterestIncome": "-27793000", "interestIncome": "595000", "interestExpense": "28388000", "nonInterestIncome": "None", "otherNonOperatingIncome": "None", "depreciation": "None", "depreciationAndAmortization": "120052000", "incomeBeforeTax": "217600000", "incomeTaxExpense": "40597000", "interestAndDebtExpense": "None", "netIncomeFromContinuingOperations": "177003000", "comprehensiveIncomeNetOfTax": "None", "ebit": "245988000", "ebitda": "366040000", "netIncome": "176962000"}, {"fiscalDateEnding": "2021-12-31", "reportedCurrency": "USD", "grossProfit": "749124000", "totalRevenue": "1364325000", "costOfRevenue": "615201000", "costofGoodsAndServicesSold": "615201000", "operatingIncome": "310144000", "sellingGeneralAndAdministrative": "None", "researchAndDevelopment": "80321000", "operatingExpenses": "435566000", "investmentIncomeNet": "None", "netInterestIncome": "None", "interestIncome": "None", "interestExpense": "27721000", "nonInterestIncome": "None", "otherNonOperatingIncome": "None", "depreciation": "None", "depreciationAndAmortization": "125069000", "incomeBeforeTax": "311679000", "incomeTaxExpense": "132492000", "interestAndDebtExpense": "None", "netIncomeFromContinuingOperations": "None", "comprehensiveIncomeNetOfTax": "None", "ebit": "339400000", "ebitda": "464469000", "netIncome": "190184000"}, {"fiscalDateEnding": "2021-09-30", "reportedCurrency": "USD", "grossProfit": "631836000", "totalRevenue": "1166684000", "costOfRevenue": "534848000", "costofGoodsAndServicesSold": "534848000", "operatingIncome": "221970000", "sellingGeneralAndAdministrative": "None", "researchAndDevelopment": "68608000", "operatingExpenses": "407655000", "investmentIncomeNet": "None", "netInterestIncome": "None", "interestIncome": "None", "interestExpense": "43531000", "nonInterestIncome": "None", "otherNonOperatingIncome": "None", "depreciation": "None", "depreciationAndAmortization": "87113000", "incomeBeforeTax": "161668000", "incomeTaxExpense": "33883000", "interestAndDebtExpense": "None", "netIncomeFromContinuingOperations": "None", "comprehensiveIncomeNetOfTax": "None", "ebit": "205199000", "ebitda": "292312000", "netIncome": "127738000"}, {"fiscalDateEnding": "2021-06-30", "reportedCurrency": "USD", "grossProfit": "685194000", "totalRevenue": "1228471000", "costOfRevenue": "543277000", "costofGoodsAndServicesSold": "543277000", "operatingIncome": "332488000", "sellingGeneralAndAdministrative": "None", "researchAndDevelopment": "65824000", "operatingExpenses": "347643000", "investmentIncomeNet": "None", "netInterestIncome": "None", "interestIncome": "None", "interestExpense": "16750000", "nonInterestIncome": "None", "otherNonOperatingIncome": "None", "depreciation": "None", "depreciationAndAmortization": "75636000", "incomeBeforeTax": "326057000", "incomeTaxExpense": "80089000", "interestAndDebtExpense": "None", "netIncomeFromContinuingOperations": "None", "comprehensiveIncomeNetOfTax": "None", "ebit": "302146000", "ebitda": "377782000", "netIncome": "245930000"}, {"fiscalDateEnding": "2021-03-31", "reportedCurrency": "USD", "grossProfit": "785146000", "totalRevenue": "1307689000", "costOfRevenue": "522543000", "costofGoodsAndServicesSold": "522543000", "operatingIncome": "467776000", "sellingGeneralAndAdministrative": "None", "researchAndDevelopment": "60216000", "operatingExpenses": "311626000", "investmentIncomeNet": "None", "netInterestIncome": "None", "interestIncome": "None", "interestExpense": "14126000", "nonInterestIncome": "None", "otherNonOperatingIncome": "None", "depreciation": "None", "depreciationAndAmortization": "70186000", "incomeBeforeTax": "480482000", "incomeTaxExpense": "101139000", "interestAndDebtExpense": "None", "netIncomeFromContinuingOperations": "None", "comprehensiveIncomeNetOfTax": "None", "ebit": "490160000", "ebitda": "560346000", "netIncome": "379305000"}, {"fiscalDateEnding": "2020-12-31", "reportedCurrency": "USD", "grossProfit": "827065000", "totalRevenue": "1354606000", "costOfRevenue": "527541000", "costofGoodsAndServicesSold": "527541000", "operatingIncome": "510254000", "sellingGeneralAndAdministrative": "None", "researchAndDevelopment": "56823000", "operatingExpenses": "319873000", "investmentIncomeNet": "None", "netInterestIncome": "None", "interestIncome": "None", "interestExpense": "12404000", "nonInterestIncome": "None", "otherNonOperatingIncome": "None", "depreciation": "None", "depreciationAndAmortization": "63986000", "incomeBeforeTax": "473091000", "incomeTaxExpense": "92657000", "interestAndDebtExpense": "None", "netIncomeFromContinuingOperations": "None", "comprehensiveIncomeNetOfTax": "None", "ebit": "497312000", "ebitda": "561298000", "netIncome": "380361000"}, {"fiscalDateEnding": "2020-09-30", "reportedCurrency": "USD", "grossProfit": "527445000", "totalRevenue": "964025000", "costOfRevenue": "436580000", "costofGoodsAndServicesSold": "436580000", "operatingIncome": "248006000", "sellingGeneralAndAdministrative": "None", "researchAndDevelopment": "50131000", "operatingExpenses": "275380000", "investmentIncomeNet": "None", "netInterestIncome": "None", "interestIncome": "None", "interestExpense": "12057000", "nonInterestIncome": "None", "otherNonOperatingIncome": "None", "depreciation": "None", "depreciationAndAmortization": "62474000", "incomeBeforeTax": "233757000", "incomeTaxExpense": "57021000", "interestAndDebtExpense": "None", "netIncomeFromContinuingOperations": "None", "comprehensiveIncomeNetOfTax": "None", "ebit": "245814000", "ebitda": "308288000", "netIncome": "176699000"}, {"fiscalDateEnding": "2020-06-30", "reportedCurrency": "USD", "grossProfit": "447344000", "totalRevenue": "811718000", "costOfRevenue": "364374000", "costofGoodsAndServicesSold": "364374000", "operatingIncome": "175639000", "sellingGeneralAndAdministrative": "None", "researchAndDevelopment": "49521000", "operatingExpenses": "270547000", "investmentIncomeNet": "None", "netInterestIncome": "None", "interestIncome": "None", "interestExpense": "11586000", "nonInterestIncome": "None", "otherNonOperatingIncome": "None", "depreciation": "None", "depreciationAndAmortization": "59289000", "incomeBeforeTax": "164827000", "incomeTaxExpense": "27614000", "interestAndDebtExpense": "None", "netIncomeFromContinuingOperations": "None", "comprehensiveIncomeNetOfTax": "None", "ebit": "177676000", "ebitda": "236965000", "netIncome": "137162000"}, {"fiscalDateEnding": "2020-03-31", "reportedCurrency": "USD", "grossProfit": "308023000", "totalRevenue": "652396000", "costOfRevenue": "344373000", "costofGoodsAndServicesSold": "344373000", "operatingIncome": "44682000", "sellingGeneralAndAdministrative": "None", "researchAndDevelopment": "48914000", "operatingExpenses": "257483000", "investmentIncomeNet": "None", "netInterestIncome": "None", "interestIncome": "None", "interestExpense": "13665000", "nonInterestIncome": "None", "otherNonOperatingIncome": "None", "depreciation": "None", "depreciationAndAmortization": "60758000", "incomeBeforeTax": "34689000", "incomeTaxExpense": "974000", "interestAndDebtExpense": "None", "netIncomeFromContinuingOperations": "None", "comprehensiveIncomeNetOfTax": "None", "ebit": "53803000", "ebitda": "114561000", "netIncome": "33665000"}, {"fiscalDateEnding": "2019-12-31", "reportedCurrency": "USD", "grossProfit": "398181000", "totalRevenue": "805496000", "costOfRevenue": "407315000", "costofGoodsAndServicesSold": "407315000", "operatingIncome": "138248000", "sellingGeneralAndAdministrative": "None", "researchAndDevelopment": "47636000", "operatingExpenses": "258373000", "investmentIncomeNet": "None", "netInterestIncome": "None", "interestIncome": "None", "interestExpense": "14421000", "nonInterestIncome": "None", "otherNonOperatingIncome": "None", "depreciation": "None", "depreciationAndAmortization": "56908000", "incomeBeforeTax": "65296000", "incomeTaxExpense": "747000", "interestAndDebtExpense": "None", "netIncomeFromContinuingOperations": "None", "comprehensiveIncomeNetOfTax": "None", "ebit": "119322000", "ebitda": "176230000", "netIncome": "64501000"}, {"fiscalDateEnding": "2019-09-30", "reportedCurrency": "USD", "grossProfit": "342275000", "totalRevenue": "706923000", "costOfRevenue": "364648000", "costofGoodsAndServicesSold": "364648000", "operatingIncome": "78660000", "sellingGeneralAndAdministrative": "None", "researchAndDevelopment": "45376000", "operatingExpenses": "249547000", "investmentIncomeNet": "None", "netInterestIncome": "None", "interestIncome": "None", "interestExpense": "16149000", "nonInterestIncome": "None", "otherNonOperatingIncome": "None", "depreciation": "None", "depreciationAndAmortization": "53324000", "incomeBeforeTax": "63254000", "incomeTaxExpense": "4644000", "interestAndDebtExpense": "None", "netIncomeFromContinuingOperations": "None", "comprehensiveIncomeNetOfTax": "None", "ebit": "104666000", "ebitda": "157990000", "netIncome": "58558000"}, {"fiscalDateEnding": "2019-06-30", "reportedCurrency": "USD", "grossProfit": "347793000", "totalRevenue": "722517000", "costOfRevenue": "374724000", "costofGoodsAndServicesSold": "374724000", "operatingIncome": "91735000", "sellingGeneralAndAdministrative": "None", "researchAndDevelopment": "48344000", "operatingExpenses": "249897000", "investmentIncomeNet": "None", "netInterestIncome": "None", "interestIncome": "None", "interestExpense": "17207000", "nonInterestIncome": "None", "otherNonOperatingIncome": "None", "depreciation": "None", "depreciationAndAmortization": "53324000", "incomeBeforeTax": "71827000", "incomeTaxExpense": "2686000", "interestAndDebtExpense": "None", "netIncomeFromContinuingOperations": "None", "comprehensiveIncomeNetOfTax": "None", "ebit": "106055000", "ebitda": "159379000", "netIncome": "69087000"}, {"fiscalDateEnding": "2019-03-31", "reportedCurrency": "USD", "grossProfit": "307806000", "totalRevenue": "648737000", "costOfRevenue": "340931000", "costofGoodsAndServicesSold": "340931000", "operatingIncome": "53330000", "sellingGeneralAndAdministrative": "None", "researchAndDevelopment": "47980000", "operatingExpenses": "246837000", "investmentIncomeNet": "None", "netInterestIncome": "None", "interestIncome": "None", "interestExpense": "15850000", "nonInterestIncome": "None", "otherNonOperatingIncome": "None", "depreciation": "None", "depreciationAndAmortization": "50469000", "incomeBeforeTax": "36765000", "incomeTaxExpense": "1312000", "interestAndDebtExpense": "None", "netIncomeFromContinuingOperations": "None", "comprehensiveIncomeNetOfTax": "None", "ebit": "67854000", "ebitda": "118323000", "netIncome": "35412000"}, {"fiscalDateEnding": "2018-12-31", "reportedCurrency": "USD", "grossProfit": "376250000", "totalRevenue": "756349000", "costOfRevenue": "380099000", "costofGoodsAndServicesSold": "380099000", "operatingIncome": "115683000", "sellingGeneralAndAdministrative": "None", "researchAndDevelopment": "51970000", "operatingExpenses": "262509000", "investmentIncomeNet": "None", "netInterestIncome": "None", "interestIncome": "None", "interestExpense": "16231000", "nonInterestIncome": "None", "otherNonOperatingIncome": "None", "depreciation": "None", "depreciationAndAmortization": "25424000", "incomeBeforeTax": "79429000", "incomeTaxExpense": "8107000", "interestAndDebtExpense": "None", "netIncomeFromContinuingOperations": "None", "comprehensiveIncomeNetOfTax": "None", "ebit": "131565000", "ebitda": "156989000", "netIncome": "71292000"}, {"fiscalDateEnding": "2018-09-30", "reportedCurrency": "USD", "grossProfit": "332327000", "totalRevenue": "674313000", "costOfRevenue": "341986000", "costofGoodsAndServicesSold": "341986000", "operatingIncome": "80202000", "sellingGeneralAndAdministrative": "None", "researchAndDevelopment": "48848000", "operatingExpenses": "245617000", "investmentIncomeNet": "None", "netInterestIncome": "None", "interestIncome": "None", "interestExpense": "16684000", "nonInterestIncome": "None", "otherNonOperatingIncome": "None", "depreciation": "None", "depreciationAndAmortization": "53161000", "incomeBeforeTax": "78041000", "incomeTaxExpense": "2596000", "interestAndDebtExpense": "None", "netIncomeFromContinuingOperations": "None", "comprehensiveIncomeNetOfTax": "None", "ebit": "87650000", "ebitda": "140811000", "netIncome": "76548000"}, {"fiscalDateEnding": "2018-06-30", "reportedCurrency": "USD", "grossProfit": "340140000", "totalRevenue": "703362000", "costOfRevenue": "363222000", "costofGoodsAndServicesSold": "363222000", "operatingIncome": "88064000", "sellingGeneralAndAdministrative": "None", "researchAndDevelopment": "47196000", "operatingExpenses": "252076000", "investmentIncomeNet": "None", "netInterestIncome": "None", "interestIncome": "None", "interestExpense": "16411000", "nonInterestIncome": "None", "otherNonOperatingIncome": "None", "depreciation": "None", "depreciationAndAmortization": "43827000", "incomeBeforeTax": "71708000", "incomeTaxExpense": "7035000", "interestAndDebtExpense": "None", "netIncomeFromContinuingOperations": "None", "comprehensiveIncomeNetOfTax": "None", "ebit": "88064000", "ebitda": "131891000", "netIncome": "64063000"}, {"fiscalDateEnding": "2018-03-31", "reportedCurrency": "USD", "grossProfit": "292222000", "totalRevenue": "643972000", "costOfRevenue": "351750000", "costofGoodsAndServicesSold": "351750000", "operatingIncome": "39935000", "sellingGeneralAndAdministrative": "None", "researchAndDevelopment": "45984000", "operatingExpenses": "245709000", "investmentIncomeNet": "None", "netInterestIncome": "None", "interestIncome": "None", "interestExpense": "17650000", "nonInterestIncome": "None", "otherNonOperatingIncome": "None", "depreciation": "None", "depreciationAndAmortization": "57251000", "incomeBeforeTax": "28505000", "incomeTaxExpense": "2470000", "interestAndDebtExpense": "None", "netIncomeFromContinuingOperations": "None", "comprehensiveIncomeNetOfTax": "None", "ebit": "52440000", "ebitda": "109691000", "netIncome": "26024000"}, {"fiscalDateEnding": "2017-12-31", "reportedCurrency": "USD", "grossProfit": "307095000", "totalRevenue": "641630000", "costOfRevenue": "334535000", "costofGoodsAndServicesSold": "334535000", "operatingIncome": "97420000", "sellingGeneralAndAdministrative": "None", "researchAndDevelopment": "37667000", "operatingExpenses": "209938000", "investmentIncomeNet": "None", "netInterestIncome": "None", "interestIncome": "None", "interestExpense": "11430000", "nonInterestIncome": "None", "otherNonOperatingIncome": "None", "depreciation": "None", "depreciationAndAmortization": "24137000", "incomeBeforeTax": "80889000", "incomeTaxExpense": "119333000", "interestAndDebtExpense": "None", "netIncomeFromContinuingOperations": "None", "comprehensiveIncomeNetOfTax": "None", "ebit": "87525000", "ebitda": "111662000", "netIncome": "-38444000"}, {"fiscalDateEnding": "2017-09-30", "reportedCurrency": "USD", "grossProfit": "268822000", "totalRevenue": "554275000", "costOfRevenue": "285453000", "costofGoodsAndServicesSold": "285453000", "operatingIncome": "72904000", "sellingGeneralAndAdministrative": "None", "researchAndDevelopment": "34887000", "operatingExpenses": "185746000", "investmentIncomeNet": "None", "netInterestIncome": "None", "interestIncome": "None", "interestExpense": "10974000", "nonInterestIncome": "None", "otherNonOperatingIncome": "None", "depreciation": "None", "depreciationAndAmortization": "26002000", "incomeBeforeTax": "105054000", "incomeTaxExpense": "8508000", "interestAndDebtExpense": "None", "netIncomeFromContinuingOperations": "None", "comprehensiveIncomeNetOfTax": "None", "ebit": "89158000", "ebitda": "115160000", "netIncome": "91078000"}, {"fiscalDateEnding": "2017-06-30", "reportedCurrency": "USD", "grossProfit": "257503000", "totalRevenue": "546962000", "costOfRevenue": "289459000", "costofGoodsAndServicesSold": "289459000", "operatingIncome": "75997000", "sellingGeneralAndAdministrative": "None", "researchAndDevelopment": "33562000", "operatingExpenses": "181506000", "investmentIncomeNet": "None", "netInterestIncome": "None", "interestIncome": "None", "interestExpense": "10672000", "nonInterestIncome": "None", "otherNonOperatingIncome": "None", "depreciation": "None", "depreciationAndAmortization": "30526000", "incomeBeforeTax": "70792000", "incomeTaxExpense": "8066000", "interestAndDebtExpense": "None", "netIncomeFromContinuingOperations": "None", "comprehensiveIncomeNetOfTax": "None", "ebit": "76113000", "ebitda": "106639000", "netIncome": "62726000"}, {"fiscalDateEnding": "2017-03-31", "reportedCurrency": "USD", "grossProfit": "239611000", "totalRevenue": "514115000", "costOfRevenue": "274504000", "costofGoodsAndServicesSold": "274504000", "operatingIncome": "51579000", "sellingGeneralAndAdministrative": "None", "researchAndDevelopment": "33288000", "operatingExpenses": "178381000", "investmentIncomeNet": "None", "netInterestIncome": "None", "interestIncome": "None", "interestExpense": "10864000", "nonInterestIncome": "None", "otherNonOperatingIncome": "None", "depreciation": "None", "depreciationAndAmortization": "33666000", "incomeBeforeTax": "39983000", "incomeTaxExpense": "3921000", "interestAndDebtExpense": "None", "netIncomeFromContinuingOperations": "None", "comprehensiveIncomeNetOfTax": "None", "ebit": "56130000", "ebitda": "89796000", "netIncome": "38603000"}, {"fiscalDateEnding": "2016-12-31", "reportedCurrency": "USD", "grossProfit": "276163000", "totalRevenue": "566770000", "costOfRevenue": "290607000", "costofGoodsAndServicesSold": "290607000", "operatingIncome": "80442000", "sellingGeneralAndAdministrative": "None", "researchAndDevelopment": "32926000", "operatingExpenses": "195721000", "investmentIncomeNet": "None", "netInterestIncome": "None", "interestIncome": "None", "interestExpense": "10750000", "nonInterestIncome": "None", "otherNonOperatingIncome": "None", "depreciation": "None", "depreciationAndAmortization": "24959000", "incomeBeforeTax": "69186000", "incomeTaxExpense": "6897000", "interestAndDebtExpense": "None", "netIncomeFromContinuingOperations": "None", "comprehensiveIncomeNetOfTax": "None", "ebit": "80442000", "ebitda": "105401000", "netIncome": "64849000"}, {"fiscalDateEnding": "2016-09-30", "reportedCurrency": "USD", "grossProfit": "260799000", "totalRevenue": "548054000", "costOfRevenue": "287255000", "costofGoodsAndServicesSold": "287255000", "operatingIncome": "81228000", "sellingGeneralAndAdministrative": "None", "researchAndDevelopment": "33175000", "operatingExpenses": "178968000", "investmentIncomeNet": "None", "netInterestIncome": "None", "interestIncome": "None", "interestExpense": "10998000", "nonInterestIncome": "None", "otherNonOperatingIncome": "None", "depreciation": "None", "depreciationAndAmortization": "26229000", "incomeBeforeTax": "69965000", "incomeTaxExpense": "12216000", "interestAndDebtExpense": "None", "netIncomeFromContinuingOperations": "None", "comprehensiveIncomeNetOfTax": "None", "ebit": "80625000", "ebitda": "106854000", "netIncome": "58127000"}, {"fiscalDateEnding": "2016-06-30", "reportedCurrency": "USD", "grossProfit": "265283000", "totalRevenue": "572667000", "costOfRevenue": "307384000", "costofGoodsAndServicesSold": "307384000", "operatingIncome": "71193000", "sellingGeneralAndAdministrative": "None", "researchAndDevelopment": "35007000", "operatingExpenses": "189001000", "investmentIncomeNet": "None", "netInterestIncome": "None", "interestIncome": "None", "interestExpense": "9939000", "nonInterestIncome": "None", "otherNonOperatingIncome": "None", "depreciation": "None", "depreciationAndAmortization": "30512000", "incomeBeforeTax": "65800000", "incomeTaxExpense": "4578000", "interestAndDebtExpense": "None", "netIncomeFromContinuingOperations": "None", "comprehensiveIncomeNetOfTax": "None", "ebit": "69873000", "ebitda": "100385000", "netIncome": "63857000"}, {"fiscalDateEnding": "2016-03-31", "reportedCurrency": "USD", "grossProfit": "250097000", "totalRevenue": "538684000", "costOfRevenue": "288587000", "costofGoodsAndServicesSold": "288587000", "operatingIncome": "68767000", "sellingGeneralAndAdministrative": "None", "researchAndDevelopment": "33785000", "operatingExpenses": "181330000", "investmentIncomeNet": "None", "netInterestIncome": "None", "interestIncome": "None", "interestExpense": "9841000", "nonInterestIncome": "None", "otherNonOperatingIncome": "None", "depreciation": "None", "depreciationAndAmortization": "25712000", "incomeBeforeTax": "57681000", "incomeTaxExpense": "10176000", "interestAndDebtExpense": "None", "netIncomeFromContinuingOperations": "None", "comprehensiveIncomeNetOfTax": "None", "ebit": "62114000", "ebitda": "87826000", "netIncome": "47466000"}, {"fiscalDateEnding": "2015-12-31", "reportedCurrency": "USD", "grossProfit": "282011000", "totalRevenue": "608116000", "costOfRevenue": "326105000", "costofGoodsAndServicesSold": "326105000", "operatingIncome": "84724000", "sellingGeneralAndAdministrative": "None", "researchAndDevelopment": "30030000", "operatingExpenses": "188535000", "investmentIncomeNet": "None", "netInterestIncome": "None", "interestIncome": "None", "interestExpense": "9433000", "nonInterestIncome": "None", "otherNonOperatingIncome": "None", "depreciation": "None", "depreciationAndAmortization": "36524000", "incomeBeforeTax": "74813000", "incomeTaxExpense": "6329000", "interestAndDebtExpense": "None", "netIncomeFromContinuingOperations": "None", "comprehensiveIncomeNetOfTax": "None", "ebit": "75972000", "ebitda": "112496000", "netIncome": "68254000"}, {"fiscalDateEnding": "2015-09-30", "reportedCurrency": "USD", "grossProfit": "254603000", "totalRevenue": "563436000", "costOfRevenue": "308833000", "costofGoodsAndServicesSold": "308833000", "operatingIncome": "75898000", "sellingGeneralAndAdministrative": "None", "researchAndDevelopment": "31095000", "operatingExpenses": "178823000", "investmentIncomeNet": "None", "netInterestIncome": "None", "interestIncome": "None", "interestExpense": "9874000", "nonInterestIncome": "None", "otherNonOperatingIncome": "None", "depreciation": "None", "depreciationAndAmortization": "24976000", "incomeBeforeTax": "63954000", "incomeTaxExpense": "9057000", "interestAndDebtExpense": "None", "netIncomeFromContinuingOperations": "None", "comprehensiveIncomeNetOfTax": "None", "ebit": "78938000", "ebitda": "103914000", "netIncome": "54863000"}, {"fiscalDateEnding": "2015-06-30", "reportedCurrency": "USD", "grossProfit": "252512000", "totalRevenue": "563906000", "costOfRevenue": "311394000", "costofGoodsAndServicesSold": "311394000", "operatingIncome": "68131000", "sellingGeneralAndAdministrative": "None", "researchAndDevelopment": "32683000", "operatingExpenses": "179425000", "investmentIncomeNet": "None", "netInterestIncome": "None", "interestIncome": "None", "interestExpense": "9302000", "nonInterestIncome": "None", "otherNonOperatingIncome": "None", "depreciation": "None", "depreciationAndAmortization": "31674000", "incomeBeforeTax": "57288000", "incomeTaxExpense": "8292000", "interestAndDebtExpense": "None", "netIncomeFromContinuingOperations": "None", "comprehensiveIncomeNetOfTax": "None", "ebit": "71391000", "ebitda": "103065000", "netIncome": "48974000"}, {"fiscalDateEnding": "2015-03-31", "reportedCurrency": "USD", "grossProfit": "235374000", "totalRevenue": "526901000", "costOfRevenue": "291527000", "costofGoodsAndServicesSold": "291527000", "operatingIncome": "57381000", "sellingGeneralAndAdministrative": "None", "researchAndDevelopment": "32120000", "operatingExpenses": "177993000", "investmentIncomeNet": "None", "netInterestIncome": "None", "interestIncome": "None", "interestExpense": "9388000", "nonInterestIncome": "None", "otherNonOperatingIncome": "None", "depreciation": "None", "depreciationAndAmortization": "28301000", "incomeBeforeTax": "47960000", "incomeTaxExpense": "7649000", "interestAndDebtExpense": "None", "netIncomeFromContinuingOperations": "None", "comprehensiveIncomeNetOfTax": "None", "ebit": "62484000", "ebitda": "90785000", "netIncome": "40334000"}, {"fiscalDateEnding": "2014-12-31", "reportedCurrency": "USD", "grossProfit": "277602000", "totalRevenue": "608390000", "costOfRevenue": "330788000", "costofGoodsAndServicesSold": "330788000", "operatingIncome": "30567000", "sellingGeneralAndAdministrative": "None", "researchAndDevelopment": "30966000", "operatingExpenses": "247614000", "investmentIncomeNet": "None", "netInterestIncome": "None", "interestIncome": "None", "interestExpense": "9063000", "nonInterestIncome": "None", "otherNonOperatingIncome": "None", "depreciation": "None", "depreciationAndAmortization": "28467000", "incomeBeforeTax": "20647000", "incomeTaxExpense": "-10667000", "interestAndDebtExpense": "None", "netIncomeFromContinuingOperations": "None", "comprehensiveIncomeNetOfTax": "None", "ebit": "28913000", "ebitda": "57380000", "netIncome": "30787000"}, {"fiscalDateEnding": "2014-09-30", "reportedCurrency": "USD", "grossProfit": "243309000", "totalRevenue": "542049000", "costOfRevenue": "298740000", "costofGoodsAndServicesSold": "298740000", "operatingIncome": "58776000", "sellingGeneralAndAdministrative": "None", "researchAndDevelopment": "30444000", "operatingExpenses": "173441000", "investmentIncomeNet": "None", "netInterestIncome": "None", "interestIncome": "None", "interestExpense": "8909000", "nonInterestIncome": "None", "otherNonOperatingIncome": "None", "depreciation": "None", "depreciationAndAmortization": "37961000", "incomeBeforeTax": "47810000", "incomeTaxExpense": "4912000", "interestAndDebtExpense": "None", "netIncomeFromContinuingOperations": "None", "comprehensiveIncomeNetOfTax": "None", "ebit": "60886000", "ebitda": "98847000", "netIncome": "42277000"}, {"fiscalDateEnding": "2014-06-30", "reportedCurrency": "USD", "grossProfit": "247984000", "totalRevenue": "556170000", "costOfRevenue": "308186000", "costofGoodsAndServicesSold": "308186000", "operatingIncome": "69637000", "sellingGeneralAndAdministrative": "None", "researchAndDevelopment": "30352000", "operatingExpenses": "177605000", "investmentIncomeNet": "None", "netInterestIncome": "None", "interestIncome": "None", "interestExpense": "9079000", "nonInterestIncome": "None", "otherNonOperatingIncome": "None", "depreciation": "None", "depreciationAndAmortization": "29436000", "incomeBeforeTax": "60673000", "incomeTaxExpense": "8670000", "interestAndDebtExpense": "None", "netIncomeFromContinuingOperations": "None", "comprehensiveIncomeNetOfTax": "None", "ebit": "71399000", "ebitda": "100835000", "netIncome": "50490000"}, {"fiscalDateEnding": "2014-03-31", "reportedCurrency": "USD", "grossProfit": "235520000", "totalRevenue": "531904000", "costOfRevenue": "296384000", "costofGoodsAndServicesSold": "296384000", "operatingIncome": "50732000", "sellingGeneralAndAdministrative": "None", "researchAndDevelopment": "29449000", "operatingExpenses": "182653000", "investmentIncomeNet": "None", "netInterestIncome": "None", "interestIncome": "None", "interestExpense": "9219000", "nonInterestIncome": "None", "otherNonOperatingIncome": "None", "depreciation": "None", "depreciationAndAmortization": "29508000", "incomeBeforeTax": "39443000", "incomeTaxExpense": "5124000", "interestAndDebtExpense": "None", "netIncomeFromContinuingOperations": "None", "comprehensiveIncomeNetOfTax": "None", "ebit": "57072000", "ebitda": "86580000", "netIncome": "34224000"}, {"fiscalDateEnding": "2013-12-31", "reportedCurrency": "USD", "grossProfit": "276278000", "totalRevenue": "593280000", "costOfRevenue": "317002000", "costofGoodsAndServicesSold": "317002000", "operatingIncome": "84681000", "sellingGeneralAndAdministrative": "None", "researchAndDevelopment": "32702000", "operatingExpenses": "174651000", "investmentIncomeNet": "None", "netInterestIncome": "None", "interestIncome": "None", "interestExpense": "14614000", "nonInterestIncome": "None", "otherNonOperatingIncome": "None", "depreciation": "None", "depreciationAndAmortization": "36713000", "incomeBeforeTax": "57816000", "incomeTaxExpense": "-8184000", "interestAndDebtExpense": "None", "netIncomeFromContinuingOperations": "None", "comprehensiveIncomeNetOfTax": "None", "ebit": "84681000", "ebitda": "121394000", "netIncome": "66873000"}, {"fiscalDateEnding": "2013-09-30", "reportedCurrency": "USD", "grossProfit": "233512000", "totalRevenue": "524277000", "costOfRevenue": "290765000", "costofGoodsAndServicesSold": "290765000", "operatingIncome": "57196000", "sellingGeneralAndAdministrative": "None", "researchAndDevelopment": "31541000", "operatingExpenses": "175190000", "investmentIncomeNet": "None", "netInterestIncome": "None", "interestIncome": "None", "interestExpense": "11704000", "nonInterestIncome": "None", "otherNonOperatingIncome": "None", "depreciation": "None", "depreciationAndAmortization": "34133000", "incomeBeforeTax": "44856000", "incomeTaxExpense": "4557000", "interestAndDebtExpense": "None", "netIncomeFromContinuingOperations": "None", "comprehensiveIncomeNetOfTax": "None", "ebit": "57506000", "ebitda": "91639000", "netIncome": "40198000"}, {"fiscalDateEnding": "2013-06-30", "reportedCurrency": "USD", "grossProfit": "242299000", "totalRevenue": "543297000", "costOfRevenue": "300998000", "costofGoodsAndServicesSold": "300998000", "operatingIncome": "47092000", "sellingGeneralAndAdministrative": "None", "researchAndDevelopment": "34603000", "operatingExpenses": "183358000", "investmentIncomeNet": "None", "netInterestIncome": "None", "interestIncome": "None", "interestExpense": "11913000", "nonInterestIncome": "None", "otherNonOperatingIncome": "None", "depreciation": "None", "depreciationAndAmortization": "32239000", "incomeBeforeTax": "26799000", "incomeTaxExpense": "-137000", "interestAndDebtExpense": "None", "netIncomeFromContinuingOperations": "None", "comprehensiveIncomeNetOfTax": "None", "ebit": "38434000", "ebitda": "70673000", "netIncome": "27925000"}, {"fiscalDateEnding": "2013-03-31", "reportedCurrency": "USD", "grossProfit": "224885000", "totalRevenue": "505378000", "costOfRevenue": "280493000", "costofGoodsAndServicesSold": "280493000", "operatingIncome": "35901000", "sellingGeneralAndAdministrative": "None", "researchAndDevelopment": "34177000", "operatingExpenses": "185674000", "investmentIncomeNet": "None", "netInterestIncome": "None", "interestIncome": "None", "interestExpense": "11693000", "nonInterestIncome": "None", "otherNonOperatingIncome": "None", "depreciation": "None", "depreciationAndAmortization": "33534000", "incomeBeforeTax": "23861000", "incomeTaxExpense": "-8428000", "interestAndDebtExpense": "None", "netIncomeFromContinuingOperations": "None", "comprehensiveIncomeNetOfTax": "None", "ebit": "35901000", "ebitda": "69435000", "netIncome": "32216000"}, {"fiscalDateEnding": "2012-12-31", "reportedCurrency": "USD", "grossProfit": "261658000", "totalRevenue": "572921000", "costOfRevenue": "311263000", "costofGoodsAndServicesSold": "311263000", "operatingIncome": "47167000", "sellingGeneralAndAdministrative": "None", "researchAndDevelopment": "33538000", "operatingExpenses": "214246000", "investmentIncomeNet": "None", "netInterestIncome": "None", "interestIncome": "None", "interestExpense": "11651000", "nonInterestIncome": "None", "otherNonOperatingIncome": "None", "depreciation": "None", "depreciationAndAmortization": "32074000", "incomeBeforeTax": "-42740000", "incomeTaxExpense": "-26548000", "interestAndDebtExpense": "None", "netIncomeFromContinuingOperations": "None", "comprehensiveIncomeNetOfTax": "None", "ebit": "-31089000", "ebitda": "985000", "netIncome": "-16192000"}, {"fiscalDateEnding": "2012-09-30", "reportedCurrency": "USD", "grossProfit": "230740000", "totalRevenue": "509604000", "costOfRevenue": "278864000", "costofGoodsAndServicesSold": "278864000", "operatingIncome": "43218000", "sellingGeneralAndAdministrative": "None", "researchAndDevelopment": "32408000", "operatingExpenses": "177850000", "investmentIncomeNet": "None", "netInterestIncome": "None", "interestIncome": "None", "interestExpense": "11360000", "nonInterestIncome": "None", "otherNonOperatingIncome": "None", "depreciation": "None", "depreciationAndAmortization": "40374000", "incomeBeforeTax": "31346000", "incomeTaxExpense": "2357000", "interestAndDebtExpense": "None", "netIncomeFromContinuingOperations": "None", "comprehensiveIncomeNetOfTax": "None", "ebit": "32960000", "ebitda": "73334000", "netIncome": "29594000"}, {"fiscalDateEnding": "2012-06-30", "reportedCurrency": "USD", "grossProfit": "238794000", "totalRevenue": "521790000", "costOfRevenue": "282996000", "costofGoodsAndServicesSold": "282996000", "operatingIncome": "49787000", "sellingGeneralAndAdministrative": "None", "researchAndDevelopment": "34069000", "operatingExpenses": "183804000", "investmentIncomeNet": "None", "netInterestIncome": "None", "interestIncome": "None", "interestExpense": "11339000", "nonInterestIncome": "None", "otherNonOperatingIncome": "None", "depreciation": "None", "depreciationAndAmortization": "37509000", "incomeBeforeTax": "38429000", "incomeTaxExpense": "4861000", "interestAndDebtExpense": "None", "netIncomeFromContinuingOperations": "None", "comprehensiveIncomeNetOfTax": "None", "ebit": "44415000", "ebitda": "81924000", "netIncome": "33633000"}, {"fiscalDateEnding": "2012-03-31", "reportedCurrency": "USD", "grossProfit": "232014000", "totalRevenue": "510890000", "costOfRevenue": "278876000", "costofGoodsAndServicesSold": "278876000", "operatingIncome": "36382000", "sellingGeneralAndAdministrative": "None", "researchAndDevelopment": "32624000", "operatingExpenses": "189473000", "investmentIncomeNet": "None", "netInterestIncome": "None", "interestIncome": "None", "interestExpense": "11437000", "nonInterestIncome": "None", "otherNonOperatingIncome": "None", "depreciation": "None", "depreciationAndAmortization": "38376000", "incomeBeforeTax": "23552000", "incomeTaxExpense": "1476000", "interestAndDebtExpense": "None", "netIncomeFromContinuingOperations": "None", "comprehensiveIncomeNetOfTax": "None", "ebit": "36382000", "ebitda": "74758000", "netIncome": "22569000"}, {"fiscalDateEnding": "2011-12-31", "reportedCurrency": "USD", "grossProfit": "241806000", "totalRevenue": "540192000", "costOfRevenue": "298386000", "costofGoodsAndServicesSold": "298386000", "operatingIncome": "-6264000", "sellingGeneralAndAdministrative": "None", "researchAndDevelopment": "31105000", "operatingExpenses": "248600000", "investmentIncomeNet": "None", "netInterestIncome": "None", "interestIncome": "None", "interestExpense": "12205000", "nonInterestIncome": "None", "otherNonOperatingIncome": "None", "depreciation": "None", "depreciationAndAmortization": "32203000", "incomeBeforeTax": "-32743000", "incomeTaxExpense": "46579000", "interestAndDebtExpense": "None", "netIncomeFromContinuingOperations": "None", "comprehensiveIncomeNetOfTax": "None", "ebit": "-20538000", "ebitda": "11665000", "netIncome": "-79322000"}, {"fiscalDateEnding": "2011-09-30", "reportedCurrency": "USD", "grossProfit": "199547000", "totalRevenue": "453740000", "costOfRevenue": "254193000", "costofGoodsAndServicesSold": "254193000", "operatingIncome": "34208000", "sellingGeneralAndAdministrative": "None", "researchAndDevelopment": "30234000", "operatingExpenses": "165339000", "investmentIncomeNet": "None", "netInterestIncome": "None", "interestIncome": "None", "interestExpense": "4449000", "nonInterestIncome": "None", "otherNonOperatingIncome": "None", "depreciation": "None", "depreciationAndAmortization": "28666000", "incomeBeforeTax": "30292000", "incomeTaxExpense": "3591000", "interestAndDebtExpense": "None", "netIncomeFromContinuingOperations": "None", "comprehensiveIncomeNetOfTax": "None", "ebit": "34208000", "ebitda": "62874000", "netIncome": "26701000"}, {"fiscalDateEnding": "2011-06-30", "reportedCurrency": "USD", "grossProfit": "209005000", "totalRevenue": "479491000", "costOfRevenue": "270486000", "costofGoodsAndServicesSold": "270486000", "operatingIncome": "37490000", "sellingGeneralAndAdministrative": "None", "researchAndDevelopment": "28165000", "operatingExpenses": "168175000", "investmentIncomeNet": "None", "netInterestIncome": "None", "interestIncome": "None", "interestExpense": "4213000", "nonInterestIncome": "None", "otherNonOperatingIncome": "None", "depreciation": "None", "depreciationAndAmortization": "30471000", "incomeBeforeTax": "33219000", "incomeTaxExpense": "5326000", "interestAndDebtExpense": "None", "netIncomeFromContinuingOperations": "None", "comprehensiveIncomeNetOfTax": "None", "ebit": "35538000", "ebitda": "66009000", "netIncome": "29761000"}, {"fiscalDateEnding": "2011-03-31", "reportedCurrency": "USD", "grossProfit": "200221000", "totalRevenue": "447864000", "costOfRevenue": "247643000", "costofGoodsAndServicesSold": "247643000", "operatingIncome": "39342000", "sellingGeneralAndAdministrative": "None", "researchAndDevelopment": "26317000", "operatingExpenses": "160879000", "investmentIncomeNet": "None", "netInterestIncome": "None", "interestIncome": "None", "interestExpense": "3916000", "nonInterestIncome": "None", "otherNonOperatingIncome": "None", "depreciation": "None", "depreciationAndAmortization": "24275000", "incomeBeforeTax": "33586000", "incomeTaxExpense": "7686000", "interestAndDebtExpense": "None", "netIncomeFromContinuingOperations": "None", "comprehensiveIncomeNetOfTax": "None", "ebit": "39269000", "ebitda": "63544000", "netIncome": "24913000"}, {"fiscalDateEnding": "2010-12-31", "reportedCurrency": "USD", "grossProfit": "208329000", "totalRevenue": "469970000", "costOfRevenue": "261641000", "costofGoodsAndServicesSold": "261641000", "operatingIncome": "48321000", "sellingGeneralAndAdministrative": "None", "researchAndDevelopment": "25612000", "operatingExpenses": "150878000", "investmentIncomeNet": "None", "netInterestIncome": "None", "interestIncome": "None", "interestExpense": "3954000", "nonInterestIncome": "None", "otherNonOperatingIncome": "None", "depreciation": "None", "depreciationAndAmortization": "32713000", "incomeBeforeTax": "44853000", "incomeTaxExpense": "2291000", "interestAndDebtExpense": "None", "netIncomeFromContinuingOperations": "None", "comprehensiveIncomeNetOfTax": "None", "ebit": "39387000", "ebitda": "72100000", "netIncome": "42562000"}, {"fiscalDateEnding": "2010-09-30", "reportedCurrency": "USD", "grossProfit": "185783000", "totalRevenue": "419143000", "costOfRevenue": "233360000", "costofGoodsAndServicesSold": "233360000", "operatingIncome": "41417000", "sellingGeneralAndAdministrative": "None", "researchAndDevelopment": "23814000", "operatingExpenses": "144366000", "investmentIncomeNet": "None", "netInterestIncome": "None", "interestIncome": "None", "interestExpense": "4185000", "nonInterestIncome": "None", "otherNonOperatingIncome": "None", "depreciation": "None", "depreciationAndAmortization": "17544000", "incomeBeforeTax": "34737000", "incomeTaxExpense": "8192000", "interestAndDebtExpense": "None", "netIncomeFromContinuingOperations": "None", "comprehensiveIncomeNetOfTax": "None", "ebit": "44171000", "ebitda": "61715000", "netIncome": "26545000"}, {"fiscalDateEnding": "2010-06-30", "reportedCurrency": "USD", "grossProfit": "212804000", "totalRevenue": "497839000", "costOfRevenue": "285035000", "costofGoodsAndServicesSold": "285035000", "operatingIncome": "42621000", "sellingGeneralAndAdministrative": "None", "researchAndDevelopment": "27039000", "operatingExpenses": "160333000", "investmentIncomeNet": "None", "netInterestIncome": "None", "interestIncome": "None", "interestExpense": "4230000", "nonInterestIncome": "None", "otherNonOperatingIncome": "None", "depreciation": "None", "depreciationAndAmortization": "34948000", "incomeBeforeTax": "63992000", "incomeTaxExpense": "10137000", "interestAndDebtExpense": "None", "netIncomeFromContinuingOperations": "None", "comprehensiveIncomeNetOfTax": "None", "ebit": "42621000", "ebitda": "77569000", "netIncome": "57643000"}, {"fiscalDateEnding": "2010-03-31", "reportedCurrency": "USD", "grossProfit": "198632000", "totalRevenue": "465092000", "costOfRevenue": "266460000", "costofGoodsAndServicesSold": "266460000", "operatingIncome": "39449000", "sellingGeneralAndAdministrative": "None", "researchAndDevelopment": "27089000", "operatingExpenses": "159183000", "investmentIncomeNet": "None", "netInterestIncome": "None", "interestIncome": "None", "interestExpense": "4071000", "nonInterestIncome": "None", "otherNonOperatingIncome": "None", "depreciation": "None", "depreciationAndAmortization": "23770000", "incomeBeforeTax": "36060000", "incomeTaxExpense": "9953000", "interestAndDebtExpense": "None", "netIncomeFromContinuingOperations": "None", "comprehensiveIncomeNetOfTax": "None", "ebit": "27531000", "ebitda": "51301000", "netIncome": "24391000"}, {"fiscalDateEnding": "2009-12-31", "reportedCurrency": "USD", "grossProfit": "216796000", "totalRevenue": "508988000", "costOfRevenue": "292192000", "costofGoodsAndServicesSold": "292192000", "operatingIncome": "57505000", "sellingGeneralAndAdministrative": "None", "researchAndDevelopment": "28374000", "operatingExpenses": "159266000", "investmentIncomeNet": "None", "netInterestIncome": "None", "interestIncome": "None", "interestExpense": "3317000", "nonInterestIncome": "None", "otherNonOperatingIncome": "None", "depreciation": "None", "depreciationAndAmortization": "25828000", "incomeBeforeTax": "54408000", "incomeTaxExpense": "15701000", "interestAndDebtExpense": "None", "netIncomeFromContinuingOperations": "None", "comprehensiveIncomeNetOfTax": "None", "ebit": "56665000", "ebitda": "82493000", "netIncome": "39946000"}, {"fiscalDateEnding": "2009-09-30", "reportedCurrency": "USD", "grossProfit": "187570000", "totalRevenue": "437065000", "costOfRevenue": "249495000", "costofGoodsAndServicesSold": "249495000", "operatingIncome": "38927000", "sellingGeneralAndAdministrative": "None", "researchAndDevelopment": "27336000", "operatingExpenses": "148767000", "investmentIncomeNet": "None", "netInterestIncome": "None", "interestIncome": "None", "interestExpense": "4147000", "nonInterestIncome": "None", "otherNonOperatingIncome": "None", "depreciation": "None", "depreciationAndAmortization": "23196000", "incomeBeforeTax": "21599000", "incomeTaxExpense": "5578000", "interestAndDebtExpense": "None", "netIncomeFromContinuingOperations": "None", "comprehensiveIncomeNetOfTax": "None", "ebit": "11887000", "ebitda": "35083000", "netIncome": "13589000"}, {"fiscalDateEnding": "2009-06-30", "reportedCurrency": "USD", "grossProfit": "187473000", "totalRevenue": "434575000", "costOfRevenue": "247102000", "costofGoodsAndServicesSold": "247102000", "operatingIncome": "37943000", "sellingGeneralAndAdministrative": "None", "researchAndDevelopment": "25568000", "operatingExpenses": "149530000", "investmentIncomeNet": "None", "netInterestIncome": "None", "interestIncome": "None", "interestExpense": "4229000", "nonInterestIncome": "None", "otherNonOperatingIncome": "None", "depreciation": "None", "depreciationAndAmortization": "22454000", "incomeBeforeTax": "33762000", "incomeTaxExpense": "10807000", "interestAndDebtExpense": "None", "netIncomeFromContinuingOperations": "None", "comprehensiveIncomeNetOfTax": "None", "ebit": "37943000", "ebitda": "60397000", "netIncome": "21505000"}, {"fiscalDateEnding": "2009-03-31", "reportedCurrency": "USD", "grossProfit": "187955000", "totalRevenue": "431574000", "costOfRevenue": "243619000", "costofGoodsAndServicesSold": "243619000", "operatingIncome": "25745000", "sellingGeneralAndAdministrative": "None", "researchAndDevelopment": "25973000", "operatingExpenses": "154387000", "investmentIncomeNet": "None", "netInterestIncome": "None", "interestIncome": "None", "interestExpense": "5314000", "nonInterestIncome": "None", "otherNonOperatingIncome": "None", "depreciation": "None", "depreciationAndAmortization": "29901000", "incomeBeforeTax": "20908000", "incomeTaxExpense": "5847000", "interestAndDebtExpense": "None", "netIncomeFromContinuingOperations": "None", "comprehensiveIncomeNetOfTax": "None", "ebit": "16846000", "ebitda": "46747000", "netIncome": "15061000"}, {"fiscalDateEnding": "2008-12-31", "reportedCurrency": "USD", "grossProfit": "201728000", "totalRevenue": "421369000", "costOfRevenue": "219641000", "costofGoodsAndServicesSold": "219641000", "operatingIncome": "86103000", "sellingGeneralAndAdministrative": "None", "researchAndDevelopment": "21528000", "operatingExpenses": "138194000", "investmentIncomeNet": "None", "netInterestIncome": "None", "interestIncome": "None", "interestExpense": "47706000", "nonInterestIncome": "None", "otherNonOperatingIncome": "None", "depreciation": "None", "depreciationAndAmortization": "19235000", "incomeBeforeTax": "34952000", "incomeTaxExpense": "7734000", "interestAndDebtExpense": "None", "netIncomeFromContinuingOperations": "None", "comprehensiveIncomeNetOfTax": "None", "ebit": "63534000", "ebitda": "82769000", "netIncome": "30663000"}, {"fiscalDateEnding": "2008-09-30", "reportedCurrency": "USD", "grossProfit": "211160000", "totalRevenue": "505117000", "costOfRevenue": "293957000", "costofGoodsAndServicesSold": "293957000", "operatingIncome": "39439000", "sellingGeneralAndAdministrative": "None", "researchAndDevelopment": "27526000", "operatingExpenses": "158644000", "investmentIncomeNet": "None", "netInterestIncome": "None", "interestIncome": "None", "interestExpense": "13077000", "nonInterestIncome": "None", "otherNonOperatingIncome": "None", "depreciation": "None", "depreciationAndAmortization": "23569000", "incomeBeforeTax": "39252000", "incomeTaxExpense": "-4506000", "interestAndDebtExpense": "None", "netIncomeFromContinuingOperations": "None", "comprehensiveIncomeNetOfTax": "None", "ebit": "54103000", "ebitda": "77672000", "netIncome": "51902000"}, {"fiscalDateEnding": "2008-06-30", "reportedCurrency": "USD", "grossProfit": "219640000", "totalRevenue": "528636000", "costOfRevenue": "308996000", "costofGoodsAndServicesSold": "308996000", "operatingIncome": "47033000", "sellingGeneralAndAdministrative": "None", "researchAndDevelopment": "29890000", "operatingExpenses": "172912000", "investmentIncomeNet": "None", "netInterestIncome": "None", "interestIncome": "None", "interestExpense": "12407000", "nonInterestIncome": "None", "otherNonOperatingIncome": "None", "depreciation": "None", "depreciationAndAmortization": "22549000", "incomeBeforeTax": "42085000", "incomeTaxExpense": "10339000", "interestAndDebtExpense": "None", "netIncomeFromContinuingOperations": "None", "comprehensiveIncomeNetOfTax": "None", "ebit": "44452000", "ebitda": "67001000", "netIncome": "31746000"}, {"fiscalDateEnding": "2008-03-31", "reportedCurrency": "USD", "grossProfit": "197577000", "totalRevenue": "482343000", "costOfRevenue": "284766000", "costofGoodsAndServicesSold": "284766000", "operatingIncome": "36382000", "sellingGeneralAndAdministrative": "None", "researchAndDevelopment": "29118000", "operatingExpenses": "161195000", "investmentIncomeNet": "None", "netInterestIncome": "None", "interestIncome": "None", "interestExpense": "8945000", "nonInterestIncome": "None", "otherNonOperatingIncome": "None", "depreciation": "None", "depreciationAndAmortization": "22723000", "incomeBeforeTax": "31072000", "incomeTaxExpense": "7649000", "interestAndDebtExpense": "None", "netIncomeFromContinuingOperations": "None", "comprehensiveIncomeNetOfTax": "None", "ebit": "36382000", "ebitda": "59105000", "netIncome": "20138000"}, {"fiscalDateEnding": "2007-12-31", "reportedCurrency": "USD", "grossProfit": "213571000", "totalRevenue": "511473000", "costOfRevenue": "297902000", "costofGoodsAndServicesSold": "297902000", "operatingIncome": "51082000", "sellingGeneralAndAdministrative": "None", "researchAndDevelopment": "28771000", "operatingExpenses": "155655000", "investmentIncomeNet": "None", "netInterestIncome": "None", "interestIncome": "None", "interestExpense": "22386000", "nonInterestIncome": "None", "otherNonOperatingIncome": "None", "depreciation": "None", "depreciationAndAmortization": "35912000", "incomeBeforeTax": "45681000", "incomeTaxExpense": "-8929000", "interestAndDebtExpense": "None", "netIncomeFromContinuingOperations": "None", "comprehensiveIncomeNetOfTax": "None", "ebit": "42979000", "ebitda": "78891000", "netIncome": "52562000"}, {"fiscalDateEnding": "2007-09-30", "reportedCurrency": "USD", "grossProfit": "178501000", "totalRevenue": "435668000", "costOfRevenue": "257167000", "costofGoodsAndServicesSold": "257167000", "operatingIncome": "45836000", "sellingGeneralAndAdministrative": "None", "researchAndDevelopment": "27691000", "operatingExpenses": "134097000", "investmentIncomeNet": "None", "netInterestIncome": "None", "interestIncome": "None", "interestExpense": "5008000", "nonInterestIncome": "None", "otherNonOperatingIncome": "None", "depreciation": "None", "depreciationAndAmortization": "18872000", "incomeBeforeTax": "40556000", "incomeTaxExpense": "9454000", "interestAndDebtExpense": "None", "netIncomeFromContinuingOperations": "None", "comprehensiveIncomeNetOfTax": "None", "ebit": "45033000", "ebitda": "63905000", "netIncome": "30745000"}, {"fiscalDateEnding": "2007-06-30", "reportedCurrency": "USD", "grossProfit": "173978000", "totalRevenue": "437290000", "costOfRevenue": "263312000", "costofGoodsAndServicesSold": "263312000", "operatingIncome": "48104000", "sellingGeneralAndAdministrative": "None", "researchAndDevelopment": "27316000", "operatingExpenses": "121327000", "investmentIncomeNet": "None", "netInterestIncome": "None", "interestIncome": "None", "interestExpense": "2192000", "nonInterestIncome": "None", "otherNonOperatingIncome": "None", "depreciation": "None", "depreciationAndAmortization": "14582000", "incomeBeforeTax": "44674000", "incomeTaxExpense": "11371000", "interestAndDebtExpense": "None", "netIncomeFromContinuingOperations": "None", "comprehensiveIncomeNetOfTax": "None", "ebit": "48104000", "ebitda": "62686000", "netIncome": "33687000"}, {"fiscalDateEnding": "2007-03-31", "reportedCurrency": "USD", "grossProfit": "158690000", "totalRevenue": "402900000", "costOfRevenue": "244210000", "costofGoodsAndServicesSold": "244210000", "operatingIncome": "36746000", "sellingGeneralAndAdministrative": "None", "researchAndDevelopment": "27841000", "operatingExpenses": "129606000", "investmentIncomeNet": "None", "netInterestIncome": "None", "interestIncome": "None", "interestExpense": "16495000", "nonInterestIncome": "None", "otherNonOperatingIncome": "None", "depreciation": "None", "depreciationAndAmortization": "20536000", "incomeBeforeTax": "20378000", "incomeTaxExpense": "5559000", "interestAndDebtExpense": "None", "netIncomeFromContinuingOperations": "None", "comprehensiveIncomeNetOfTax": "None", "ebit": "29084000", "ebitda": "49620000", "netIncome": "14692000"}, {"fiscalDateEnding": "2006-12-31", "reportedCurrency": "USD", "grossProfit": "178854000", "totalRevenue": "426986000", "costOfRevenue": "248132000", "costofGoodsAndServicesSold": "248132000", "operatingIncome": "52202000", "sellingGeneralAndAdministrative": "None", "researchAndDevelopment": "27079000", "operatingExpenses": "130002000", "investmentIncomeNet": "None", "netInterestIncome": "None", "interestIncome": "None", "interestExpense": "2349000", "nonInterestIncome": "None", "otherNonOperatingIncome": "None", "depreciation": "None", "depreciationAndAmortization": "15383000", "incomeBeforeTax": "50954000", "incomeTaxExpense": "9885000", "interestAndDebtExpense": "None", "netIncomeFromContinuingOperations": "None", "comprehensiveIncomeNetOfTax": "None", "ebit": "51790000", "ebitda": "67173000", "netIncome": "41728000"}, {"fiscalDateEnding": "2006-09-30", "reportedCurrency": "USD", "grossProfit": "155941000", "totalRevenue": "386917000", "costOfRevenue": "230976000", "costofGoodsAndServicesSold": "230976000", "operatingIncome": "36515000", "sellingGeneralAndAdministrative": "None", "researchAndDevelopment": "24762000", "operatingExpenses": "119426000", "investmentIncomeNet": "None", "netInterestIncome": "None", "interestIncome": "None", "interestExpense": "1517000", "nonInterestIncome": "None", "otherNonOperatingIncome": "None", "depreciation": "None", "depreciationAndAmortization": "17150000", "incomeBeforeTax": "36738000", "incomeTaxExpense": "7823000", "interestAndDebtExpense": "None", "netIncomeFromContinuingOperations": "None", "comprehensiveIncomeNetOfTax": "None", "ebit": "36515000", "ebitda": "53665000", "netIncome": "29753000"}, {"fiscalDateEnding": "2006-06-30", "reportedCurrency": "USD", "grossProfit": "151589000", "totalRevenue": "377001000", "costOfRevenue": "225412000", "costofGoodsAndServicesSold": "225412000", "operatingIncome": "35693000", "sellingGeneralAndAdministrative": "None", "researchAndDevelopment": "25036000", "operatingExpenses": "116186000", "investmentIncomeNet": "None", "netInterestIncome": "None", "interestIncome": "None", "interestExpense": "3509000", "nonInterestIncome": "None", "otherNonOperatingIncome": "None", "depreciation": "None", "depreciationAndAmortization": "16861000", "incomeBeforeTax": "33879000", "incomeTaxExpense": "7559000", "interestAndDebtExpense": "None", "netIncomeFromContinuingOperations": "None", "comprehensiveIncomeNetOfTax": "None", "ebit": "35543000", "ebitda": "52404000", "netIncome": "24485000"}, {"fiscalDateEnding": "2006-03-31", "reportedCurrency": "USD", "grossProfit": "141687000", "totalRevenue": "355454000", "costOfRevenue": "213767000", "costofGoodsAndServicesSold": "213767000", "operatingIncome": "28992000", "sellingGeneralAndAdministrative": "None", "researchAndDevelopment": "22842000", "operatingExpenses": "112695000", "investmentIncomeNet": "None", "netInterestIncome": "None", "interestIncome": "None", "interestExpense": "876000", "nonInterestIncome": "None", "otherNonOperatingIncome": "None", "depreciation": "None", "depreciationAndAmortization": "17442000", "incomeBeforeTax": "29165000", "incomeTaxExpense": "7145000", "interestAndDebtExpense": "None", "netIncomeFromContinuingOperations": "None", "comprehensiveIncomeNetOfTax": "None", "ebit": "28992000", "ebitda": "46434000", "netIncome": "23617000"}, {"fiscalDateEnding": "2005-12-31", "reportedCurrency": "USD", "grossProfit": "143283000", "totalRevenue": "381561000", "costOfRevenue": "238278000", "costofGoodsAndServicesSold": "238278000", "operatingIncome": "114224000", "sellingGeneralAndAdministrative": "None", "researchAndDevelopment": "20697000", "operatingExpenses": "84751000", "investmentIncomeNet": "None", "netInterestIncome": "None", "interestIncome": "None", "interestExpense": "76604000", "nonInterestIncome": "None", "otherNonOperatingIncome": "None", "depreciation": "None", "depreciationAndAmortization": "68528000", "incomeBeforeTax": "-1948000", "incomeTaxExpense": "3279000", "interestAndDebtExpense": "None", "netIncomeFromContinuingOperations": "None", "comprehensiveIncomeNetOfTax": "None", "ebit": "58532000", "ebitda": "127060000", "netIncome": "-5227000"}, {"fiscalDateEnding": "2005-09-30", "reportedCurrency": "USD", "grossProfit": "157391000", "totalRevenue": "361901000", "costOfRevenue": "204510000", "costofGoodsAndServicesSold": "204510000", "operatingIncome": "40702000", "sellingGeneralAndAdministrative": "None", "researchAndDevelopment": "21808000", "operatingExpenses": "116689000", "investmentIncomeNet": "None", "netInterestIncome": "None", "interestIncome": "None", "interestExpense": "101000", "nonInterestIncome": "None", "otherNonOperatingIncome": "None", "depreciation": "None", "depreciationAndAmortization": "13847000", "incomeBeforeTax": "34609000", "incomeTaxExpense": "8464000", "interestAndDebtExpense": "None", "netIncomeFromContinuingOperations": "None", "comprehensiveIncomeNetOfTax": "None", "ebit": "40702000", "ebitda": "54549000", "netIncome": "31833000"}, {"fiscalDateEnding": "2005-06-30", "reportedCurrency": "USD", "grossProfit": "170975000", "totalRevenue": "425546000", "costOfRevenue": "254571000", "costofGoodsAndServicesSold": "254571000", "operatingIncome": "58353000", "sellingGeneralAndAdministrative": "None", "researchAndDevelopment": "22900000", "operatingExpenses": "128370000", "investmentIncomeNet": "None", "netInterestIncome": "None", "interestIncome": "None", "interestExpense": "43785000", "nonInterestIncome": "None", "otherNonOperatingIncome": "None", "depreciation": "None", "depreciationAndAmortization": "21653000", "incomeBeforeTax": "19779000", "incomeTaxExpense": "-14330000", "interestAndDebtExpense": "None", "netIncomeFromContinuingOperations": "None", "comprehensiveIncomeNetOfTax": "None", "ebit": "34151000", "ebitda": "55804000", "netIncome": "28898000"}, {"fiscalDateEnding": "2005-03-31", "reportedCurrency": "USD", "grossProfit": "169333000", "totalRevenue": "416252000", "costOfRevenue": "246919000", "costofGoodsAndServicesSold": "246919000", "operatingIncome": "35594000", "sellingGeneralAndAdministrative": "None", "researchAndDevelopment": "23658000", "operatingExpenses": "133545000", "investmentIncomeNet": "None", "netInterestIncome": "None", "interestIncome": "None", "interestExpense": "8585000", "nonInterestIncome": "None", "otherNonOperatingIncome": "None", "depreciation": "None", "depreciationAndAmortization": "20439000", "incomeBeforeTax": "27320000", "incomeTaxExpense": "7568000", "interestAndDebtExpense": "None", "netIncomeFromContinuingOperations": "None", "comprehensiveIncomeNetOfTax": "None", "ebit": "26563000", "ebitda": "47002000", "netIncome": "19829000"}, {"fiscalDateEnding": "2004-12-31", "reportedCurrency": "USD", "grossProfit": "201220000", "totalRevenue": "478606000", "costOfRevenue": "277386000", "costofGoodsAndServicesSold": "277386000", "operatingIncome": "64214000", "sellingGeneralAndAdministrative": "None", "researchAndDevelopment": "23625000", "operatingExpenses": "137006000", "investmentIncomeNet": "None", "netInterestIncome": "None", "interestIncome": "None", "interestExpense": "17379000", "nonInterestIncome": "None", "otherNonOperatingIncome": "None", "depreciation": "None", "depreciationAndAmortization": "28052000", "incomeBeforeTax": "51786000", "incomeTaxExpense": "13855000", "interestAndDebtExpense": "None", "netIncomeFromContinuingOperations": "None", "comprehensiveIncomeNetOfTax": "None", "ebit": "64214000", "ebitda": "92266000", "netIncome": "37923000"}]}