{"symbol": "FOXA", "annualReports": [{"fiscalDateEnding": "2024-06-30", "reportedCurrency": "USD", "grossProfit": "4891000000", "totalRevenue": "13980000000", "costOfRevenue": "9089000000", "costofGoodsAndServicesSold": "9089000000", "operatingIncome": "2478000000", "sellingGeneralAndAdministrative": "2024000000", "researchAndDevelopment": "None", "operatingExpenses": "2024000000", "investmentIncomeNet": "None", "netInterestIncome": "-216000000", "interestIncome": "189000000", "interestExpense": "405000000", "nonInterestIncome": "None", "otherNonOperatingIncome": "None", "depreciation": "None", "depreciationAndAmortization": "389000000", "incomeBeforeTax": "2104000000", "incomeTaxExpense": "550000000", "interestAndDebtExpense": "None", "netIncomeFromContinuingOperations": "1554000000", "comprehensiveIncomeNetOfTax": "None", "ebit": "2509000000", "ebitda": "2898000000", "netIncome": "1501000000"}, {"fiscalDateEnding": "2023-06-30", "reportedCurrency": "USD", "grossProfit": "4813000000", "totalRevenue": "14913000000", "costOfRevenue": "10100000000", "costofGoodsAndServicesSold": "10100000000", "operatingIncome": "2065000000", "sellingGeneralAndAdministrative": "2049000000", "researchAndDevelopment": "None", "operatingExpenses": "12149000000", "investmentIncomeNet": "None", "netInterestIncome": "-218000000", "interestIncome": "131000000", "interestExpense": "218000000", "nonInterestIncome": "None", "otherNonOperatingIncome": "-699000000", "depreciation": "None", "depreciationAndAmortization": "411000000", "incomeBeforeTax": "1736000000", "incomeTaxExpense": "483000000", "interestAndDebtExpense": "None", "netIncomeFromContinuingOperations": "1253000000", "comprehensiveIncomeNetOfTax": "None", "ebit": "2085000000", "ebitda": "2496000000", "netIncome": "1239000000"}, {"fiscalDateEnding": "2022-06-30", "reportedCurrency": "USD", "grossProfit": "4494000000", "totalRevenue": "13974000000", "costOfRevenue": "9480000000", "costofGoodsAndServicesSold": "9480000000", "operatingIncome": "2065000000", "sellingGeneralAndAdministrative": "1920000000", "researchAndDevelopment": "None", "operatingExpenses": "11400000000", "investmentIncomeNet": "None", "netInterestIncome": "-371000000", "interestIncome": "6000000", "interestExpense": "371000000", "nonInterestIncome": "None", "otherNonOperatingIncome": "-509000000", "depreciation": "None", "depreciationAndAmortization": "363000000", "incomeBeforeTax": "1694000000", "incomeTaxExpense": "461000000", "interestAndDebtExpense": "None", "netIncomeFromContinuingOperations": "1233000000", "comprehensiveIncomeNetOfTax": "None", "ebit": "2071000000", "ebitda": "2434000000", "netIncome": "1205000000"}, {"fiscalDateEnding": "2021-06-30", "reportedCurrency": "USD", "grossProfit": "4572000000", "totalRevenue": "12909000000", "costOfRevenue": "8337000000", "costofGoodsAndServicesSold": "8337000000", "operatingIncome": "3348000000", "sellingGeneralAndAdministrative": "1807000000", "researchAndDevelopment": "None", "operatingExpenses": "10144000000", "investmentIncomeNet": "None", "netInterestIncome": "-391000000", "interestIncome": "4000000", "interestExpense": "395000000", "nonInterestIncome": "None", "otherNonOperatingIncome": "583000000", "depreciation": "None", "depreciationAndAmortization": "300000000", "incomeBeforeTax": "2918000000", "incomeTaxExpense": "717000000", "interestAndDebtExpense": "None", "netIncomeFromContinuingOperations": "2201000000", "comprehensiveIncomeNetOfTax": "None", "ebit": "3313000000", "ebitda": "3613000000", "netIncome": "2150000000"}, {"fiscalDateEnding": "2020-06-30", "reportedCurrency": "USD", "grossProfit": "4333000000", "totalRevenue": "12303000000", "costOfRevenue": "7970000000", "costofGoodsAndServicesSold": "7970000000", "operatingIncome": "2284000000", "sellingGeneralAndAdministrative": "1741000000", "researchAndDevelopment": "None", "operatingExpenses": "9806000000", "investmentIncomeNet": "None", "netInterestIncome": "-334000000", "interestIncome": "35000000", "interestExpense": "369000000", "nonInterestIncome": "None", "otherNonOperatingIncome": "-213000000", "depreciation": "None", "depreciationAndAmortization": "258000000", "incomeBeforeTax": "1464000000", "incomeTaxExpense": "402000000", "interestAndDebtExpense": "None", "netIncomeFromContinuingOperations": "1062000000", "comprehensiveIncomeNetOfTax": "None", "ebit": "1833000000", "ebitda": "2091000000", "netIncome": "999000000"}, {"fiscalDateEnding": "2019-06-30", "reportedCurrency": "USD", "grossProfit": "3850000000", "totalRevenue": "11389000000", "costOfRevenue": "7539000000", "costofGoodsAndServicesSold": "7539000000", "operatingIncome": "2453000000", "sellingGeneralAndAdministrative": "1419000000", "researchAndDevelopment": "None", "operatingExpenses": "8958000000", "investmentIncomeNet": "None", "netInterestIncome": "-162000000", "interestIncome": "41000000", "interestExpense": "203000000", "nonInterestIncome": "None", "otherNonOperatingIncome": "22000000", "depreciation": "None", "depreciationAndAmortization": "212000000", "incomeBeforeTax": "2224000000", "incomeTaxExpense": "581000000", "interestAndDebtExpense": "None", "netIncomeFromContinuingOperations": "1643000000", "comprehensiveIncomeNetOfTax": "None", "ebit": "2427000000", "ebitda": "2639000000", "netIncome": "1595000000"}, {"fiscalDateEnding": "2018-06-30", "reportedCurrency": "USD", "grossProfit": "3477000000", "totalRevenue": "10153000000", "costOfRevenue": "6676000000", "costofGoodsAndServicesSold": "6676000000", "operatingIncome": "2215000000", "sellingGeneralAndAdministrative": "1262000000", "researchAndDevelopment": "0", "operatingExpenses": "7938000000", "investmentIncomeNet": "None", "netInterestIncome": "-43000000", "interestIncome": "None", "interestExpense": "43000000", "nonInterestIncome": "None", "otherNonOperatingIncome": "None", "depreciation": "None", "depreciationAndAmortization": "171000000", "incomeBeforeTax": "2170000000", "incomeTaxExpense": "-58000000", "interestAndDebtExpense": "None", "netIncomeFromContinuingOperations": "2228000000", "comprehensiveIncomeNetOfTax": "None", "ebit": "2170000000", "ebitda": "2341000000", "netIncome": "2187000000"}, {"fiscalDateEnding": "2017-06-30", "reportedCurrency": "USD", "grossProfit": "3652000000", "totalRevenue": "9921000000", "costOfRevenue": "6269000000", "costofGoodsAndServicesSold": "6269000000", "operatingIncome": "2535000000", "sellingGeneralAndAdministrative": "1117000000", "researchAndDevelopment": "0", "operatingExpenses": "7386000000", "investmentIncomeNet": "None", "netInterestIncome": "-23000000", "interestIncome": "0", "interestExpense": "23000000", "nonInterestIncome": "None", "otherNonOperatingIncome": "None", "depreciation": "None", "depreciationAndAmortization": "169000000", "incomeBeforeTax": "2241000000", "incomeTaxExpense": "832000000", "interestAndDebtExpense": "None", "netIncomeFromContinuingOperations": "1409000000", "comprehensiveIncomeNetOfTax": "None", "ebit": "2241000000", "ebitda": "2410000000", "netIncome": "1372000000"}, {"fiscalDateEnding": "2016-06-30", "reportedCurrency": "USD", "grossProfit": "3165000000", "totalRevenue": "8894000000", "costOfRevenue": "5729000000", "costofGoodsAndServicesSold": "5729000000", "operatingIncome": "1974000000", "sellingGeneralAndAdministrative": "1191000000", "researchAndDevelopment": "0", "operatingExpenses": "6920000000", "investmentIncomeNet": "None", "netInterestIncome": "-18000000", "interestIncome": "None", "interestExpense": "18000000", "nonInterestIncome": "None", "otherNonOperatingIncome": "None", "depreciation": "None", "depreciationAndAmortization": "170000000", "incomeBeforeTax": "1843000000", "incomeTaxExpense": "736000000", "interestAndDebtExpense": "None", "netIncomeFromContinuingOperations": "1107000000", "comprehensiveIncomeNetOfTax": "None", "ebit": "1843000000", "ebitda": "2013000000", "netIncome": "1072000000"}, {"fiscalDateEnding": "2015-06-30", "reportedCurrency": "USD", "grossProfit": "10426000000", "totalRevenue": "28987000000", "costOfRevenue": "18561000000", "costofGoodsAndServicesSold": "18561000000", "operatingIncome": "5906000000", "sellingGeneralAndAdministrative": "3784000000", "researchAndDevelopment": "0", "operatingExpenses": "23081000000", "investmentIncomeNet": "None", "netInterestIncome": "None", "interestIncome": "None", "interestExpense": "0", "nonInterestIncome": "None", "otherNonOperatingIncome": "None", "depreciation": "None", "depreciationAndAmortization": "None", "incomeBeforeTax": "9847000000", "incomeTaxExpense": "1243000000", "interestAndDebtExpense": "None", "netIncomeFromContinuingOperations": "8604000000", "comprehensiveIncomeNetOfTax": "None", "ebit": "5906000000", "ebitda": "None", "netIncome": "8306000000"}, {"fiscalDateEnding": "2014-06-30", "reportedCurrency": "USD", "grossProfit": "10759000000", "totalRevenue": "31867000000", "costOfRevenue": "21108000000", "costofGoodsAndServicesSold": "21108000000", "operatingIncome": "5488000000", "sellingGeneralAndAdministrative": "4129000000", "researchAndDevelopment": "0", "operatingExpenses": "26379000000", "investmentIncomeNet": "None", "netInterestIncome": "None", "interestIncome": "None", "interestExpense": "0", "nonInterestIncome": "None", "otherNonOperatingIncome": "None", "depreciation": "None", "depreciationAndAmortization": "None", "incomeBeforeTax": "5189000000", "incomeTaxExpense": "1272000000", "interestAndDebtExpense": "None", "netIncomeFromContinuingOperations": "3917000000", "comprehensiveIncomeNetOfTax": "None", "ebit": "5488000000", "ebitda": "None", "netIncome": "4514000000"}, {"fiscalDateEnding": "2013-06-30", "reportedCurrency": "USD", "grossProfit": "10179000000", "totalRevenue": "27675000000", "costOfRevenue": "17496000000", "costofGoodsAndServicesSold": "17496000000", "operatingIncome": "5375000000", "sellingGeneralAndAdministrative": "4007000000", "researchAndDevelopment": "0", "operatingExpenses": "None", "investmentIncomeNet": "None", "netInterestIncome": "None", "interestIncome": "None", "interestExpense": "0", "nonInterestIncome": "None", "otherNonOperatingIncome": "None", "depreciation": "None", "depreciationAndAmortization": "None", "incomeBeforeTax": "8736000000", "incomeTaxExpense": "1690000000", "interestAndDebtExpense": "None", "netIncomeFromContinuingOperations": "None", "comprehensiveIncomeNetOfTax": "None", "ebit": "None", "ebitda": "None", "netIncome": "7097000000"}, {"fiscalDateEnding": "2012-06-30", "reportedCurrency": "USD", "grossProfit": "12921000000", "totalRevenue": "33706000000", "costOfRevenue": "20785000000", "costofGoodsAndServicesSold": "20785000000", "operatingIncome": "5603000000", "sellingGeneralAndAdministrative": "6139000000", "researchAndDevelopment": "0", "operatingExpenses": "None", "investmentIncomeNet": "None", "netInterestIncome": "None", "interestIncome": "None", "interestExpense": "0", "nonInterestIncome": "None", "otherNonOperatingIncome": "None", "depreciation": "None", "depreciationAndAmortization": "None", "incomeBeforeTax": "2212000000", "incomeTaxExpense": "805000000", "interestAndDebtExpense": "None", "netIncomeFromContinuingOperations": "None", "comprehensiveIncomeNetOfTax": "None", "ebit": "None", "ebitda": "None", "netIncome": "1179000000"}, {"fiscalDateEnding": "2011-06-30", "reportedCurrency": "USD", "grossProfit": "12347000000", "totalRevenue": "33405000000", "costOfRevenue": "21058000000", "costofGoodsAndServicesSold": "21058000000", "operatingIncome": "4975000000", "sellingGeneralAndAdministrative": "6181000000", "researchAndDevelopment": "0", "operatingExpenses": "None", "investmentIncomeNet": "None", "netInterestIncome": "None", "interestIncome": "None", "interestExpense": "0", "nonInterestIncome": "None", "otherNonOperatingIncome": "None", "depreciation": "None", "depreciationAndAmortization": "None", "incomeBeforeTax": "4177000000", "incomeTaxExpense": "1029000000", "interestAndDebtExpense": "None", "netIncomeFromContinuingOperations": "None", "comprehensiveIncomeNetOfTax": "None", "ebit": "None", "ebitda": "None", "netIncome": "2739000000"}, {"fiscalDateEnding": "2010-06-30", "reportedCurrency": "USD", "grossProfit": "11763000000", "totalRevenue": "32778000000", "costOfRevenue": "21015000000", "costofGoodsAndServicesSold": "21015000000", "operatingIncome": "4459000000", "sellingGeneralAndAdministrative": "6119000000", "researchAndDevelopment": "None", "operatingExpenses": "None", "investmentIncomeNet": "None", "netInterestIncome": "None", "interestIncome": "None", "interestExpense": "0", "nonInterestIncome": "None", "otherNonOperatingIncome": "None", "depreciation": "None", "depreciationAndAmortization": "None", "incomeBeforeTax": "3323000000", "incomeTaxExpense": "679000000", "interestAndDebtExpense": "None", "netIncomeFromContinuingOperations": "None", "comprehensiveIncomeNetOfTax": "None", "ebit": "None", "ebitda": "None", "netIncome": "2539000000"}, {"fiscalDateEnding": "2009-06-30", "reportedCurrency": "USD", "grossProfit": "10860000000", "totalRevenue": "30423000000", "costOfRevenue": "19563000000", "costofGoodsAndServicesSold": "19563000000", "operatingIncome": "3558000000", "sellingGeneralAndAdministrative": "6164000000", "researchAndDevelopment": "None", "operatingExpenses": "None", "investmentIncomeNet": "None", "netInterestIncome": "None", "interestIncome": "None", "interestExpense": "0", "nonInterestIncome": "None", "otherNonOperatingIncome": "None", "depreciation": "None", "depreciationAndAmortization": "None", "incomeBeforeTax": "None", "incomeTaxExpense": "None", "interestAndDebtExpense": "None", "netIncomeFromContinuingOperations": "None", "comprehensiveIncomeNetOfTax": "None", "ebit": "None", "ebitda": "None", "netIncome": "None"}, {"fiscalDateEnding": "2008-06-30", "reportedCurrency": "USD", "grossProfit": "12466000000", "totalRevenue": "32996000000", "costOfRevenue": "20530000000", "costofGoodsAndServicesSold": "20530000000", "operatingIncome": "5275000000", "sellingGeneralAndAdministrative": "5984000000", "researchAndDevelopment": "None", "operatingExpenses": "None", "investmentIncomeNet": "None", "netInterestIncome": "None", "interestIncome": "None", "interestExpense": "0", "nonInterestIncome": "None", "otherNonOperatingIncome": "None", "depreciation": "None", "depreciationAndAmortization": "None", "incomeBeforeTax": "7321000000", "incomeTaxExpense": "1803000000", "interestAndDebtExpense": "None", "netIncomeFromContinuingOperations": "None", "comprehensiveIncomeNetOfTax": "None", "ebit": "None", "ebitda": "None", "netIncome": "5387000000"}, {"fiscalDateEnding": "2007-06-30", "reportedCurrency": "USD", "grossProfit": "10010000000", "totalRevenue": "28655000000", "costOfRevenue": "18645000000", "costofGoodsAndServicesSold": "18645000000", "operatingIncome": "4476000000", "sellingGeneralAndAdministrative": "4655000000", "researchAndDevelopment": "None", "operatingExpenses": "None", "investmentIncomeNet": "None", "netInterestIncome": "None", "interestIncome": "None", "interestExpense": "0", "nonInterestIncome": "None", "otherNonOperatingIncome": "None", "depreciation": "None", "depreciationAndAmortization": "None", "incomeBeforeTax": "5306000000", "incomeTaxExpense": "1814000000", "interestAndDebtExpense": "None", "netIncomeFromContinuingOperations": "None", "comprehensiveIncomeNetOfTax": "None", "ebit": "None", "ebitda": "None", "netIncome": "3426000000"}, {"fiscalDateEnding": "2006-06-30", "reportedCurrency": "USD", "grossProfit": "8734000000", "totalRevenue": "25327000000", "costOfRevenue": "16593000000", "costofGoodsAndServicesSold": "16593000000", "operatingIncome": "3977000000", "sellingGeneralAndAdministrative": "3982000000", "researchAndDevelopment": "None", "operatingExpenses": "None", "investmentIncomeNet": "None", "netInterestIncome": "None", "interestIncome": "None", "interestExpense": "0", "nonInterestIncome": "None", "otherNonOperatingIncome": "None", "depreciation": "None", "depreciationAndAmortization": "None", "incomeBeforeTax": "4405000000", "incomeTaxExpense": "1526000000", "interestAndDebtExpense": "None", "netIncomeFromContinuingOperations": "None", "comprehensiveIncomeNetOfTax": "None", "ebit": "None", "ebitda": "None", "netIncome": "2314000000"}, {"fiscalDateEnding": "2005-06-30", "reportedCurrency": "USD", "grossProfit": "7958000000", "totalRevenue": "23859000000", "costOfRevenue": "15901000000", "costofGoodsAndServicesSold": "15901000000", "operatingIncome": "3613000000", "sellingGeneralAndAdministrative": "3697000000", "researchAndDevelopment": "None", "operatingExpenses": "None", "investmentIncomeNet": "None", "netInterestIncome": "None", "interestIncome": "None", "interestExpense": "0", "nonInterestIncome": "None", "otherNonOperatingIncome": "None", "depreciation": "None", "depreciationAndAmortization": "None", "incomeBeforeTax": "3561000000", "incomeTaxExpense": "1220000000", "interestAndDebtExpense": "None", "netIncomeFromContinuingOperations": "None", "comprehensiveIncomeNetOfTax": "None", "ebit": "None", "ebitda": "None", "netIncome": "2128000000"}], "quarterlyReports": [{"fiscalDateEnding": "2024-12-31", "reportedCurrency": "USD", "grossProfit": "5078000000", "totalRevenue": "5078000000", "costOfRevenue": "2109000000", "costofGoodsAndServicesSold": "2109000000", "operatingIncome": "680000000", "sellingGeneralAndAdministrative": "525000000", "researchAndDevelopment": "None", "operatingExpenses": "4398000000", "investmentIncomeNet": "None", "netInterestIncome": "-80000000", "interestIncome": "37000000", "interestExpense": "117000000", "nonInterestIncome": "None", "otherNonOperatingIncome": "None", "depreciation": "None", "depreciationAndAmortization": "97000000", "incomeBeforeTax": "515000000", "incomeTaxExpense": "-127000000", "interestAndDebtExpense": "None", "netIncomeFromContinuingOperations": "388000000", "comprehensiveIncomeNetOfTax": "None", "ebit": "632000000", "ebitda": "729000000", "netIncome": "373000000"}, {"fiscalDateEnding": "2024-09-30", "reportedCurrency": "USD", "grossProfit": "1455000000", "totalRevenue": "3564000000", "costOfRevenue": "2109000000", "costofGoodsAndServicesSold": "2109000000", "operatingIncome": "953000000", "sellingGeneralAndAdministrative": "502000000", "researchAndDevelopment": "None", "operatingExpenses": "502000000", "investmentIncomeNet": "None", "netInterestIncome": "-50000000", "interestIncome": "52000000", "interestExpense": "102000000", "nonInterestIncome": "None", "otherNonOperatingIncome": "None", "depreciation": "None", "depreciationAndAmortization": "91000000", "incomeBeforeTax": "1113000000", "incomeTaxExpense": "281000000", "interestAndDebtExpense": "None", "netIncomeFromContinuingOperations": "832000000", "comprehensiveIncomeNetOfTax": "None", "ebit": "1215000000", "ebitda": "1306000000", "netIncome": "827000000"}, {"fiscalDateEnding": "2024-06-30", "reportedCurrency": "USD", "grossProfit": "1210000000", "totalRevenue": "3092000000", "costOfRevenue": "1882000000", "costofGoodsAndServicesSold": "1882000000", "operatingIncome": "671000000", "sellingGeneralAndAdministrative": "539000000", "researchAndDevelopment": "None", "operatingExpenses": "539000000", "investmentIncomeNet": "None", "netInterestIncome": "-47000000", "interestIncome": "49000000", "interestExpense": "96000000", "nonInterestIncome": "None", "otherNonOperatingIncome": "None", "depreciation": "None", "depreciationAndAmortization": "98000000", "incomeBeforeTax": "451000000", "incomeTaxExpense": "131000000", "interestAndDebtExpense": "None", "netIncomeFromContinuingOperations": "320000000", "comprehensiveIncomeNetOfTax": "None", "ebit": "547000000", "ebitda": "645000000", "netIncome": "319000000"}, {"fiscalDateEnding": "2024-03-31", "reportedCurrency": "USD", "grossProfit": "1299000000", "totalRevenue": "3447000000", "costOfRevenue": "2148000000", "costofGoodsAndServicesSold": "2148000000", "operatingIncome": "354000000", "sellingGeneralAndAdministrative": "510000000", "researchAndDevelopment": "None", "operatingExpenses": "2658000000", "investmentIncomeNet": "None", "netInterestIncome": "-55000000", "interestIncome": "44000000", "interestExpense": "99000000", "nonInterestIncome": "None", "otherNonOperatingIncome": "None", "depreciation": "None", "depreciationAndAmortization": "98000000", "incomeBeforeTax": "961000000", "incomeTaxExpense": "257000000", "interestAndDebtExpense": "None", "netIncomeFromContinuingOperations": "704000000", "comprehensiveIncomeNetOfTax": "None", "ebit": "1060000000", "ebitda": "1158000000", "netIncome": "666000000"}, {"fiscalDateEnding": "2023-12-31", "reportedCurrency": "USD", "grossProfit": "744000000", "totalRevenue": "4234000000", "costOfRevenue": "3490000000", "costofGoodsAndServicesSold": "3490000000", "operatingIncome": "249000000", "sellingGeneralAndAdministrative": "495000000", "researchAndDevelopment": "None", "operatingExpenses": "495000000", "investmentIncomeNet": "None", "netInterestIncome": "-72000000", "interestIncome": "47000000", "interestExpense": "119000000", "nonInterestIncome": "None", "otherNonOperatingIncome": "None", "depreciation": "None", "depreciationAndAmortization": "97000000", "incomeBeforeTax": "131000000", "incomeTaxExpense": "16000000", "interestAndDebtExpense": "None", "netIncomeFromContinuingOperations": "115000000", "comprehensiveIncomeNetOfTax": "None", "ebit": "250000000", "ebitda": "347000000", "netIncome": "109000000"}, {"fiscalDateEnding": "2023-09-30", "reportedCurrency": "USD", "grossProfit": "1249000000", "totalRevenue": "3207000000", "costOfRevenue": "1958000000", "costofGoodsAndServicesSold": "1958000000", "operatingIncome": "219000000", "sellingGeneralAndAdministrative": "480000000", "researchAndDevelopment": "None", "operatingExpenses": "2438000000", "investmentIncomeNet": "None", "netInterestIncome": "-42000000", "interestIncome": "49000000", "interestExpense": "42000000", "nonInterestIncome": "None", "otherNonOperatingIncome": "None", "depreciation": "None", "depreciationAndAmortization": "96000000", "incomeBeforeTax": "561000000", "incomeTaxExpense": "146000000", "interestAndDebtExpense": "None", "netIncomeFromContinuingOperations": "415000000", "comprehensiveIncomeNetOfTax": "None", "ebit": "652000000", "ebitda": "748000000", "netIncome": "407000000"}, {"fiscalDateEnding": "2023-06-30", "reportedCurrency": "USD", "grossProfit": "1151000000", "totalRevenue": "3032000000", "costOfRevenue": "1881000000", "costofGoodsAndServicesSold": "1881000000", "operatingIncome": "639000000", "sellingGeneralAndAdministrative": "222000000", "researchAndDevelopment": "None", "operatingExpenses": "2404000000", "investmentIncomeNet": "None", "netInterestIncome": "-35000000", "interestIncome": "52000000", "interestExpense": "35000000", "nonInterestIncome": "None", "otherNonOperatingIncome": "23000000", "depreciation": "None", "depreciationAndAmortization": "103000000", "incomeBeforeTax": "505000000", "incomeTaxExpense": "136000000", "interestAndDebtExpense": "None", "netIncomeFromContinuingOperations": "369000000", "comprehensiveIncomeNetOfTax": "None", "ebit": "592000000", "ebitda": "695000000", "netIncome": "375000000"}, {"fiscalDateEnding": "2023-03-31", "reportedCurrency": "USD", "grossProfit": "1251000000", "totalRevenue": "4084000000", "costOfRevenue": "2833000000", "costofGoodsAndServicesSold": "2833000000", "operatingIncome": "4000000", "sellingGeneralAndAdministrative": "528000000", "researchAndDevelopment": "None", "operatingExpenses": "3361000000", "investmentIncomeNet": "None", "netInterestIncome": "-55000000", "interestIncome": "31000000", "interestExpense": "55000000", "nonInterestIncome": "None", "otherNonOperatingIncome": "-719000000", "depreciation": "None", "depreciationAndAmortization": "106000000", "incomeBeforeTax": "-51000000", "incomeTaxExpense": "-1000000", "interestAndDebtExpense": "None", "netIncomeFromContinuingOperations": "-50000000", "comprehensiveIncomeNetOfTax": "None", "ebit": "35000000", "ebitda": "141000000", "netIncome": "-50000000"}, {"fiscalDateEnding": "2022-12-31", "reportedCurrency": "USD", "grossProfit": "974000000", "totalRevenue": "4605000000", "costOfRevenue": "3631000000", "costofGoodsAndServicesSold": "3631000000", "operatingIncome": "497000000", "sellingGeneralAndAdministrative": "550000000", "researchAndDevelopment": "None", "operatingExpenses": "4181000000", "investmentIncomeNet": "None", "netInterestIncome": "-60000000", "interestIncome": "29000000", "interestExpense": "60000000", "nonInterestIncome": "None", "otherNonOperatingIncome": "73000000", "depreciation": "None", "depreciationAndAmortization": "103000000", "incomeBeforeTax": "437000000", "incomeTaxExpense": "116000000", "interestAndDebtExpense": "None", "netIncomeFromContinuingOperations": "321000000", "comprehensiveIncomeNetOfTax": "None", "ebit": "526000000", "ebitda": "629000000", "netIncome": "313000000"}, {"fiscalDateEnding": "2022-09-30", "reportedCurrency": "USD", "grossProfit": "1437000000", "totalRevenue": "3192000000", "costOfRevenue": "1755000000", "costofGoodsAndServicesSold": "1755000000", "operatingIncome": "911000000", "sellingGeneralAndAdministrative": "772000000", "researchAndDevelopment": "None", "operatingExpenses": "2203000000", "investmentIncomeNet": "None", "netInterestIncome": "-68000000", "interestIncome": "19000000", "interestExpense": "87000000", "nonInterestIncome": "None", "otherNonOperatingIncome": "-76000000", "depreciation": "None", "depreciationAndAmortization": "99000000", "incomeBeforeTax": "845000000", "incomeTaxExpense": "232000000", "interestAndDebtExpense": "None", "netIncomeFromContinuingOperations": "613000000", "comprehensiveIncomeNetOfTax": "None", "ebit": "932000000", "ebitda": "1031000000", "netIncome": "605000000"}, {"fiscalDateEnding": "2022-06-30", "reportedCurrency": "USD", "grossProfit": "1219000000", "totalRevenue": "3033000000", "costOfRevenue": "1814000000", "costofGoodsAndServicesSold": "1814000000", "operatingIncome": "533000000", "sellingGeneralAndAdministrative": "354000000", "researchAndDevelopment": "None", "operatingExpenses": "2366000000", "investmentIncomeNet": "None", "netInterestIncome": "-86000000", "interestIncome": "None", "interestExpense": "86000000", "nonInterestIncome": "None", "otherNonOperatingIncome": "-134000000", "depreciation": "None", "depreciationAndAmortization": "99000000", "incomeBeforeTax": "447000000", "incomeTaxExpense": "139000000", "interestAndDebtExpense": "None", "netIncomeFromContinuingOperations": "308000000", "comprehensiveIncomeNetOfTax": "None", "ebit": "533000000", "ebitda": "632000000", "netIncome": "306000000"}, {"fiscalDateEnding": "2022-03-31", "reportedCurrency": "USD", "grossProfit": "1199000000", "totalRevenue": "3455000000", "costOfRevenue": "2256000000", "costofGoodsAndServicesSold": "2256000000", "operatingIncome": "481000000", "sellingGeneralAndAdministrative": "822000000", "researchAndDevelopment": "None", "operatingExpenses": "2741000000", "investmentIncomeNet": "None", "netInterestIncome": "-91000000", "interestIncome": "None", "interestExpense": "91000000", "nonInterestIncome": "None", "otherNonOperatingIncome": "-233000000", "depreciation": "None", "depreciationAndAmortization": "92000000", "incomeBeforeTax": "390000000", "incomeTaxExpense": "100000000", "interestAndDebtExpense": "None", "netIncomeFromContinuingOperations": "290000000", "comprehensiveIncomeNetOfTax": "None", "ebit": "481000000", "ebitda": "573000000", "netIncome": "283000000"}, {"fiscalDateEnding": "2021-12-31", "reportedCurrency": "USD", "grossProfit": "681000000", "totalRevenue": "4441000000", "costOfRevenue": "3760000000", "costofGoodsAndServicesSold": "3760000000", "operatingIncome": "-192000000", "sellingGeneralAndAdministrative": "468000000", "researchAndDevelopment": "None", "operatingExpenses": "4228000000", "investmentIncomeNet": "None", "netInterestIncome": "-97000000", "interestIncome": "None", "interestExpense": "97000000", "nonInterestIncome": "None", "otherNonOperatingIncome": "-211000000", "depreciation": "None", "depreciationAndAmortization": "93000000", "incomeBeforeTax": "-95000000", "incomeTaxExpense": "-22000000", "interestAndDebtExpense": "None", "netIncomeFromContinuingOperations": "-73000000", "comprehensiveIncomeNetOfTax": "None", "ebit": "2000000", "ebitda": "95000000", "netIncome": "-85000000"}, {"fiscalDateEnding": "2021-09-30", "reportedCurrency": "USD", "grossProfit": "1395000000", "totalRevenue": "3045000000", "costOfRevenue": "1650000000", "costofGoodsAndServicesSold": "1650000000", "operatingIncome": "980000000", "sellingGeneralAndAdministrative": "415000000", "researchAndDevelopment": "None", "operatingExpenses": "2065000000", "investmentIncomeNet": "None", "netInterestIncome": "-97000000", "interestIncome": "None", "interestExpense": "97000000", "nonInterestIncome": "None", "otherNonOperatingIncome": "69000000", "depreciation": "None", "depreciationAndAmortization": "79000000", "incomeBeforeTax": "952000000", "incomeTaxExpense": "244000000", "interestAndDebtExpense": "None", "netIncomeFromContinuingOperations": "708000000", "comprehensiveIncomeNetOfTax": "None", "ebit": "1049000000", "ebitda": "1128000000", "netIncome": "701000000"}, {"fiscalDateEnding": "2021-06-30", "reportedCurrency": "USD", "grossProfit": "1168000000", "totalRevenue": "2890000000", "costOfRevenue": "1722000000", "costofGoodsAndServicesSold": "1722000000", "operatingIncome": "628000000", "sellingGeneralAndAdministrative": "540000000", "researchAndDevelopment": "None", "operatingExpenses": "2262000000", "investmentIncomeNet": "None", "netInterestIncome": "-98000000", "interestIncome": "1000000", "interestExpense": "99000000", "nonInterestIncome": "None", "otherNonOperatingIncome": "-172000000", "depreciation": "None", "depreciationAndAmortization": "84000000", "incomeBeforeTax": "357000000", "incomeTaxExpense": "85000000", "interestAndDebtExpense": "None", "netIncomeFromContinuingOperations": "272000000", "comprehensiveIncomeNetOfTax": "None", "ebit": "456000000", "ebitda": "540000000", "netIncome": "253000000"}, {"fiscalDateEnding": "2021-03-31", "reportedCurrency": "USD", "grossProfit": "1252000000", "totalRevenue": "3215000000", "costOfRevenue": "1963000000", "costofGoodsAndServicesSold": "1963000000", "operatingIncome": "815000000", "sellingGeneralAndAdministrative": "437000000", "researchAndDevelopment": "None", "operatingExpenses": "2400000000", "investmentIncomeNet": "None", "netInterestIncome": "-98000000", "interestIncome": "0", "interestExpense": "98000000", "nonInterestIncome": "None", "otherNonOperatingIncome": "61000000", "depreciation": "None", "depreciationAndAmortization": "78000000", "incomeBeforeTax": "778000000", "incomeTaxExpense": "196000000", "interestAndDebtExpense": "None", "netIncomeFromContinuingOperations": "582000000", "comprehensiveIncomeNetOfTax": "None", "ebit": "876000000", "ebitda": "954000000", "netIncome": "567000000"}, {"fiscalDateEnding": "2020-12-31", "reportedCurrency": "USD", "grossProfit": "741000000", "totalRevenue": "4087000000", "costOfRevenue": "3346000000", "costofGoodsAndServicesSold": "3346000000", "operatingIncome": "229000000", "sellingGeneralAndAdministrative": "442000000", "researchAndDevelopment": "None", "operatingExpenses": "3858000000", "investmentIncomeNet": "None", "netInterestIncome": "-97000000", "interestIncome": "2000000", "interestExpense": "99000000", "nonInterestIncome": "None", "otherNonOperatingIncome": "174000000", "depreciation": "None", "depreciationAndAmortization": "70000000", "incomeBeforeTax": "304000000", "incomeTaxExpense": "74000000", "interestAndDebtExpense": "None", "netIncomeFromContinuingOperations": "230000000", "comprehensiveIncomeNetOfTax": "None", "ebit": "403000000", "ebitda": "473000000", "netIncome": "224000000"}, {"fiscalDateEnding": "2020-09-30", "reportedCurrency": "USD", "grossProfit": "1549000000", "totalRevenue": "2717000000", "costOfRevenue": "1168000000", "costofGoodsAndServicesSold": "1168000000", "operatingIncome": "1093000000", "sellingGeneralAndAdministrative": "388000000", "researchAndDevelopment": "None", "operatingExpenses": "1624000000", "investmentIncomeNet": "None", "netInterestIncome": "-98000000", "interestIncome": "1000000", "interestExpense": "99000000", "nonInterestIncome": "None", "otherNonOperatingIncome": "520000000", "depreciation": "None", "depreciationAndAmortization": "68000000", "incomeBeforeTax": "1479000000", "incomeTaxExpense": "362000000", "interestAndDebtExpense": "None", "netIncomeFromContinuingOperations": "1117000000", "comprehensiveIncomeNetOfTax": "None", "ebit": "1578000000", "ebitda": "1646000000", "netIncome": "1106000000"}, {"fiscalDateEnding": "2020-06-30", "reportedCurrency": "USD", "grossProfit": "1231000000", "totalRevenue": "2418000000", "costOfRevenue": "1187000000", "costofGoodsAndServicesSold": "1187000000", "operatingIncome": "643000000", "sellingGeneralAndAdministrative": "494000000", "researchAndDevelopment": "None", "operatingExpenses": "1775000000", "investmentIncomeNet": "None", "netInterestIncome": "-98000000", "interestIncome": "2000000", "interestExpense": "100000000", "nonInterestIncome": "None", "otherNonOperatingIncome": "None", "depreciation": "None", "depreciationAndAmortization": "94000000", "incomeBeforeTax": "200000000", "incomeTaxExpense": "55000000", "interestAndDebtExpense": "None", "netIncomeFromContinuingOperations": "145000000", "comprehensiveIncomeNetOfTax": "None", "ebit": "300000000", "ebitda": "394000000", "netIncome": "122000000"}, {"fiscalDateEnding": "2020-03-31", "reportedCurrency": "USD", "grossProfit": "1379000000", "totalRevenue": "3440000000", "costOfRevenue": "2061000000", "costofGoodsAndServicesSold": "2061000000", "operatingIncome": "858000000", "sellingGeneralAndAdministrative": "464000000", "researchAndDevelopment": "None", "operatingExpenses": "2582000000", "investmentIncomeNet": "None", "netInterestIncome": "-81000000", "interestIncome": "8000000", "interestExpense": "89000000", "nonInterestIncome": "None", "otherNonOperatingIncome": "-624000000", "depreciation": "None", "depreciationAndAmortization": "57000000", "incomeBeforeTax": "145000000", "incomeTaxExpense": "55000000", "interestAndDebtExpense": "None", "netIncomeFromContinuingOperations": "90000000", "comprehensiveIncomeNetOfTax": "None", "ebit": "234000000", "ebitda": "291000000", "netIncome": "78000000"}, {"fiscalDateEnding": "2019-12-31", "reportedCurrency": "USD", "grossProfit": "687000000", "totalRevenue": "3778000000", "costOfRevenue": "3091000000", "costofGoodsAndServicesSold": "3091000000", "operatingIncome": "199000000", "sellingGeneralAndAdministrative": "431000000", "researchAndDevelopment": "None", "operatingExpenses": "3579000000", "investmentIncomeNet": "None", "netInterestIncome": "-82000000", "interestIncome": "8000000", "interestExpense": "90000000", "nonInterestIncome": "None", "otherNonOperatingIncome": "310000000", "depreciation": "None", "depreciationAndAmortization": "57000000", "incomeBeforeTax": "419000000", "incomeTaxExpense": "105000000", "interestAndDebtExpense": "None", "netIncomeFromContinuingOperations": "314000000", "comprehensiveIncomeNetOfTax": "None", "ebit": "509000000", "ebitda": "566000000", "netIncome": "300000000"}, {"fiscalDateEnding": "2019-09-30", "reportedCurrency": "USD", "grossProfit": "1199000000", "totalRevenue": "2667000000", "costOfRevenue": "1468000000", "costofGoodsAndServicesSold": "1468000000", "operatingIncome": "797000000", "sellingGeneralAndAdministrative": "352000000", "researchAndDevelopment": "None", "operatingExpenses": "1870000000", "investmentIncomeNet": "None", "netInterestIncome": "-73000000", "interestIncome": "17000000", "interestExpense": "90000000", "nonInterestIncome": "None", "otherNonOperatingIncome": "2000000", "depreciation": "None", "depreciationAndAmortization": "50000000", "incomeBeforeTax": "700000000", "incomeTaxExpense": "187000000", "interestAndDebtExpense": "None", "netIncomeFromContinuingOperations": "513000000", "comprehensiveIncomeNetOfTax": "None", "ebit": "790000000", "ebitda": "840000000", "netIncome": "499000000"}, {"fiscalDateEnding": "2019-06-30", "reportedCurrency": "USD", "grossProfit": "1155000000", "totalRevenue": "2513000000", "costOfRevenue": "1358000000", "costofGoodsAndServicesSold": "1358000000", "operatingIncome": "640000000", "sellingGeneralAndAdministrative": "455000000", "researchAndDevelopment": "None", "operatingExpenses": "1873000000", "investmentIncomeNet": "None", "netInterestIncome": "-69000000", "interestIncome": "22000000", "interestExpense": "91000000", "nonInterestIncome": "None", "otherNonOperatingIncome": "None", "depreciation": "None", "depreciationAndAmortization": "60000000", "incomeBeforeTax": "656000000", "incomeTaxExpense": "191000000", "interestAndDebtExpense": "None", "netIncomeFromContinuingOperations": "465000000", "comprehensiveIncomeNetOfTax": "None", "ebit": "747000000", "ebitda": "807000000", "netIncome": "454000000"}, {"fiscalDateEnding": "2019-03-31", "reportedCurrency": "USD", "grossProfit": "1092000000", "totalRevenue": "2752000000", "costOfRevenue": "1660000000", "costofGoodsAndServicesSold": "1660000000", "operatingIncome": "698000000", "sellingGeneralAndAdministrative": "336000000", "researchAndDevelopment": "None", "operatingExpenses": "2054000000", "investmentIncomeNet": "None", "netInterestIncome": "-62000000", "interestIncome": "142000000", "interestExpense": "81000000", "nonInterestIncome": "None", "otherNonOperatingIncome": "103000000", "depreciation": "None", "depreciationAndAmortization": "58000000", "incomeBeforeTax": "706000000", "incomeTaxExpense": "167000000", "interestAndDebtExpense": "None", "netIncomeFromContinuingOperations": "539000000", "comprehensiveIncomeNetOfTax": "None", "ebit": "787000000", "ebitda": "845000000", "netIncome": "529000000"}, {"fiscalDateEnding": "2018-12-31", "reportedCurrency": "USD", "grossProfit": "765000000", "totalRevenue": "3583000000", "costOfRevenue": "2818000000", "costofGoodsAndServicesSold": "2818000000", "operatingIncome": "385000000", "sellingGeneralAndAdministrative": "329000000", "researchAndDevelopment": "0", "operatingExpenses": "3198000000", "investmentIncomeNet": "None", "netInterestIncome": "None", "interestIncome": "None", "interestExpense": "15000000", "nonInterestIncome": "None", "otherNonOperatingIncome": "-339000000", "depreciation": "None", "depreciationAndAmortization": "51000000", "incomeBeforeTax": "31000000", "incomeTaxExpense": "7000000", "interestAndDebtExpense": "None", "netIncomeFromContinuingOperations": "24000000", "comprehensiveIncomeNetOfTax": "None", "ebit": "31000000", "ebitda": "82000000", "netIncome": "8000000"}, {"fiscalDateEnding": "2018-09-30", "reportedCurrency": "USD", "grossProfit": "1050000000", "totalRevenue": "2541000000", "costOfRevenue": "1491000000", "costofGoodsAndServicesSold": "1491000000", "operatingIncome": "708000000", "sellingGeneralAndAdministrative": "299000000", "researchAndDevelopment": "0", "operatingExpenses": "1833000000", "investmentIncomeNet": "None", "netInterestIncome": "None", "interestIncome": "None", "interestExpense": "16000000", "nonInterestIncome": "None", "otherNonOperatingIncome": "None", "depreciation": "None", "depreciationAndAmortization": "43000000", "incomeBeforeTax": "831000000", "incomeTaxExpense": "216000000", "interestAndDebtExpense": "None", "netIncomeFromContinuingOperations": "615000000", "comprehensiveIncomeNetOfTax": "None", "ebit": "831000000", "ebitda": "874000000", "netIncome": "604000000"}, {"fiscalDateEnding": "2018-06-30", "reportedCurrency": "USD", "grossProfit": "943000000", "totalRevenue": "2394000000", "costOfRevenue": "1451000000", "costofGoodsAndServicesSold": "1451000000", "operatingIncome": "583000000", "sellingGeneralAndAdministrative": "315000000", "researchAndDevelopment": "0", "operatingExpenses": "1811000000", "investmentIncomeNet": "None", "netInterestIncome": "None", "interestIncome": "None", "interestExpense": "23000000", "nonInterestIncome": "None", "otherNonOperatingIncome": "None", "depreciation": "None", "depreciationAndAmortization": "45000000", "incomeBeforeTax": "593000000", "incomeTaxExpense": "113000000", "interestAndDebtExpense": "None", "netIncomeFromContinuingOperations": "3813000000", "comprehensiveIncomeNetOfTax": "None", "ebit": "598000000", "ebitda": "643000000", "netIncome": "471000000"}, {"fiscalDateEnding": "2018-03-31", "reportedCurrency": "USD", "grossProfit": "1019000000", "totalRevenue": "2463000000", "costOfRevenue": "1444000000", "costofGoodsAndServicesSold": "1444000000", "operatingIncome": "651000000", "sellingGeneralAndAdministrative": "325000000", "researchAndDevelopment": "0", "operatingExpenses": "1812000000", "investmentIncomeNet": "None", "netInterestIncome": "None", "interestIncome": "None", "interestExpense": "7000000", "nonInterestIncome": "None", "otherNonOperatingIncome": "None", "depreciation": "None", "depreciationAndAmortization": "43000000", "incomeBeforeTax": "654000000", "incomeTaxExpense": "188000000", "interestAndDebtExpense": "None", "netIncomeFromContinuingOperations": "466000000", "comprehensiveIncomeNetOfTax": "None", "ebit": "662000000", "ebitda": "705000000", "netIncome": "457000000"}, {"fiscalDateEnding": "2017-12-31", "reportedCurrency": "USD", "grossProfit": "762000000", "totalRevenue": "3108000000", "costOfRevenue": "2346000000", "costofGoodsAndServicesSold": "2346000000", "operatingIncome": "361000000", "sellingGeneralAndAdministrative": "359000000", "researchAndDevelopment": "0", "operatingExpenses": "2747000000", "investmentIncomeNet": "None", "netInterestIncome": "None", "interestIncome": "None", "interestExpense": "6000000", "nonInterestIncome": "None", "otherNonOperatingIncome": "None", "depreciation": "None", "depreciationAndAmortization": "42000000", "incomeBeforeTax": "312000000", "incomeTaxExpense": "-570000000", "interestAndDebtExpense": "None", "netIncomeFromContinuingOperations": "882000000", "comprehensiveIncomeNetOfTax": "None", "ebit": "312000000", "ebitda": "354000000", "netIncome": "869000000"}, {"fiscalDateEnding": "2017-09-30", "reportedCurrency": "USD", "grossProfit": "924000000", "totalRevenue": "2188000000", "costOfRevenue": "1264000000", "costofGoodsAndServicesSold": "1264000000", "operatingIncome": "620000000", "sellingGeneralAndAdministrative": "263000000", "researchAndDevelopment": "0", "operatingExpenses": "1568000000", "investmentIncomeNet": "None", "netInterestIncome": "None", "interestIncome": "None", "interestExpense": "7000000", "nonInterestIncome": "None", "otherNonOperatingIncome": "None", "depreciation": "None", "depreciationAndAmortization": "41000000", "incomeBeforeTax": "611000000", "incomeTaxExpense": "211000000", "interestAndDebtExpense": "None", "netIncomeFromContinuingOperations": "400000000", "comprehensiveIncomeNetOfTax": "None", "ebit": "611000000", "ebitda": "652000000", "netIncome": "390000000"}, {"fiscalDateEnding": "2017-06-30", "reportedCurrency": "USD", "grossProfit": "0", "totalRevenue": "3108000000", "costOfRevenue": "4443000000", "costofGoodsAndServicesSold": "4443000000", "operatingIncome": "1288000000", "sellingGeneralAndAdministrative": "359000000", "researchAndDevelopment": "0", "operatingExpenses": "0", "investmentIncomeNet": "None", "netInterestIncome": "None", "interestIncome": "None", "interestExpense": "316000000", "nonInterestIncome": "None", "otherNonOperatingIncome": "None", "depreciation": "None", "depreciationAndAmortization": "None", "incomeBeforeTax": "815000000", "incomeTaxExpense": "258000000", "interestAndDebtExpense": "None", "netIncomeFromContinuingOperations": "2517000000", "comprehensiveIncomeNetOfTax": "None", "ebit": "392000000", "ebitda": "None", "netIncome": "476000000"}, {"fiscalDateEnding": "2017-03-31", "reportedCurrency": "USD", "grossProfit": "0", "totalRevenue": "2188000000", "costOfRevenue": "4824000000", "costofGoodsAndServicesSold": "4824000000", "operatingIncome": "1783000000", "sellingGeneralAndAdministrative": "263000000", "researchAndDevelopment": "0", "operatingExpenses": "0", "investmentIncomeNet": "None", "netInterestIncome": "None", "interestIncome": "None", "interestExpense": "315000000", "nonInterestIncome": "None", "otherNonOperatingIncome": "None", "depreciation": "None", "depreciationAndAmortization": "None", "incomeBeforeTax": "1252000000", "incomeTaxExpense": "370000000", "interestAndDebtExpense": "None", "netIncomeFromContinuingOperations": "2498000000", "comprehensiveIncomeNetOfTax": "None", "ebit": "4048000000", "ebitda": "None", "netIncome": "799000000"}, {"fiscalDateEnding": "2016-12-31", "reportedCurrency": "USD", "grossProfit": "0", "totalRevenue": "7682000000", "costOfRevenue": "4912000000", "costofGoodsAndServicesSold": "4912000000", "operatingIncome": "1843000000", "sellingGeneralAndAdministrative": "792000000", "researchAndDevelopment": "0", "operatingExpenses": "0", "investmentIncomeNet": "None", "netInterestIncome": "None", "interestIncome": "None", "interestExpense": "304000000", "nonInterestIncome": "None", "otherNonOperatingIncome": "None", "depreciation": "None", "depreciationAndAmortization": "None", "incomeBeforeTax": "1385000000", "incomeTaxExpense": "448000000", "interestAndDebtExpense": "None", "netIncomeFromContinuingOperations": "-2639000000", "comprehensiveIncomeNetOfTax": "None", "ebit": "-4464000000", "ebitda": "None", "netIncome": "856000000"}, {"fiscalDateEnding": "2016-09-30", "reportedCurrency": "USD", "grossProfit": "0", "totalRevenue": "6506000000", "costOfRevenue": "3915000000", "costofGoodsAndServicesSold": "3915000000", "operatingIncome": "1641000000", "sellingGeneralAndAdministrative": "815000000", "researchAndDevelopment": "0", "operatingExpenses": "0", "investmentIncomeNet": "None", "netInterestIncome": "None", "interestIncome": "None", "interestExpense": "304000000", "nonInterestIncome": "None", "otherNonOperatingIncome": "None", "depreciation": "None", "depreciationAndAmortization": "None", "incomeBeforeTax": "1237000000", "incomeTaxExpense": "343000000", "interestAndDebtExpense": "None", "netIncomeFromContinuingOperations": "894000000", "comprehensiveIncomeNetOfTax": "None", "ebit": "1537000000", "ebitda": "None", "netIncome": "821000000"}, {"fiscalDateEnding": "2016-06-30", "reportedCurrency": "USD", "grossProfit": "0", "totalRevenue": "6646000000", "costOfRevenue": "4227000000", "costofGoodsAndServicesSold": "4227000000", "operatingIncome": "1290000000", "sellingGeneralAndAdministrative": "990000000", "researchAndDevelopment": "0", "operatingExpenses": "0", "investmentIncomeNet": "None", "netInterestIncome": "None", "interestIncome": "None", "interestExpense": "303000000", "nonInterestIncome": "None", "otherNonOperatingIncome": "None", "depreciation": "None", "depreciationAndAmortization": "None", "incomeBeforeTax": "546000000", "incomeTaxExpense": "-463000000", "interestAndDebtExpense": "None", "netIncomeFromContinuingOperations": "2096000000", "comprehensiveIncomeNetOfTax": "None", "ebit": "-1686000000", "ebitda": "None", "netIncome": "567000000"}, {"fiscalDateEnding": "2016-03-31", "reportedCurrency": "USD", "grossProfit": "0", "totalRevenue": "7228000000", "costOfRevenue": "4472000000", "costofGoodsAndServicesSold": "4472000000", "operatingIncome": "1730000000", "sellingGeneralAndAdministrative": "893000000", "researchAndDevelopment": "0", "operatingExpenses": "0", "investmentIncomeNet": "None", "netInterestIncome": "None", "interestIncome": "None", "interestExpense": "303000000", "nonInterestIncome": "None", "otherNonOperatingIncome": "None", "depreciation": "None", "depreciationAndAmortization": "None", "incomeBeforeTax": "1391000000", "incomeTaxExpense": "463000000", "interestAndDebtExpense": "None", "netIncomeFromContinuingOperations": "928000000", "comprehensiveIncomeNetOfTax": "None", "ebit": "1686000000", "ebitda": "None", "netIncome": "841000000"}, {"fiscalDateEnding": "2015-12-31", "reportedCurrency": "USD", "grossProfit": "0", "totalRevenue": "7375000000", "costOfRevenue": "4757000000", "costofGoodsAndServicesSold": "4757000000", "operatingIncome": "1585000000", "sellingGeneralAndAdministrative": "903000000", "researchAndDevelopment": "0", "operatingExpenses": "0", "investmentIncomeNet": "None", "netInterestIncome": "None", "interestIncome": "None", "interestExpense": "304000000", "nonInterestIncome": "None", "otherNonOperatingIncome": "None", "depreciation": "None", "depreciationAndAmortization": "None", "incomeBeforeTax": "1164000000", "incomeTaxExpense": "414000000", "interestAndDebtExpense": "None", "netIncomeFromContinuingOperations": "0", "comprehensiveIncomeNetOfTax": "None", "ebit": "0", "ebitda": "None", "netIncome": "672000000"}, {"fiscalDateEnding": "2015-09-30", "reportedCurrency": "USD", "grossProfit": "0", "totalRevenue": "6077000000", "costOfRevenue": "3673000000", "costofGoodsAndServicesSold": "3673000000", "operatingIncome": "1387000000", "sellingGeneralAndAdministrative": "889000000", "researchAndDevelopment": "0", "operatingExpenses": "0", "investmentIncomeNet": "None", "netInterestIncome": "None", "interestIncome": "None", "interestExpense": "298000000", "nonInterestIncome": "None", "otherNonOperatingIncome": "None", "depreciation": "None", "depreciationAndAmortization": "None", "incomeBeforeTax": "1053000000", "incomeTaxExpense": "313000000", "interestAndDebtExpense": "None", "netIncomeFromContinuingOperations": "0", "comprehensiveIncomeNetOfTax": "None", "ebit": "0", "ebitda": "None", "netIncome": "675000000"}, {"fiscalDateEnding": "2015-06-30", "reportedCurrency": "USD", "grossProfit": "10426000000", "totalRevenue": "6205000000", "costOfRevenue": "3786000000", "costofGoodsAndServicesSold": "3786000000", "operatingIncome": "1390000000", "sellingGeneralAndAdministrative": "894000000", "researchAndDevelopment": "0", "operatingExpenses": "23081000000", "investmentIncomeNet": "None", "netInterestIncome": "None", "interestIncome": "None", "interestExpense": "298000000", "nonInterestIncome": "None", "otherNonOperatingIncome": "None", "depreciation": "None", "depreciationAndAmortization": "None", "incomeBeforeTax": "240000000", "incomeTaxExpense": "93000000", "interestAndDebtExpense": "None", "netIncomeFromContinuingOperations": "8604000000", "comprehensiveIncomeNetOfTax": "None", "ebit": "5906000000", "ebitda": "None", "netIncome": "87000000"}, {"fiscalDateEnding": "2015-03-31", "reportedCurrency": "USD", "grossProfit": "0", "totalRevenue": "6840000000", "costOfRevenue": "4357000000", "costofGoodsAndServicesSold": "4357000000", "operatingIncome": "1536000000", "sellingGeneralAndAdministrative": "823000000", "researchAndDevelopment": "0", "operatingExpenses": "0", "investmentIncomeNet": "None", "netInterestIncome": "None", "interestIncome": "None", "interestExpense": "300000000", "nonInterestIncome": "None", "otherNonOperatingIncome": "None", "depreciation": "None", "depreciationAndAmortization": "None", "incomeBeforeTax": "1515000000", "incomeTaxExpense": "458000000", "interestAndDebtExpense": "None", "netIncomeFromContinuingOperations": "0", "comprehensiveIncomeNetOfTax": "None", "ebit": "0", "ebitda": "None", "netIncome": "975000000"}, {"fiscalDateEnding": "2014-12-31", "reportedCurrency": "USD", "grossProfit": "0", "totalRevenue": "8055000000", "costOfRevenue": "5366000000", "costofGoodsAndServicesSold": "5366000000", "operatingIncome": "1500000000", "sellingGeneralAndAdministrative": "988000000", "researchAndDevelopment": "0", "operatingExpenses": "0", "investmentIncomeNet": "None", "netInterestIncome": "None", "interestIncome": "None", "interestExpense": "316000000", "nonInterestIncome": "None", "otherNonOperatingIncome": "None", "depreciation": "None", "depreciationAndAmortization": "None", "incomeBeforeTax": "6489000000", "incomeTaxExpense": "189000000", "interestAndDebtExpense": "None", "netIncomeFromContinuingOperations": "0", "comprehensiveIncomeNetOfTax": "None", "ebit": "0", "ebitda": "None", "netIncome": "6207000000"}, {"fiscalDateEnding": "2014-09-30", "reportedCurrency": "USD", "grossProfit": "0", "totalRevenue": "7887000000", "costOfRevenue": "5052000000", "costofGoodsAndServicesSold": "5052000000", "operatingIncome": "1480000000", "sellingGeneralAndAdministrative": "1079000000", "researchAndDevelopment": "0", "operatingExpenses": "0", "investmentIncomeNet": "None", "netInterestIncome": "None", "interestIncome": "None", "interestExpense": "310000000", "nonInterestIncome": "None", "otherNonOperatingIncome": "None", "depreciation": "None", "depreciationAndAmortization": "None", "incomeBeforeTax": "1603000000", "incomeTaxExpense": "503000000", "interestAndDebtExpense": "None", "netIncomeFromContinuingOperations": "0", "comprehensiveIncomeNetOfTax": "None", "ebit": "0", "ebitda": "None", "netIncome": "1037000000"}, {"fiscalDateEnding": "2014-06-30", "reportedCurrency": "USD", "grossProfit": "10759000000", "totalRevenue": "8424000000", "costOfRevenue": "5635000000", "costofGoodsAndServicesSold": "5635000000", "operatingIncome": "1440000000", "sellingGeneralAndAdministrative": "1047000000", "researchAndDevelopment": "0", "operatingExpenses": "26379000000", "investmentIncomeNet": "None", "netInterestIncome": "None", "interestIncome": "None", "interestExpense": "298000000", "nonInterestIncome": "None", "otherNonOperatingIncome": "None", "depreciation": "None", "depreciationAndAmortization": "None", "incomeBeforeTax": "1397000000", "incomeTaxExpense": "343000000", "interestAndDebtExpense": "None", "netIncomeFromContinuingOperations": "3917000000", "comprehensiveIncomeNetOfTax": "None", "ebit": "5488000000", "ebitda": "None", "netIncome": "999000000"}, {"fiscalDateEnding": "2014-03-31", "reportedCurrency": "USD", "grossProfit": "0", "totalRevenue": "8219000000", "costOfRevenue": "5475000000", "costofGoodsAndServicesSold": "5475000000", "operatingIncome": "1499000000", "sellingGeneralAndAdministrative": "978000000", "researchAndDevelopment": "0", "operatingExpenses": "0", "investmentIncomeNet": "None", "netInterestIncome": "None", "interestIncome": "None", "interestExpense": "292000000", "nonInterestIncome": "None", "otherNonOperatingIncome": "None", "depreciation": "None", "depreciationAndAmortization": "None", "incomeBeforeTax": "1358000000", "incomeTaxExpense": "269000000", "interestAndDebtExpense": "None", "netIncomeFromContinuingOperations": "0", "comprehensiveIncomeNetOfTax": "None", "ebit": "0", "ebitda": "None", "netIncome": "1053000000"}, {"fiscalDateEnding": "2013-12-31", "reportedCurrency": "USD", "grossProfit": "0", "totalRevenue": "8163000000", "costOfRevenue": "5551000000", "costofGoodsAndServicesSold": "5551000000", "operatingIncome": "1266000000", "sellingGeneralAndAdministrative": "1086000000", "researchAndDevelopment": "0", "operatingExpenses": "0", "investmentIncomeNet": "None", "netInterestIncome": "None", "interestIncome": "None", "interestExpense": "287000000", "nonInterestIncome": "None", "otherNonOperatingIncome": "None", "depreciation": "None", "depreciationAndAmortization": "None", "incomeBeforeTax": "1358000000", "incomeTaxExpense": "360000000", "interestAndDebtExpense": "None", "netIncomeFromContinuingOperations": "0", "comprehensiveIncomeNetOfTax": "None", "ebit": "0", "ebitda": "None", "netIncome": "1207000000"}, {"fiscalDateEnding": "2013-09-30", "reportedCurrency": "USD", "grossProfit": "0", "totalRevenue": "7061000000", "costOfRevenue": "4447000000", "costofGoodsAndServicesSold": "4447000000", "operatingIncome": "1283000000", "sellingGeneralAndAdministrative": "1018000000", "researchAndDevelopment": "0", "operatingExpenses": "0", "investmentIncomeNet": "None", "netInterestIncome": "None", "interestIncome": "None", "interestExpense": "272000000", "nonInterestIncome": "None", "otherNonOperatingIncome": "None", "depreciation": "None", "depreciationAndAmortization": "None", "incomeBeforeTax": "1076000000", "incomeTaxExpense": "300000000", "interestAndDebtExpense": "None", "netIncomeFromContinuingOperations": "0", "comprehensiveIncomeNetOfTax": "None", "ebit": "0", "ebitda": "None", "netIncome": "1255000000"}, {"fiscalDateEnding": "2013-06-30", "reportedCurrency": "USD", "grossProfit": "10179000000", "totalRevenue": "7212000000", "costOfRevenue": "4705000000", "costofGoodsAndServicesSold": "4705000000", "operatingIncome": "1238000000", "sellingGeneralAndAdministrative": "1041000000", "researchAndDevelopment": "0", "operatingExpenses": "0", "investmentIncomeNet": "None", "netInterestIncome": "None", "interestIncome": "None", "interestExpense": "273000000", "nonInterestIncome": "None", "otherNonOperatingIncome": "None", "depreciation": "None", "depreciationAndAmortization": "None", "incomeBeforeTax": "1293000000", "incomeTaxExpense": "253000000", "interestAndDebtExpense": "None", "netIncomeFromContinuingOperations": "0", "comprehensiveIncomeNetOfTax": "None", "ebit": "0", "ebitda": "None", "netIncome": "4243000000"}, {"fiscalDateEnding": "2013-03-31", "reportedCurrency": "USD", "grossProfit": "0", "totalRevenue": "7353000000", "costOfRevenue": "4758000000", "costofGoodsAndServicesSold": "4758000000", "operatingIncome": "1333000000", "sellingGeneralAndAdministrative": "1048000000", "researchAndDevelopment": "0", "operatingExpenses": "0", "investmentIncomeNet": "None", "netInterestIncome": "None", "interestIncome": "None", "interestExpense": "287000000", "nonInterestIncome": "None", "otherNonOperatingIncome": "None", "depreciation": "None", "depreciationAndAmortization": "None", "incomeBeforeTax": "3305000000", "incomeTaxExpense": "728000000", "interestAndDebtExpense": "None", "netIncomeFromContinuingOperations": "0", "comprehensiveIncomeNetOfTax": "None", "ebit": "0", "ebitda": "None", "netIncome": "2854000000"}, {"fiscalDateEnding": "2012-12-31", "reportedCurrency": "USD", "grossProfit": "0", "totalRevenue": "7107000000", "costOfRevenue": "4518000000", "costofGoodsAndServicesSold": "4518000000", "operatingIncome": "1410000000", "sellingGeneralAndAdministrative": "998000000", "researchAndDevelopment": "0", "operatingExpenses": "0", "investmentIncomeNet": "None", "netInterestIncome": "None", "interestIncome": "None", "interestExpense": "275000000", "nonInterestIncome": "None", "otherNonOperatingIncome": "None", "depreciation": "None", "depreciationAndAmortization": "None", "incomeBeforeTax": "1527000000", "incomeTaxExpense": "405000000", "interestAndDebtExpense": "None", "netIncomeFromContinuingOperations": "0", "comprehensiveIncomeNetOfTax": "None", "ebit": "0", "ebitda": "None", "netIncome": "2381000000"}, {"fiscalDateEnding": "2012-09-30", "reportedCurrency": "USD", "grossProfit": "0", "totalRevenue": "6003000000", "costOfRevenue": "3515000000", "costofGoodsAndServicesSold": "3515000000", "operatingIncome": "1394000000", "sellingGeneralAndAdministrative": "920000000", "researchAndDevelopment": "0", "operatingExpenses": "0", "investmentIncomeNet": "None", "netInterestIncome": "None", "interestIncome": "None", "interestExpense": "269000000", "nonInterestIncome": "None", "otherNonOperatingIncome": "None", "depreciation": "None", "depreciationAndAmortization": "None", "incomeBeforeTax": "2611000000", "incomeTaxExpense": "304000000", "interestAndDebtExpense": "None", "netIncomeFromContinuingOperations": "0", "comprehensiveIncomeNetOfTax": "None", "ebit": "0", "ebitda": "None", "netIncome": "2233000000"}, {"fiscalDateEnding": "2012-06-30", "reportedCurrency": "USD", "grossProfit": "12921000000", "totalRevenue": "8370000000", "costOfRevenue": "5233000000", "costofGoodsAndServicesSold": "5233000000", "operatingIncome": "1242000000", "sellingGeneralAndAdministrative": "1585000000", "researchAndDevelopment": "0", "operatingExpenses": "0", "investmentIncomeNet": "None", "netInterestIncome": "None", "interestIncome": "None", "interestExpense": "270000000", "nonInterestIncome": "None", "otherNonOperatingIncome": "None", "depreciation": "None", "depreciationAndAmortization": "None", "incomeBeforeTax": "928000000", "incomeTaxExpense": "524000000", "interestAndDebtExpense": "None", "netIncomeFromContinuingOperations": "0", "comprehensiveIncomeNetOfTax": "None", "ebit": "0", "ebitda": "None", "netIncome": "242000000"}, {"fiscalDateEnding": "2012-03-31", "reportedCurrency": "USD", "grossProfit": "0", "totalRevenue": "8402000000", "costOfRevenue": "5216000000", "costofGoodsAndServicesSold": "5216000000", "operatingIncome": "1375000000", "sellingGeneralAndAdministrative": "1517000000", "researchAndDevelopment": "0", "operatingExpenses": "0", "investmentIncomeNet": "None", "netInterestIncome": "None", "interestIncome": "None", "interestExpense": "269000000", "nonInterestIncome": "None", "otherNonOperatingIncome": "None", "depreciation": "None", "depreciationAndAmortization": "None", "incomeBeforeTax": "1284000000", "incomeTaxExpense": "281000000", "interestAndDebtExpense": "None", "netIncomeFromContinuingOperations": "0", "comprehensiveIncomeNetOfTax": "None", "ebit": "0", "ebitda": "None", "netIncome": "937000000"}, {"fiscalDateEnding": "2011-12-31", "reportedCurrency": "USD", "grossProfit": "0", "totalRevenue": "8975000000", "costOfRevenue": "5583000000", "costofGoodsAndServicesSold": "5583000000", "operatingIncome": "1584000000", "sellingGeneralAndAdministrative": "1527000000", "researchAndDevelopment": "0", "operatingExpenses": "0", "investmentIncomeNet": "None", "netInterestIncome": "None", "interestIncome": "None", "interestExpense": "268000000", "nonInterestIncome": "None", "otherNonOperatingIncome": "None", "depreciation": "None", "depreciationAndAmortization": "None", "incomeBeforeTax": "1500000000", "incomeTaxExpense": "373000000", "interestAndDebtExpense": "None", "netIncomeFromContinuingOperations": "0", "comprehensiveIncomeNetOfTax": "None", "ebit": "0", "ebitda": "None", "netIncome": "1057000000"}, {"fiscalDateEnding": "2011-09-30", "reportedCurrency": "USD", "grossProfit": "0", "totalRevenue": "7959000000", "costOfRevenue": "4753000000", "costofGoodsAndServicesSold": "4753000000", "operatingIncome": "1402000000", "sellingGeneralAndAdministrative": "1510000000", "researchAndDevelopment": "0", "operatingExpenses": "0", "investmentIncomeNet": "None", "netInterestIncome": "None", "interestIncome": "None", "interestExpense": "269000000", "nonInterestIncome": "None", "otherNonOperatingIncome": "None", "depreciation": "None", "depreciationAndAmortization": "None", "incomeBeforeTax": "1063000000", "incomeTaxExpense": "277000000", "interestAndDebtExpense": "None", "netIncomeFromContinuingOperations": "0", "comprehensiveIncomeNetOfTax": "None", "ebit": "0", "ebitda": "None", "netIncome": "738000000"}, {"fiscalDateEnding": "2011-06-30", "reportedCurrency": "USD", "grossProfit": "12347000000", "totalRevenue": "8962000000", "costOfRevenue": "5588000000", "costofGoodsAndServicesSold": "5588000000", "operatingIncome": "1477000000", "sellingGeneralAndAdministrative": "1543000000", "researchAndDevelopment": "0", "operatingExpenses": "0", "investmentIncomeNet": "None", "netInterestIncome": "None", "interestIncome": "None", "interestExpense": "274000000", "nonInterestIncome": "None", "otherNonOperatingIncome": "None", "depreciation": "None", "depreciationAndAmortization": "None", "incomeBeforeTax": "1354000000", "incomeTaxExpense": "372000000", "interestAndDebtExpense": "None", "netIncomeFromContinuingOperations": "0", "comprehensiveIncomeNetOfTax": "None", "ebit": "0", "ebitda": "None", "netIncome": "683000000"}, {"fiscalDateEnding": "2011-03-31", "reportedCurrency": "USD", "grossProfit": "0", "totalRevenue": "8256000000", "costOfRevenue": "5322000000", "costofGoodsAndServicesSold": "5322000000", "operatingIncome": "1063000000", "sellingGeneralAndAdministrative": "1588000000", "researchAndDevelopment": "0", "operatingExpenses": "0", "investmentIncomeNet": "None", "netInterestIncome": "None", "interestIncome": "None", "interestExpense": "256000000", "nonInterestIncome": "None", "otherNonOperatingIncome": "None", "depreciation": "None", "depreciationAndAmortization": "None", "incomeBeforeTax": "939000000", "incomeTaxExpense": "257000000", "interestAndDebtExpense": "None", "netIncomeFromContinuingOperations": "0", "comprehensiveIncomeNetOfTax": "None", "ebit": "0", "ebitda": "None", "netIncome": "639000000"}, {"fiscalDateEnding": "2010-12-31", "reportedCurrency": "USD", "grossProfit": "0", "totalRevenue": "8761000000", "costOfRevenue": "5605000000", "costofGoodsAndServicesSold": "5605000000", "operatingIncome": "1287000000", "sellingGeneralAndAdministrative": "1589000000", "researchAndDevelopment": "0", "operatingExpenses": "0", "investmentIncomeNet": "None", "netInterestIncome": "None", "interestIncome": "None", "interestExpense": "240000000", "nonInterestIncome": "None", "otherNonOperatingIncome": "None", "depreciation": "None", "depreciationAndAmortization": "None", "incomeBeforeTax": "865000000", "incomeTaxExpense": "190000000", "interestAndDebtExpense": "None", "netIncomeFromContinuingOperations": "0", "comprehensiveIncomeNetOfTax": "None", "ebit": "0", "ebitda": "None", "netIncome": "642000000"}, {"fiscalDateEnding": "2010-09-30", "reportedCurrency": "USD", "grossProfit": "0", "totalRevenue": "7426000000", "costOfRevenue": "4543000000", "costofGoodsAndServicesSold": "4543000000", "operatingIncome": "1148000000", "sellingGeneralAndAdministrative": "1461000000", "researchAndDevelopment": "0", "operatingExpenses": "0", "investmentIncomeNet": "None", "netInterestIncome": "None", "interestIncome": "None", "interestExpense": "240000000", "nonInterestIncome": "None", "otherNonOperatingIncome": "None", "depreciation": "None", "depreciationAndAmortization": "None", "incomeBeforeTax": "1019000000", "incomeTaxExpense": "210000000", "interestAndDebtExpense": "None", "netIncomeFromContinuingOperations": "0", "comprehensiveIncomeNetOfTax": "None", "ebit": "0", "ebitda": "None", "netIncome": "775000000"}, {"fiscalDateEnding": "2010-06-30", "reportedCurrency": "USD", "grossProfit": "11763000000", "totalRevenue": "8110000000", "costOfRevenue": "5203000000", "costofGoodsAndServicesSold": "5203000000", "operatingIncome": "932000000", "sellingGeneralAndAdministrative": "1680000000", "researchAndDevelopment": "0", "operatingExpenses": "0", "investmentIncomeNet": "None", "netInterestIncome": "None", "interestIncome": "None", "interestExpense": "230000000", "nonInterestIncome": "None", "otherNonOperatingIncome": "None", "depreciation": "None", "depreciationAndAmortization": "None", "incomeBeforeTax": "904000000", "incomeTaxExpense": "2000000", "interestAndDebtExpense": "None", "netIncomeFromContinuingOperations": "0", "comprehensiveIncomeNetOfTax": "None", "ebit": "0", "ebitda": "None", "netIncome": "875000000"}, {"fiscalDateEnding": "2010-03-31", "reportedCurrency": "USD", "grossProfit": "0", "totalRevenue": "8785000000", "costOfRevenue": "5777000000", "costofGoodsAndServicesSold": "5777000000", "operatingIncome": "1253000000", "sellingGeneralAndAdministrative": "1461000000", "researchAndDevelopment": "0", "operatingExpenses": "0", "investmentIncomeNet": "None", "netInterestIncome": "None", "interestIncome": "None", "interestExpense": "247000000", "nonInterestIncome": "None", "otherNonOperatingIncome": "None", "depreciation": "None", "depreciationAndAmortization": "None", "incomeBeforeTax": "1156000000", "incomeTaxExpense": "295000000", "interestAndDebtExpense": "None", "netIncomeFromContinuingOperations": "0", "comprehensiveIncomeNetOfTax": "None", "ebit": "0", "ebitda": "None", "netIncome": "839000000"}, {"fiscalDateEnding": "2009-12-31", "reportedCurrency": "USD", "grossProfit": "0", "totalRevenue": "8684000000", "costOfRevenue": "5630000000", "costofGoodsAndServicesSold": "5630000000", "operatingIncome": "1212000000", "sellingGeneralAndAdministrative": "1543000000", "researchAndDevelopment": "0", "operatingExpenses": "0", "investmentIncomeNet": "None", "netInterestIncome": "None", "interestIncome": "None", "interestExpense": "269000000", "nonInterestIncome": "None", "otherNonOperatingIncome": "None", "depreciation": "None", "depreciationAndAmortization": "None", "incomeBeforeTax": "421000000", "incomeTaxExpense": "137000000", "interestAndDebtExpense": "None", "netIncomeFromContinuingOperations": "0", "comprehensiveIncomeNetOfTax": "None", "ebit": "0", "ebitda": "None", "netIncome": "254000000"}, {"fiscalDateEnding": "2009-09-30", "reportedCurrency": "USD", "grossProfit": "0", "totalRevenue": "7199000000", "costOfRevenue": "4405000000", "costofGoodsAndServicesSold": "4405000000", "operatingIncome": "1062000000", "sellingGeneralAndAdministrative": "1435000000", "researchAndDevelopment": "0", "operatingExpenses": "0", "investmentIncomeNet": "None", "netInterestIncome": "None", "interestIncome": "None", "interestExpense": "245000000", "nonInterestIncome": "None", "otherNonOperatingIncome": "None", "depreciation": "None", "depreciationAndAmortization": "None", "incomeBeforeTax": "842000000", "incomeTaxExpense": "245000000", "interestAndDebtExpense": "None", "netIncomeFromContinuingOperations": "0", "comprehensiveIncomeNetOfTax": "None", "ebit": "0", "ebitda": "None", "netIncome": "571000000"}, {"fiscalDateEnding": "2009-06-30", "reportedCurrency": "USD", "grossProfit": "10860000000", "totalRevenue": "7670000000", "costOfRevenue": "4982000000", "costofGoodsAndServicesSold": "4982000000", "operatingIncome": "949000000", "sellingGeneralAndAdministrative": "1454000000", "researchAndDevelopment": "0", "operatingExpenses": "0", "investmentIncomeNet": "None", "netInterestIncome": "None", "interestIncome": "None", "interestExpense": "237000000", "nonInterestIncome": "None", "otherNonOperatingIncome": "None", "depreciation": "None", "depreciationAndAmortization": "None", "incomeBeforeTax": "24000000", "incomeTaxExpense": "207000000", "interestAndDebtExpense": "None", "netIncomeFromContinuingOperations": "0", "comprehensiveIncomeNetOfTax": "None", "ebit": "0", "ebitda": "None", "netIncome": "-2727000000"}, {"fiscalDateEnding": "2009-03-31", "reportedCurrency": "USD", "grossProfit": "0", "totalRevenue": "7373000000", "costOfRevenue": "4849000000", "costofGoodsAndServicesSold": "4849000000", "operatingIncome": "809000000", "sellingGeneralAndAdministrative": "1441000000", "researchAndDevelopment": "0", "operatingExpenses": "0", "investmentIncomeNet": "None", "netInterestIncome": "None", "interestIncome": "None", "interestExpense": "238000000", "nonInterestIncome": "None", "otherNonOperatingIncome": "None", "depreciation": "None", "depreciationAndAmortization": "None", "incomeBeforeTax": "1625000000", "incomeTaxExpense": "0", "interestAndDebtExpense": "None", "netIncomeFromContinuingOperations": "0", "comprehensiveIncomeNetOfTax": "None", "ebit": "0", "ebitda": "None", "netIncome": "2727000000"}, {"fiscalDateEnding": "2008-12-31", "reportedCurrency": "USD", "grossProfit": "0", "totalRevenue": "7871000000", "costOfRevenue": "5161000000", "costofGoodsAndServicesSold": "5161000000", "operatingIncome": "839000000", "sellingGeneralAndAdministrative": "1588000000", "researchAndDevelopment": "0", "operatingExpenses": "0", "investmentIncomeNet": "None", "netInterestIncome": "None", "interestIncome": "None", "interestExpense": "231000000", "nonInterestIncome": "None", "otherNonOperatingIncome": "None", "depreciation": "None", "depreciationAndAmortization": "None", "incomeBeforeTax": "-717000000", "incomeTaxExpense": "-181000000", "interestAndDebtExpense": "None", "netIncomeFromContinuingOperations": "0", "comprehensiveIncomeNetOfTax": "None", "ebit": "0", "ebitda": "None", "netIncome": "-515000000"}, {"fiscalDateEnding": "2008-09-30", "reportedCurrency": "USD", "grossProfit": "0", "totalRevenue": "7509000000", "costOfRevenue": "4571000000", "costofGoodsAndServicesSold": "4571000000", "operatingIncome": "961000000", "sellingGeneralAndAdministrative": "1681000000", "researchAndDevelopment": "0", "operatingExpenses": "0", "investmentIncomeNet": "None", "netInterestIncome": "None", "interestIncome": "None", "interestExpense": "221000000", "nonInterestIncome": "None", "otherNonOperatingIncome": "None", "depreciation": "None", "depreciationAndAmortization": "None", "incomeBeforeTax": "717000000", "incomeTaxExpense": "181000000", "interestAndDebtExpense": "None", "netIncomeFromContinuingOperations": "0", "comprehensiveIncomeNetOfTax": "None", "ebit": "0", "ebitda": "None", "netIncome": "515000000"}, {"fiscalDateEnding": "2008-06-30", "reportedCurrency": "USD", "grossProfit": "12466000000", "totalRevenue": "8589000000", "costOfRevenue": "5247000000", "costofGoodsAndServicesSold": "5247000000", "operatingIncome": "1352000000", "sellingGeneralAndAdministrative": "1684000000", "researchAndDevelopment": "0", "operatingExpenses": "0", "investmentIncomeNet": "None", "netInterestIncome": "None", "interestIncome": "None", "interestExpense": "224000000", "nonInterestIncome": "None", "otherNonOperatingIncome": "None", "depreciation": "None", "depreciationAndAmortization": "None", "incomeBeforeTax": "1740000000", "incomeTaxExpense": "569000000", "interestAndDebtExpense": "None", "netIncomeFromContinuingOperations": "0", "comprehensiveIncomeNetOfTax": "None", "ebit": "0", "ebitda": "None", "netIncome": "1129000000"}, {"fiscalDateEnding": "2008-03-31", "reportedCurrency": "USD", "grossProfit": "0", "totalRevenue": "8750000000", "costOfRevenue": "5447000000", "costofGoodsAndServicesSold": "5447000000", "operatingIncome": "1443000000", "sellingGeneralAndAdministrative": "1568000000", "researchAndDevelopment": "0", "operatingExpenses": "0", "investmentIncomeNet": "None", "netInterestIncome": "None", "interestIncome": "None", "interestExpense": "244000000", "nonInterestIncome": "None", "otherNonOperatingIncome": "None", "depreciation": "None", "depreciationAndAmortization": "None", "incomeBeforeTax": "3013000000", "incomeTaxExpense": "300000000", "interestAndDebtExpense": "None", "netIncomeFromContinuingOperations": "0", "comprehensiveIncomeNetOfTax": "None", "ebit": "0", "ebitda": "None", "netIncome": "2694000000"}, {"fiscalDateEnding": "2007-12-31", "reportedCurrency": "USD", "grossProfit": "0", "totalRevenue": "8590000000", "costOfRevenue": "5437000000", "costofGoodsAndServicesSold": "5437000000", "operatingIncome": "1424000000", "sellingGeneralAndAdministrative": "1442000000", "researchAndDevelopment": "0", "operatingExpenses": "0", "investmentIncomeNet": "None", "netInterestIncome": "None", "interestIncome": "None", "interestExpense": "245000000", "nonInterestIncome": "None", "otherNonOperatingIncome": "None", "depreciation": "None", "depreciationAndAmortization": "None", "incomeBeforeTax": "1388000000", "incomeTaxExpense": "520000000", "interestAndDebtExpense": "None", "netIncomeFromContinuingOperations": "0", "comprehensiveIncomeNetOfTax": "None", "ebit": "0", "ebitda": "None", "netIncome": "832000000"}, {"fiscalDateEnding": "2007-09-30", "reportedCurrency": "USD", "grossProfit": "0", "totalRevenue": "7067000000", "costOfRevenue": "4399000000", "costofGoodsAndServicesSold": "4399000000", "operatingIncome": "1056000000", "sellingGeneralAndAdministrative": "1290000000", "researchAndDevelopment": "0", "operatingExpenses": "0", "investmentIncomeNet": "None", "netInterestIncome": "None", "interestIncome": "None", "interestExpense": "213000000", "nonInterestIncome": "None", "otherNonOperatingIncome": "None", "depreciation": "None", "depreciationAndAmortization": "None", "incomeBeforeTax": "1180000000", "incomeTaxExpense": "414000000", "interestAndDebtExpense": "None", "netIncomeFromContinuingOperations": "0", "comprehensiveIncomeNetOfTax": "None", "ebit": "0", "ebitda": "None", "netIncome": "732000000"}, {"fiscalDateEnding": "2007-06-30", "reportedCurrency": "USD", "grossProfit": "10010000000", "totalRevenue": "7367000000", "costOfRevenue": "4645000000", "costofGoodsAndServicesSold": "4645000000", "operatingIncome": "1225000000", "sellingGeneralAndAdministrative": "1255000000", "researchAndDevelopment": "0", "operatingExpenses": "0", "investmentIncomeNet": "None", "netInterestIncome": "None", "interestIncome": "None", "interestExpense": "220000000", "nonInterestIncome": "None", "otherNonOperatingIncome": "None", "depreciation": "None", "depreciationAndAmortization": "None", "incomeBeforeTax": "1238000000", "incomeTaxExpense": "328000000", "interestAndDebtExpense": "None", "netIncomeFromContinuingOperations": "0", "comprehensiveIncomeNetOfTax": "None", "ebit": "0", "ebitda": "None", "netIncome": "890000000"}, {"fiscalDateEnding": "2007-03-31", "reportedCurrency": "USD", "grossProfit": "0", "totalRevenue": "7530000000", "costOfRevenue": "4915000000", "costofGoodsAndServicesSold": "4915000000", "operatingIncome": "1246000000", "sellingGeneralAndAdministrative": "1145000000", "researchAndDevelopment": "0", "operatingExpenses": "0", "investmentIncomeNet": "None", "netInterestIncome": "None", "interestIncome": "None", "interestExpense": "226000000", "nonInterestIncome": "None", "otherNonOperatingIncome": "None", "depreciation": "None", "depreciationAndAmortization": "None", "incomeBeforeTax": "1400000000", "incomeTaxExpense": "517000000", "interestAndDebtExpense": "None", "netIncomeFromContinuingOperations": "0", "comprehensiveIncomeNetOfTax": "None", "ebit": "0", "ebitda": "None", "netIncome": "871000000"}, {"fiscalDateEnding": "2006-12-31", "reportedCurrency": "USD", "grossProfit": "0", "totalRevenue": "7844000000", "costOfRevenue": "5335000000", "costofGoodsAndServicesSold": "5335000000", "operatingIncome": "1150000000", "sellingGeneralAndAdministrative": "1153000000", "researchAndDevelopment": "0", "operatingExpenses": "0", "investmentIncomeNet": "None", "netInterestIncome": "None", "interestIncome": "None", "interestExpense": "217000000", "nonInterestIncome": "None", "otherNonOperatingIncome": "None", "depreciation": "None", "depreciationAndAmortization": "None", "incomeBeforeTax": "1271000000", "incomeTaxExpense": "431000000", "interestAndDebtExpense": "None", "netIncomeFromContinuingOperations": "0", "comprehensiveIncomeNetOfTax": "None", "ebit": "0", "ebitda": "None", "netIncome": "822000000"}, {"fiscalDateEnding": "2006-09-30", "reportedCurrency": "USD", "grossProfit": "0", "totalRevenue": "5914000000", "costOfRevenue": "3750000000", "costofGoodsAndServicesSold": "3750000000", "operatingIncome": "855000000", "sellingGeneralAndAdministrative": "1102000000", "researchAndDevelopment": "0", "operatingExpenses": "0", "investmentIncomeNet": "None", "netInterestIncome": "None", "interestIncome": "None", "interestExpense": "204000000", "nonInterestIncome": "None", "otherNonOperatingIncome": "None", "depreciation": "None", "depreciationAndAmortization": "None", "incomeBeforeTax": "1397000000", "incomeTaxExpense": "538000000", "interestAndDebtExpense": "None", "netIncomeFromContinuingOperations": "0", "comprehensiveIncomeNetOfTax": "None", "ebit": "0", "ebitda": "None", "netIncome": "843000000"}, {"fiscalDateEnding": "2006-06-30", "reportedCurrency": "USD", "grossProfit": "8734000000", "totalRevenue": "6782000000", "costOfRevenue": "4477000000", "costofGoodsAndServicesSold": "4477000000", "operatingIncome": "1035000000", "sellingGeneralAndAdministrative": "1056000000", "researchAndDevelopment": "0", "operatingExpenses": "0", "investmentIncomeNet": "None", "netInterestIncome": "None", "interestIncome": "None", "interestExpense": "191000000", "nonInterestIncome": "None", "otherNonOperatingIncome": "None", "depreciation": "None", "depreciationAndAmortization": "None", "incomeBeforeTax": "1122000000", "incomeTaxExpense": "381000000", "interestAndDebtExpense": "None", "netIncomeFromContinuingOperations": "0", "comprehensiveIncomeNetOfTax": "None", "ebit": "0", "ebitda": "None", "netIncome": "852000000"}, {"fiscalDateEnding": "2006-03-31", "reportedCurrency": "USD", "grossProfit": "0", "totalRevenue": "6198000000", "costOfRevenue": "4006000000", "costofGoodsAndServicesSold": "4006000000", "operatingIncome": "1014000000", "sellingGeneralAndAdministrative": "989000000", "researchAndDevelopment": "0", "operatingExpenses": "0", "investmentIncomeNet": "None", "netInterestIncome": "None", "interestIncome": "None", "interestExpense": "230000000", "nonInterestIncome": "None", "otherNonOperatingIncome": "None", "depreciation": "None", "depreciationAndAmortization": "None", "incomeBeforeTax": "1304000000", "incomeTaxExpense": "471000000", "interestAndDebtExpense": "None", "netIncomeFromContinuingOperations": "0", "comprehensiveIncomeNetOfTax": "None", "ebit": "0", "ebitda": "None", "netIncome": "820000000"}, {"fiscalDateEnding": "2005-12-31", "reportedCurrency": "USD", "grossProfit": "0", "totalRevenue": "6665000000", "costOfRevenue": "4471000000", "costofGoodsAndServicesSold": "4471000000", "operatingIncome": "1019000000", "sellingGeneralAndAdministrative": "978000000", "researchAndDevelopment": "0", "operatingExpenses": "0", "investmentIncomeNet": "None", "netInterestIncome": "None", "interestIncome": "None", "interestExpense": "204000000", "nonInterestIncome": "None", "otherNonOperatingIncome": "None", "depreciation": "None", "depreciationAndAmortization": "None", "incomeBeforeTax": "1001000000", "incomeTaxExpense": "292000000", "interestAndDebtExpense": "None", "netIncomeFromContinuingOperations": "0", "comprehensiveIncomeNetOfTax": "None", "ebit": "0", "ebitda": "None", "netIncome": "1075000000"}, {"fiscalDateEnding": "2005-09-30", "reportedCurrency": "USD", "grossProfit": "0", "totalRevenue": "5682000000", "costOfRevenue": "3639000000", "costofGoodsAndServicesSold": "3639000000", "operatingIncome": "909000000", "sellingGeneralAndAdministrative": "959000000", "researchAndDevelopment": "0", "operatingExpenses": "0", "investmentIncomeNet": "None", "netInterestIncome": "None", "interestIncome": "None", "interestExpense": "194000000", "nonInterestIncome": "None", "otherNonOperatingIncome": "None", "depreciation": "None", "depreciationAndAmortization": "None", "incomeBeforeTax": "978000000", "incomeTaxExpense": "382000000", "interestAndDebtExpense": "None", "netIncomeFromContinuingOperations": "0", "comprehensiveIncomeNetOfTax": "None", "ebit": "0", "ebitda": "None", "netIncome": "0"}, {"fiscalDateEnding": "2005-06-30", "reportedCurrency": "USD", "grossProfit": "7958000000", "totalRevenue": "6108000000", "costOfRevenue": "4958000000", "costofGoodsAndServicesSold": "4958000000", "operatingIncome": "955000000", "sellingGeneralAndAdministrative": "3697000000", "researchAndDevelopment": "0", "operatingExpenses": "0", "investmentIncomeNet": "None", "netInterestIncome": "None", "interestIncome": "None", "interestExpense": "131000000", "nonInterestIncome": "None", "otherNonOperatingIncome": "None", "depreciation": "None", "depreciationAndAmortization": "None", "incomeBeforeTax": "1188000000", "incomeTaxExpense": "447000000", "interestAndDebtExpense": "None", "netIncomeFromContinuingOperations": "0", "comprehensiveIncomeNetOfTax": "None", "ebit": "0", "ebitda": "None", "netIncome": "717000000"}, {"fiscalDateEnding": "2005-03-31", "reportedCurrency": "USD", "grossProfit": "0", "totalRevenue": "6043000000", "costOfRevenue": "4978000000", "costofGoodsAndServicesSold": "4978000000", "operatingIncome": "889000000", "sellingGeneralAndAdministrative": "0", "researchAndDevelopment": "0", "operatingExpenses": "0", "investmentIncomeNet": "None", "netInterestIncome": "None", "interestIncome": "None", "interestExpense": "143000000", "nonInterestIncome": "None", "otherNonOperatingIncome": "None", "depreciation": "None", "depreciationAndAmortization": "None", "incomeBeforeTax": "775000000", "incomeTaxExpense": "317000000", "interestAndDebtExpense": "None", "netIncomeFromContinuingOperations": "0", "comprehensiveIncomeNetOfTax": "None", "ebit": "0", "ebitda": "None", "netIncome": "400000000"}, {"fiscalDateEnding": "2004-12-31", "reportedCurrency": "USD", "grossProfit": "0", "totalRevenue": "6562000000", "costOfRevenue": "5423000000", "costofGoodsAndServicesSold": "5423000000", "operatingIncome": "990000000", "sellingGeneralAndAdministrative": "0", "researchAndDevelopment": "0", "operatingExpenses": "0", "investmentIncomeNet": "None", "netInterestIncome": "None", "interestIncome": "None", "interestExpense": "137000000", "nonInterestIncome": "None", "otherNonOperatingIncome": "None", "depreciation": "None", "depreciationAndAmortization": "None", "incomeBeforeTax": "751000000", "incomeTaxExpense": "276000000", "interestAndDebtExpense": "None", "netIncomeFromContinuingOperations": "0", "comprehensiveIncomeNetOfTax": "None", "ebit": "0", "ebitda": "None", "netIncome": "386000000"}]}