{"symbol": "AMT", "annualReports": [{"fiscalDateEnding": "2024-12-31", "reportedCurrency": "USD", "grossProfit": "10127200000", "totalRevenue": "10127200000", "costOfRevenue": "2574400000", "costofGoodsAndServicesSold": "2574400000", "operatingIncome": "4516500000", "sellingGeneralAndAdministrative": "933400000", "researchAndDevelopment": "None", "operatingExpenses": "5610700000", "investmentIncomeNet": "None", "netInterestIncome": "-1269300000", "interestIncome": "135200000", "interestExpense": "1404500000", "nonInterestIncome": "None", "otherNonOperatingIncome": "None", "depreciation": "None", "depreciationAndAmortization": "2124800000", "incomeBeforeTax": "3624800000", "incomeTaxExpense": "366300000", "interestAndDebtExpense": "None", "netIncomeFromContinuingOperations": "3258500000", "comprehensiveIncomeNetOfTax": "None", "ebit": "5029300000", "ebitda": "7154100000", "netIncome": "2255000000"}, {"fiscalDateEnding": "2023-12-31", "reportedCurrency": "USD", "grossProfit": "7883600000", "totalRevenue": "11144200000", "costOfRevenue": "3260600000", "costofGoodsAndServicesSold": "3260600000", "operatingIncome": "3024900000", "sellingGeneralAndAdministrative": "964500000", "researchAndDevelopment": "0.14", "operatingExpenses": "4858700000", "investmentIncomeNet": "None", "netInterestIncome": "-1215300000", "interestIncome": "135700000", "interestExpense": "1398200000", "nonInterestIncome": "None", "otherNonOperatingIncome": "None", "depreciation": "None", "depreciationAndAmortization": "3086500000", "incomeBeforeTax": "1521300000", "incomeTaxExpense": "154200000", "interestAndDebtExpense": "None", "netIncomeFromContinuingOperations": "637200000", "comprehensiveIncomeNetOfTax": "None", "ebit": "2919500000", "ebitda": "6006000000", "netIncome": "1483300000"}, {"fiscalDateEnding": "2022-12-31", "reportedCurrency": "USD", "grossProfit": "7447300000", "totalRevenue": "10711100000", "costOfRevenue": "3263800000", "costofGoodsAndServicesSold": "3263800000", "operatingIncome": "2352300000", "sellingGeneralAndAdministrative": "972300000", "researchAndDevelopment": "0.16", "operatingExpenses": "5095000000", "investmentIncomeNet": "None", "netInterestIncome": "-1064900000", "interestIncome": "615500000", "interestExpense": "1136500000", "nonInterestIncome": "None", "otherNonOperatingIncome": "504900000", "depreciation": "None", "depreciationAndAmortization": "7604300000", "incomeBeforeTax": "1720700000", "incomeTaxExpense": "24000000", "interestAndDebtExpense": "None", "netIncomeFromContinuingOperations": "1696700000", "comprehensiveIncomeNetOfTax": "None", "ebit": "-1142400000", "ebitda": "6461900000", "netIncome": "1765800000"}, {"fiscalDateEnding": "2021-12-31", "reportedCurrency": "USD", "grossProfit": "6674900000", "totalRevenue": "9356900000", "costOfRevenue": "2682000000", "costofGoodsAndServicesSold": "2682000000", "operatingIncome": "3132000000", "sellingGeneralAndAdministrative": "811600000", "researchAndDevelopment": "0.30", "operatingExpenses": "3542900000", "investmentIncomeNet": "None", "netInterestIncome": "-830500000", "interestIncome": "1388400000", "interestExpense": "870900000", "nonInterestIncome": "None", "otherNonOperatingIncome": "568300000", "depreciation": "None", "depreciationAndAmortization": "5812600000", "incomeBeforeTax": "2829400000", "incomeTaxExpense": "261800000", "interestAndDebtExpense": "None", "netIncomeFromContinuingOperations": "2567600000", "comprehensiveIncomeNetOfTax": "None", "ebit": "64300000", "ebitda": "5876900000", "netIncome": "2567700000"}, {"fiscalDateEnding": "2020-12-31", "reportedCurrency": "USD", "grossProfit": "5814300000", "totalRevenue": "8041500000", "costOfRevenue": "2227200000", "costofGoodsAndServicesSold": "2227200000", "operatingIncome": "2887500000", "sellingGeneralAndAdministrative": "781700000", "researchAndDevelopment": "0.23", "operatingExpenses": "2926800000", "investmentIncomeNet": "None", "netInterestIncome": "-753800000", "interestIncome": "39700000", "interestExpense": "793500000", "nonInterestIncome": "None", "otherNonOperatingIncome": "-272900000", "depreciation": "None", "depreciationAndAmortization": "4928500000", "incomeBeforeTax": "1821100000", "incomeTaxExpense": "129600000", "interestAndDebtExpense": "None", "netIncomeFromContinuingOperations": "1691500000", "comprehensiveIncomeNetOfTax": "None", "ebit": "66800000", "ebitda": "4995300000", "netIncome": "1690600000"}, {"fiscalDateEnding": "2019-12-31", "reportedCurrency": "USD", "grossProfit": "5363500000", "totalRevenue": "7580300000", "costOfRevenue": "2216800000", "costofGoodsAndServicesSold": "2216800000", "operatingIncome": "2688400000", "sellingGeneralAndAdministrative": "733200000", "researchAndDevelopment": "0.25", "operatingExpenses": "2675100000", "investmentIncomeNet": "None", "netInterestIncome": "-767400000", "interestIncome": "46800000", "interestExpense": "814200000", "nonInterestIncome": "None", "otherNonOperatingIncome": "42200000", "depreciation": "None", "depreciationAndAmortization": "4730300000", "incomeBeforeTax": "1916400000", "incomeTaxExpense": "-200000", "interestAndDebtExpense": "None", "netIncomeFromContinuingOperations": "1916600000", "comprehensiveIncomeNetOfTax": "None", "ebit": "-101900000", "ebitda": "4628400000", "netIncome": "1887800000"}, {"fiscalDateEnding": "2018-12-31", "reportedCurrency": "USD", "grossProfit": "5262300000", "totalRevenue": "7440100000", "costOfRevenue": "2177800000", "costofGoodsAndServicesSold": "2177800000", "operatingIncome": "1905000000", "sellingGeneralAndAdministrative": "736500000", "researchAndDevelopment": "0.16", "operatingExpenses": "3357300000", "investmentIncomeNet": "None", "netInterestIncome": "-770900000", "interestIncome": "55800000", "interestExpense": "825600000", "nonInterestIncome": "None", "otherNonOperatingIncome": "20500000", "depreciation": "None", "depreciationAndAmortization": "5027900000", "incomeBeforeTax": "1154600000", "incomeTaxExpense": "-110100000", "interestAndDebtExpense": "None", "netIncomeFromContinuingOperations": "1264700000", "comprehensiveIncomeNetOfTax": "None", "ebit": "-504900000", "ebitda": "4523000000", "netIncome": "1236400000"}, {"fiscalDateEnding": "2017-12-31", "reportedCurrency": "USD", "grossProfit": "4610200000", "totalRevenue": "6663900000", "costOfRevenue": "2053700000", "costofGoodsAndServicesSold": "2053700000", "operatingIncome": "1998400000", "sellingGeneralAndAdministrative": "639900000", "researchAndDevelopment": "0.19", "operatingExpenses": "2611800000", "investmentIncomeNet": "None", "netInterestIncome": "-703400000", "interestIncome": "47400000", "interestExpense": "750800000", "nonInterestIncome": "None", "otherNonOperatingIncome": "-38900000", "depreciation": "None", "depreciationAndAmortization": "4450400000", "incomeBeforeTax": "1256100000", "incomeTaxExpense": "30700000", "interestAndDebtExpense": "None", "netIncomeFromContinuingOperations": "1225400000", "comprehensiveIncomeNetOfTax": "None", "ebit": "-521000000", "ebitda": "3929400000", "netIncome": "1238900000"}, {"fiscalDateEnding": "2016-12-31", "reportedCurrency": "USD", "grossProfit": "3997717000", "totalRevenue": "5785668000", "costOfRevenue": "1787951000", "costofGoodsAndServicesSold": "1787951000", "operatingIncome": "1853029000", "sellingGeneralAndAdministrative": "545833000", "researchAndDevelopment": "0.19", "operatingExpenses": "2144688000", "investmentIncomeNet": "None", "netInterestIncome": "-680547000", "interestIncome": "37741000", "interestExpense": "718288000", "nonInterestIncome": "None", "otherNonOperatingIncome": "-46622000", "depreciation": "None", "depreciationAndAmortization": "3957415000", "incomeBeforeTax": "1125860000", "incomeTaxExpense": "155501000", "interestAndDebtExpense": "None", "netIncomeFromContinuingOperations": "970359000", "comprehensiveIncomeNetOfTax": "None", "ebit": "-499415000", "ebitda": "3458000000", "netIncome": "956425000"}, {"fiscalDateEnding": "2015-12-31", "reportedCurrency": "USD", "grossProfit": "3464701000", "totalRevenue": "4771516000", "costOfRevenue": "1306815000", "costofGoodsAndServicesSold": "1306815000", "operatingIncome": "1612789000", "sellingGeneralAndAdministrative": "499888000", "researchAndDevelopment": "0", "operatingExpenses": "1851912000", "investmentIncomeNet": "None", "netInterestIncome": "None", "interestIncome": "639734000", "interestExpense": "584740000", "nonInterestIncome": "None", "otherNonOperatingIncome": "-214566000", "depreciation": "None", "depreciationAndAmortization": "1285328000", "incomeBeforeTax": "829962000", "incomeTaxExpense": "157955000", "interestAndDebtExpense": "None", "netIncomeFromContinuingOperations": "672007000", "comprehensiveIncomeNetOfTax": "None", "ebit": "1426672000", "ebitda": "2712000000", "netIncome": "685074000"}, {"fiscalDateEnding": "2014-12-31", "reportedCurrency": "USD", "grossProfit": "3007620000", "totalRevenue": "4100048000", "costOfRevenue": "1092428000", "costofGoodsAndServicesSold": "1092428000", "operatingIncome": "1486922000", "sellingGeneralAndAdministrative": "448379000", "researchAndDevelopment": "0", "operatingExpenses": "1520698000", "investmentIncomeNet": "None", "netInterestIncome": "None", "interestIncome": "None", "interestExpense": "569687000", "nonInterestIncome": "None", "otherNonOperatingIncome": "-51531000", "depreciation": "None", "depreciationAndAmortization": "1003802000", "incomeBeforeTax": "865704000", "incomeTaxExpense": "62505000", "interestAndDebtExpense": "None", "netIncomeFromContinuingOperations": "803199000", "comprehensiveIncomeNetOfTax": "None", "ebit": "1555439000", "ebitda": "2559241000", "netIncome": "824910000"}, {"fiscalDateEnding": "2013-12-31", "reportedCurrency": "USD", "grossProfit": "2503078000", "totalRevenue": "3361407000", "costOfRevenue": "858329000", "costofGoodsAndServicesSold": "858329000", "operatingIncome": "1214305000", "sellingGeneralAndAdministrative": "417089000", "researchAndDevelopment": "0", "operatingExpenses": "1288773000", "investmentIncomeNet": "None", "netInterestIncome": "None", "interestIncome": "None", "interestExpense": "436061000", "nonInterestIncome": "None", "otherNonOperatingIncome": "-214260000", "depreciation": "None", "depreciationAndAmortization": "800145000", "incomeBeforeTax": "541749000", "incomeTaxExpense": "59541000", "interestAndDebtExpense": "None", "netIncomeFromContinuingOperations": "482208000", "comprehensiveIncomeNetOfTax": "None", "ebit": "1274453000", "ebitda": "2074598000", "netIncome": "551333000"}, {"fiscalDateEnding": "2012-12-31", "reportedCurrency": "USD", "grossProfit": "2155242000", "totalRevenue": "2875960000", "costOfRevenue": "720718000", "costofGoodsAndServicesSold": "720718000", "operatingIncome": "1119719000", "sellingGeneralAndAdministrative": "329062000", "researchAndDevelopment": "0", "operatingExpenses": "1035523000", "investmentIncomeNet": "None", "netInterestIncome": "None", "interestIncome": "None", "interestExpense": "387407000", "nonInterestIncome": "None", "otherNonOperatingIncome": "-16725000", "depreciation": "None", "depreciationAndAmortization": "644276000", "incomeBeforeTax": "701294000", "incomeTaxExpense": "107304000", "interestAndDebtExpense": "None", "netIncomeFromContinuingOperations": "594025000", "comprehensiveIncomeNetOfTax": "None", "ebit": "1172050000", "ebitda": "1816326000", "netIncome": "637283000"}, {"fiscalDateEnding": "2011-12-31", "reportedCurrency": "USD", "grossProfit": "1822576000", "totalRevenue": "2443532000", "costOfRevenue": "620956000", "costofGoodsAndServicesSold": "620956000", "operatingIncome": "920132000", "sellingGeneralAndAdministrative": "288824000", "researchAndDevelopment": "0", "operatingExpenses": "902444000", "investmentIncomeNet": "None", "netInterestIncome": "None", "interestIncome": "None", "interestExpense": "311854000", "nonInterestIncome": "None", "otherNonOperatingIncome": "None", "depreciation": "None", "depreciationAndAmortization": "555517000", "incomeBeforeTax": "506895000", "incomeTaxExpense": "125080000", "interestAndDebtExpense": "None", "netIncomeFromContinuingOperations": "None", "comprehensiveIncomeNetOfTax": "None", "ebit": "963427000", "ebitda": "1518944000", "netIncome": "392685000"}, {"fiscalDateEnding": "2010-12-31", "reportedCurrency": "USD", "grossProfit": "1510749000", "totalRevenue": "1985335000", "costOfRevenue": "474586000", "costofGoodsAndServicesSold": "474586000", "operatingIncome": "784378000", "sellingGeneralAndAdministrative": "229769000", "researchAndDevelopment": "0", "operatingExpenses": "726371000", "investmentIncomeNet": "None", "netInterestIncome": "None", "interestIncome": "None", "interestExpense": "246018000", "nonInterestIncome": "None", "otherNonOperatingIncome": "17705000", "depreciation": "None", "depreciationAndAmortization": "460726000", "incomeBeforeTax": "556025000", "incomeTaxExpense": "182489000", "interestAndDebtExpense": "None", "netIncomeFromContinuingOperations": "373576000", "comprehensiveIncomeNetOfTax": "None", "ebit": "782784000", "ebitda": "1243510000", "netIncome": "372936000"}, {"fiscalDateEnding": "2009-12-31", "reportedCurrency": "USD", "grossProfit": "1307739000", "totalRevenue": "1724114000", "costOfRevenue": "416375000", "costofGoodsAndServicesSold": "416375000", "operatingIncome": "672258000", "sellingGeneralAndAdministrative": "201694000", "researchAndDevelopment": "0", "operatingExpenses": "635481000", "investmentIncomeNet": "None", "netInterestIncome": "None", "interestIncome": "None", "interestExpense": "249803000", "nonInterestIncome": "None", "otherNonOperatingIncome": "None", "depreciation": "None", "depreciationAndAmortization": "414619000", "incomeBeforeTax": "421487000", "incomeTaxExpense": "182565000", "interestAndDebtExpense": "None", "netIncomeFromContinuingOperations": "None", "comprehensiveIncomeNetOfTax": "None", "ebit": "673854000", "ebitda": "1088473000", "netIncome": "246595000"}, {"fiscalDateEnding": "2008-12-31", "reportedCurrency": "USD", "grossProfit": "1203649000", "totalRevenue": "1593504000", "costOfRevenue": "389855000", "costofGoodsAndServicesSold": "389855000", "operatingIncome": "606754000", "sellingGeneralAndAdministrative": "180374000", "researchAndDevelopment": "None", "operatingExpenses": "596895000", "investmentIncomeNet": "None", "netInterestIncome": "None", "interestIncome": "None", "interestExpense": "253584000", "nonInterestIncome": "None", "otherNonOperatingIncome": "None", "depreciation": "None", "depreciationAndAmortization": "405332000", "incomeBeforeTax": "371920000", "incomeTaxExpense": "135509000", "interestAndDebtExpense": "None", "netIncomeFromContinuingOperations": "None", "comprehensiveIncomeNetOfTax": "None", "ebit": "615843000", "ebitda": "1021175000", "netIncome": "347246000"}, {"fiscalDateEnding": "2007-12-31", "reportedCurrency": "USD", "grossProfit": "1096972000", "totalRevenue": "1456594000", "costOfRevenue": "359622000", "costofGoodsAndServicesSold": "359622000", "operatingIncome": "378363000", "sellingGeneralAndAdministrative": "186483000", "researchAndDevelopment": "None", "operatingExpenses": "718609000", "investmentIncomeNet": "None", "netInterestIncome": "None", "interestIncome": "None", "interestExpense": "14207000", "nonInterestIncome": "None", "otherNonOperatingIncome": "None", "depreciation": "None", "depreciationAndAmortization": "530717000", "incomeBeforeTax": "152840000", "incomeTaxExpense": "59809000", "interestAndDebtExpense": "None", "netIncomeFromContinuingOperations": "None", "comprehensiveIncomeNetOfTax": "None", "ebit": "378363000", "ebitda": "909080000", "netIncome": "56316000"}, {"fiscalDateEnding": "2006-12-31", "reportedCurrency": "USD", "grossProfit": "973848000", "totalRevenue": "1317385000", "costOfRevenue": "343537000", "costofGoodsAndServicesSold": "343537000", "operatingIncome": "286473000", "sellingGeneralAndAdministrative": "159324000", "researchAndDevelopment": "None", "operatingExpenses": "687375000", "investmentIncomeNet": "None", "netInterestIncome": "None", "interestIncome": "None", "interestExpense": "14208000", "nonInterestIncome": "None", "otherNonOperatingIncome": "None", "depreciation": "None", "depreciationAndAmortization": "537770000", "incomeBeforeTax": "70864000", "incomeTaxExpense": "41768000", "interestAndDebtExpense": "None", "netIncomeFromContinuingOperations": "None", "comprehensiveIncomeNetOfTax": "None", "ebit": "286473000", "ebitda": "824243000", "netIncome": "27484000"}, {"fiscalDateEnding": "2005-12-31", "reportedCurrency": "USD", "grossProfit": "626657000", "totalRevenue": "944786000", "costOfRevenue": "318129000", "costofGoodsAndServicesSold": "318129000", "operatingIncome": "177426000", "sellingGeneralAndAdministrative": "37977000", "researchAndDevelopment": "None", "operatingExpenses": "449231000", "investmentIncomeNet": "None", "netInterestIncome": "None", "interestIncome": "None", "interestExpense": "14232000", "nonInterestIncome": "None", "otherNonOperatingIncome": "None", "depreciation": "None", "depreciationAndAmortization": "458832000", "incomeBeforeTax": "-127474000", "incomeTaxExpense": "4003000", "interestAndDebtExpense": "None", "netIncomeFromContinuingOperations": "None", "comprehensiveIncomeNetOfTax": "None", "ebit": "278541000", "ebitda": "737373000", "netIncome": "-171590000"}], "quarterlyReports": [{"fiscalDateEnding": "2024-12-31", "reportedCurrency": "USD", "grossProfit": "1893200000", "totalRevenue": "2547600000", "costOfRevenue": "654400000", "costofGoodsAndServicesSold": "654400000", "operatingIncome": "1080100000", "sellingGeneralAndAdministrative": "243100000", "researchAndDevelopment": "None", "operatingExpenses": "813100000", "investmentIncomeNet": "None", "netInterestIncome": "-289100000", "interestIncome": "32100000", "interestExpense": "321200000", "nonInterestIncome": "None", "otherNonOperatingIncome": "None", "depreciation": "None", "depreciationAndAmortization": "500900000", "incomeBeforeTax": "1305700000", "incomeTaxExpense": "75200000", "interestAndDebtExpense": "None", "netIncomeFromContinuingOperations": "1230500000", "comprehensiveIncomeNetOfTax": "None", "ebit": "1626900000", "ebitda": "2127800000", "netIncome": "1229600000"}, {"fiscalDateEnding": "2024-09-30", "reportedCurrency": "USD", "grossProfit": "1870500000", "totalRevenue": "2522300000", "costOfRevenue": "651800000", "costofGoodsAndServicesSold": "651800000", "operatingIncome": "1139200000", "sellingGeneralAndAdministrative": "227700000", "researchAndDevelopment": "None", "operatingExpenses": "731300000", "investmentIncomeNet": "None", "netInterestIncome": "-319100000", "interestIncome": "37700000", "interestExpense": "356800000", "nonInterestIncome": "None", "otherNonOperatingIncome": "None", "depreciation": "None", "depreciationAndAmortization": "498500000", "incomeBeforeTax": "550500000", "incomeTaxExpense": "122400000", "interestAndDebtExpense": "None", "netIncomeFromContinuingOperations": "428100000", "comprehensiveIncomeNetOfTax": "None", "ebit": "1211600000", "ebitda": "1710100000", "netIncome": "-792300000"}, {"fiscalDateEnding": "2024-06-30", "reportedCurrency": "USD", "grossProfit": "1516700000", "totalRevenue": "2900300000", "costOfRevenue": "1383600000", "costofGoodsAndServicesSold": "1383600000", "operatingIncome": "1335900000", "sellingGeneralAndAdministrative": "234300000", "researchAndDevelopment": "None", "operatingExpenses": "794100000", "investmentIncomeNet": "None", "netInterestIncome": "-321700000", "interestIncome": "43700000", "interestExpense": "365400000", "nonInterestIncome": "None", "otherNonOperatingIncome": "None", "depreciation": "None", "depreciationAndAmortization": "561700000", "incomeBeforeTax": "1028400000", "incomeTaxExpense": "120000000", "interestAndDebtExpense": "None", "netIncomeFromContinuingOperations": "908400000", "comprehensiveIncomeNetOfTax": "None", "ebit": "1293300000", "ebitda": "1855000000", "netIncome": "900300000"}, {"fiscalDateEnding": "2024-03-31", "reportedCurrency": "USD", "grossProfit": "1496400000", "totalRevenue": "2834100000", "costOfRevenue": "1337700000", "costofGoodsAndServicesSold": "1337700000", "operatingIncome": "1221900000", "sellingGeneralAndAdministrative": "257000000", "researchAndDevelopment": "None", "operatingExpenses": "274500000", "investmentIncomeNet": "None", "netInterestIncome": "-318700000", "interestIncome": "48000000", "interestExpense": "366700000", "nonInterestIncome": "None", "otherNonOperatingIncome": "None", "depreciation": "None", "depreciationAndAmortization": "549400000", "incomeBeforeTax": "1030900000", "incomeTaxExpense": "109200000", "interestAndDebtExpense": "None", "netIncomeFromContinuingOperations": "921700000", "comprehensiveIncomeNetOfTax": "None", "ebit": "1236600000", "ebitda": "1786000000", "netIncome": "917400000"}, {"fiscalDateEnding": "2023-12-31", "reportedCurrency": "USD", "grossProfit": "1210400000", "totalRevenue": "2786700000", "costOfRevenue": "1576300000", "costofGoodsAndServicesSold": "1576300000", "operatingIncome": "796900000", "sellingGeneralAndAdministrative": "252300000", "researchAndDevelopment": "None", "operatingExpenses": "413500000", "investmentIncomeNet": "None", "netInterestIncome": "-314400000", "interestIncome": "36300000", "interestExpense": "350700000", "nonInterestIncome": "None", "otherNonOperatingIncome": "None", "depreciation": "None", "depreciationAndAmortization": "764900000", "incomeBeforeTax": "35200000", "incomeTaxExpense": "21900000", "interestAndDebtExpense": "None", "netIncomeFromContinuingOperations": "13300000", "comprehensiveIncomeNetOfTax": "None", "ebit": "796900000", "ebitda": "1561800000", "netIncome": "84900000"}, {"fiscalDateEnding": "2023-09-30", "reportedCurrency": "USD", "grossProfit": "2002800000", "totalRevenue": "2818600000", "costOfRevenue": "815800000", "costofGoodsAndServicesSold": "815800000", "operatingIncome": "658700000", "sellingGeneralAndAdministrative": "231900000", "researchAndDevelopment": "None", "operatingExpenses": "1022100000", "investmentIncomeNet": "None", "netInterestIncome": "-313500000", "interestIncome": "45700000", "interestExpense": "359200000", "nonInterestIncome": "None", "otherNonOperatingIncome": "None", "depreciation": "None", "depreciationAndAmortization": "762900000", "incomeBeforeTax": "643000000", "incomeTaxExpense": "65700000", "interestAndDebtExpense": "None", "netIncomeFromContinuingOperations": "577300000", "comprehensiveIncomeNetOfTax": "None", "ebit": "984800000", "ebitda": "1747700000", "netIncome": "586900000"}, {"fiscalDateEnding": "2023-06-30", "reportedCurrency": "USD", "grossProfit": "1944400000", "totalRevenue": "2771700000", "costOfRevenue": "827300000", "costofGoodsAndServicesSold": "827300000", "operatingIncome": "873700000", "sellingGeneralAndAdministrative": "244400000", "researchAndDevelopment": "None", "operatingExpenses": "1070700000", "investmentIncomeNet": "None", "netInterestIncome": "-317500000", "interestIncome": "30600000", "interestExpense": "348100000", "nonInterestIncome": "None", "otherNonOperatingIncome": "-50900000", "depreciation": "None", "depreciationAndAmortization": "764600000", "incomeBeforeTax": "474700000", "incomeTaxExpense": "13200000", "interestAndDebtExpense": "None", "netIncomeFromContinuingOperations": "461500000", "comprehensiveIncomeNetOfTax": "None", "ebit": "912200000", "ebitda": "1676800000", "netIncome": "475700000"}, {"fiscalDateEnding": "2023-03-31", "reportedCurrency": "USD", "grossProfit": "1961100000", "totalRevenue": "2767200000", "costOfRevenue": "806100000", "costofGoodsAndServicesSold": "806100000", "operatingIncome": "775600000", "sellingGeneralAndAdministrative": "391400000", "researchAndDevelopment": "None", "operatingExpenses": "1185500000", "investmentIncomeNet": "None", "netInterestIncome": "-309400000", "interestIncome": "225300000", "interestExpense": "340200000", "nonInterestIncome": "None", "otherNonOperatingIncome": "-67000000", "depreciation": "None", "depreciationAndAmortization": "794100000", "incomeBeforeTax": "368400000", "incomeTaxExpense": "53400000", "interestAndDebtExpense": "None", "netIncomeFromContinuingOperations": "315000000", "comprehensiveIncomeNetOfTax": "None", "ebit": "784400000", "ebitda": "1578500000", "netIncome": "335800000"}, {"fiscalDateEnding": "2022-12-31", "reportedCurrency": "USD", "grossProfit": "1900000000", "totalRevenue": "2705000000", "costOfRevenue": "805000000", "costofGoodsAndServicesSold": "805000000", "operatingIncome": "-455100000", "sellingGeneralAndAdministrative": "224300000", "researchAndDevelopment": "None", "operatingExpenses": "1708000000", "investmentIncomeNet": "None", "netInterestIncome": "-274900000", "interestIncome": "936800000", "interestExpense": "303500000", "nonInterestIncome": "None", "otherNonOperatingIncome": "-647100000", "depreciation": "None", "depreciationAndAmortization": "814700000", "incomeBeforeTax": "-758600000", "incomeTaxExpense": "-42000000", "interestAndDebtExpense": "None", "netIncomeFromContinuingOperations": "-716600000", "comprehensiveIncomeNetOfTax": "None", "ebit": "901300000", "ebitda": "1716000000", "netIncome": "-716600000"}, {"fiscalDateEnding": "2022-09-30", "reportedCurrency": "USD", "grossProfit": "1835000000", "totalRevenue": "2671500000", "costOfRevenue": "836500000", "costofGoodsAndServicesSold": "836500000", "operatingIncome": "1150200000", "sellingGeneralAndAdministrative": "284000000", "researchAndDevelopment": "None", "operatingExpenses": "1182100000", "investmentIncomeNet": "None", "netInterestIncome": "-275200000", "interestIncome": "199300000", "interestExpense": "294000000", "nonInterestIncome": "None", "otherNonOperatingIncome": "496900000", "depreciation": "None", "depreciationAndAmortization": "898100000", "incomeBeforeTax": "855800000", "incomeTaxExpense": "36100000", "interestAndDebtExpense": "None", "netIncomeFromContinuingOperations": "819700000", "comprehensiveIncomeNetOfTax": "None", "ebit": "1150200000", "ebitda": "2048300000", "netIncome": "839700000"}, {"fiscalDateEnding": "2022-06-30", "reportedCurrency": "USD", "grossProfit": "1851400000", "totalRevenue": "2674300000", "costOfRevenue": "822900000", "costofGoodsAndServicesSold": "822900000", "operatingIncome": "1174900000", "sellingGeneralAndAdministrative": "242600000", "researchAndDevelopment": "None", "operatingExpenses": "1069100000", "investmentIncomeNet": "None", "netInterestIncome": "-262300000", "interestIncome": "14300000", "interestExpense": "276600000", "nonInterestIncome": "None", "otherNonOperatingIncome": "392600000", "depreciation": "None", "depreciationAndAmortization": "826500000", "incomeBeforeTax": "898300000", "incomeTaxExpense": "7400000", "interestAndDebtExpense": "None", "netIncomeFromContinuingOperations": "890900000", "comprehensiveIncomeNetOfTax": "None", "ebit": "804900000", "ebitda": "1631400000", "netIncome": "898200000"}, {"fiscalDateEnding": "2022-03-31", "reportedCurrency": "USD", "grossProfit": "1860900000", "totalRevenue": "2660300000", "costOfRevenue": "799400000", "costofGoodsAndServicesSold": "799400000", "operatingIncome": "987600000", "sellingGeneralAndAdministrative": "320000000", "researchAndDevelopment": "None", "operatingExpenses": "1135800000", "investmentIncomeNet": "None", "netInterestIncome": "-252500000", "interestIncome": "9900000", "interestExpense": "262400000", "nonInterestIncome": "None", "otherNonOperatingIncome": "262500000", "depreciation": "None", "depreciationAndAmortization": "815800000", "incomeBeforeTax": "725200000", "incomeTaxExpense": "22500000", "interestAndDebtExpense": "None", "netIncomeFromContinuingOperations": "702700000", "comprehensiveIncomeNetOfTax": "None", "ebit": "745000000", "ebitda": "1560800000", "netIncome": "711700000"}, {"fiscalDateEnding": "2021-12-31", "reportedCurrency": "USD", "grossProfit": "1709700000", "totalRevenue": "2445200000", "costOfRevenue": "735500000", "costofGoodsAndServicesSold": "735500000", "operatingIncome": "626600000", "sellingGeneralAndAdministrative": "439200000", "researchAndDevelopment": "None", "operatingExpenses": "1083100000", "investmentIncomeNet": "None", "netInterestIncome": "-212100000", "interestIncome": "1192100000", "interestExpense": "224100000", "nonInterestIncome": "None", "otherNonOperatingIncome": "137400000", "depreciation": "None", "depreciationAndAmortization": "643900000", "incomeBeforeTax": "528500000", "incomeTaxExpense": "87300000", "interestAndDebtExpense": "None", "netIncomeFromContinuingOperations": "441200000", "comprehensiveIncomeNetOfTax": "None", "ebit": "705700000", "ebitda": "1349600000", "netIncome": "453400000"}, {"fiscalDateEnding": "2021-09-30", "reportedCurrency": "USD", "grossProfit": "1730000000", "totalRevenue": "2454300000", "costOfRevenue": "724300000", "costofGoodsAndServicesSold": "724300000", "operatingIncome": "827500000", "sellingGeneralAndAdministrative": "205900000", "researchAndDevelopment": "None", "operatingExpenses": "902500000", "investmentIncomeNet": "None", "netInterestIncome": "-216700000", "interestIncome": "36200000", "interestExpense": "226100000", "nonInterestIncome": "None", "otherNonOperatingIncome": "176200000", "depreciation": "None", "depreciationAndAmortization": "611400000", "incomeBeforeTax": "777600000", "incomeTaxExpense": "51400000", "interestAndDebtExpense": "None", "netIncomeFromContinuingOperations": "726200000", "comprehensiveIncomeNetOfTax": "None", "ebit": "849800000", "ebitda": "1461200000", "netIncome": "723000000"}, {"fiscalDateEnding": "2021-06-30", "reportedCurrency": "USD", "grossProfit": "1651000000", "totalRevenue": "2298900000", "costOfRevenue": "647900000", "costofGoodsAndServicesSold": "647900000", "operatingIncome": "849200000", "sellingGeneralAndAdministrative": "207200000", "researchAndDevelopment": "None", "operatingExpenses": "801800000", "investmentIncomeNet": "None", "netInterestIncome": "-206100000", "interestIncome": "59200000", "interestExpense": "213700000", "nonInterestIncome": "None", "otherNonOperatingIncome": "185200000", "depreciation": "None", "depreciationAndAmortization": "554800000", "incomeBeforeTax": "820700000", "incomeTaxExpense": "72800000", "interestAndDebtExpense": "None", "netIncomeFromContinuingOperations": "747900000", "comprehensiveIncomeNetOfTax": "None", "ebit": "916900000", "ebitda": "1471700000", "netIncome": "746300000"}, {"fiscalDateEnding": "2021-03-31", "reportedCurrency": "USD", "grossProfit": "1584200000", "totalRevenue": "2158500000", "costOfRevenue": "574300000", "costofGoodsAndServicesSold": "574300000", "operatingIncome": "828700000", "sellingGeneralAndAdministrative": "233000000", "researchAndDevelopment": "None", "operatingExpenses": "755500000", "investmentIncomeNet": "None", "netInterestIncome": "-195600000", "interestIncome": "11400000", "interestExpense": "207000000", "nonInterestIncome": "None", "otherNonOperatingIncome": "69500000", "depreciation": "None", "depreciationAndAmortization": "522500000", "incomeBeforeTax": "702600000", "incomeTaxExpense": "50300000", "interestAndDebtExpense": "None", "netIncomeFromContinuingOperations": "652300000", "comprehensiveIncomeNetOfTax": "None", "ebit": "880500000", "ebitda": "1403000000", "netIncome": "645000000"}, {"fiscalDateEnding": "2020-12-31", "reportedCurrency": "USD", "grossProfit": "1549900000", "totalRevenue": "2122500000", "costOfRevenue": "572600000", "costofGoodsAndServicesSold": "572600000", "operatingIncome": "674300000", "sellingGeneralAndAdministrative": "217800000", "researchAndDevelopment": "None", "operatingExpenses": "875600000", "investmentIncomeNet": "None", "netInterestIncome": "-184600000", "interestIncome": "11500000", "interestExpense": "196100000", "nonInterestIncome": "None", "otherNonOperatingIncome": "-58500000", "depreciation": "None", "depreciationAndAmortization": "481200000", "incomeBeforeTax": "419700000", "incomeTaxExpense": "58100000", "interestAndDebtExpense": "None", "netIncomeFromContinuingOperations": "361600000", "comprehensiveIncomeNetOfTax": "None", "ebit": "888600000", "ebitda": "1369800000", "netIncome": "365100000"}, {"fiscalDateEnding": "2020-09-30", "reportedCurrency": "USD", "grossProfit": "1450300000", "totalRevenue": "2012900000", "costOfRevenue": "562600000", "costofGoodsAndServicesSold": "562600000", "operatingIncome": "785100000", "sellingGeneralAndAdministrative": "176000000", "researchAndDevelopment": "None", "operatingExpenses": "665200000", "investmentIncomeNet": "None", "netInterestIncome": "-181200000", "interestIncome": "181200000", "interestExpense": "190900000", "nonInterestIncome": "None", "otherNonOperatingIncome": "-92000000", "depreciation": "None", "depreciationAndAmortization": "473200000", "incomeBeforeTax": "502200000", "incomeTaxExpense": "39300000", "interestAndDebtExpense": "None", "netIncomeFromContinuingOperations": "462900000", "comprehensiveIncomeNetOfTax": "None", "ebit": "789300000", "ebitda": "1262500000", "netIncome": "464400000"}, {"fiscalDateEnding": "2020-06-30", "reportedCurrency": "USD", "grossProfit": "1373000000", "totalRevenue": "1913000000", "costOfRevenue": "540000000", "costofGoodsAndServicesSold": "540000000", "operatingIncome": "691300000", "sellingGeneralAndAdministrative": "188600000", "researchAndDevelopment": "None", "operatingExpenses": "681700000", "investmentIncomeNet": "None", "netInterestIncome": "-189300000", "interestIncome": "8400000", "interestExpense": "197700000", "nonInterestIncome": "None", "otherNonOperatingIncome": "-34100000", "depreciation": "None", "depreciationAndAmortization": "454800000", "incomeBeforeTax": "459500000", "incomeTaxExpense": "11100000", "interestAndDebtExpense": "None", "netIncomeFromContinuingOperations": "448400000", "comprehensiveIncomeNetOfTax": "None", "ebit": "728800000", "ebitda": "1183600000", "netIncome": "446100000"}, {"fiscalDateEnding": "2020-03-31", "reportedCurrency": "USD", "grossProfit": "1441100000", "totalRevenue": "1993100000", "costOfRevenue": "552000000", "costofGoodsAndServicesSold": "552000000", "operatingIncome": "736800000", "sellingGeneralAndAdministrative": "217800000", "researchAndDevelopment": "None", "operatingExpenses": "704300000", "investmentIncomeNet": "None", "netInterestIncome": "-198700000", "interestIncome": "10100000", "interestExpense": "208800000", "nonInterestIncome": "None", "otherNonOperatingIncome": "-88300000", "depreciation": "None", "depreciationAndAmortization": "473300000", "incomeBeforeTax": "439700000", "incomeTaxExpense": "21100000", "interestAndDebtExpense": "None", "netIncomeFromContinuingOperations": "418600000", "comprehensiveIncomeNetOfTax": "None", "ebit": "753700000", "ebitda": "1227000000", "netIncome": "415000000"}, {"fiscalDateEnding": "2019-12-31", "reportedCurrency": "USD", "grossProfit": "1373500000", "totalRevenue": "1923700000", "costOfRevenue": "550200000", "costofGoodsAndServicesSold": "550200000", "operatingIncome": "661300000", "sellingGeneralAndAdministrative": "179600000", "researchAndDevelopment": "None", "operatingExpenses": "712200000", "investmentIncomeNet": "None", "netInterestIncome": "-190400000", "interestIncome": "10500000", "interestExpense": "200900000", "nonInterestIncome": "None", "otherNonOperatingIncome": "20900000", "depreciation": "None", "depreciationAndAmortization": "449800000", "incomeBeforeTax": "468900000", "incomeTaxExpense": "-100500000", "interestAndDebtExpense": "None", "netIncomeFromContinuingOperations": "569400000", "comprehensiveIncomeNetOfTax": "None", "ebit": "741700000", "ebitda": "1191500000", "netIncome": "562700000"}, {"fiscalDateEnding": "2019-09-30", "reportedCurrency": "USD", "grossProfit": "1393700000", "totalRevenue": "1953600000", "costOfRevenue": "559900000", "costofGoodsAndServicesSold": "559900000", "operatingIncome": "728300000", "sellingGeneralAndAdministrative": "187900000", "researchAndDevelopment": "None", "operatingExpenses": "665400000", "investmentIncomeNet": "None", "netInterestIncome": "-189100000", "interestIncome": "12200000", "interestExpense": "201300000", "nonInterestIncome": "None", "otherNonOperatingIncome": "15000000", "depreciation": "None", "depreciationAndAmortization": "584100000", "incomeBeforeTax": "542000000", "incomeTaxExpense": "36700000", "interestAndDebtExpense": "None", "netIncomeFromContinuingOperations": "505300000", "comprehensiveIncomeNetOfTax": "None", "ebit": "607400000", "ebitda": "1191500000", "netIncome": "498600000"}, {"fiscalDateEnding": "2019-06-30", "reportedCurrency": "USD", "grossProfit": "1326300000", "totalRevenue": "1889600000", "costOfRevenue": "563300000", "costofGoodsAndServicesSold": "563300000", "operatingIncome": "683900000", "sellingGeneralAndAdministrative": "164800000", "researchAndDevelopment": "None", "operatingExpenses": "642400000", "investmentIncomeNet": "None", "netInterestIncome": "-192800000", "interestIncome": "11700000", "interestExpense": "204500000", "nonInterestIncome": "None", "otherNonOperatingIncome": "-15500000", "depreciation": "None", "depreciationAndAmortization": "595100000", "incomeBeforeTax": "463900000", "incomeTaxExpense": "29600000", "interestAndDebtExpense": "None", "netIncomeFromContinuingOperations": "434300000", "comprehensiveIncomeNetOfTax": "None", "ebit": "556600000", "ebitda": "1151700000", "netIncome": "429100000"}, {"fiscalDateEnding": "2019-03-31", "reportedCurrency": "USD", "grossProfit": "1270000000", "totalRevenue": "1813400000", "costOfRevenue": "543400000", "costofGoodsAndServicesSold": "543400000", "operatingIncome": "614900000", "sellingGeneralAndAdministrative": "198100000", "researchAndDevelopment": "None", "operatingExpenses": "655100000", "investmentIncomeNet": "None", "netInterestIncome": "-195100000", "interestIncome": "175000000", "interestExpense": "207500000", "nonInterestIncome": "None", "otherNonOperatingIncome": "21800000", "depreciation": "None", "depreciationAndAmortization": "589500000", "incomeBeforeTax": "441600000", "incomeTaxExpense": "34000000", "interestAndDebtExpense": "None", "netIncomeFromContinuingOperations": "407600000", "comprehensiveIncomeNetOfTax": "None", "ebit": "486500000", "ebitda": "1076000000", "netIncome": "397400000"}, {"fiscalDateEnding": "2018-12-31", "reportedCurrency": "USD", "grossProfit": "1591000000", "totalRevenue": "2131900000", "costOfRevenue": "540900000", "costofGoodsAndServicesSold": "540900000", "operatingIncome": "388900000", "sellingGeneralAndAdministrative": "192500000", "researchAndDevelopment": "0", "operatingExpenses": "1202100000", "investmentIncomeNet": "None", "netInterestIncome": "None", "interestIncome": "None", "interestExpense": "208800000", "nonInterestIncome": "None", "otherNonOperatingIncome": "6400000", "depreciation": "None", "depreciationAndAmortization": "765900000", "incomeBeforeTax": "197300000", "incomeTaxExpense": "-95400000", "interestAndDebtExpense": "None", "netIncomeFromContinuingOperations": "292700000", "comprehensiveIncomeNetOfTax": "None", "ebit": "612600000", "ebitda": "1378500000", "netIncome": "277600000"}, {"fiscalDateEnding": "2018-09-30", "reportedCurrency": "USD", "grossProfit": "1228800000", "totalRevenue": "1785500000", "costOfRevenue": "556700000", "costofGoodsAndServicesSold": "556700000", "operatingIncome": "567200000", "sellingGeneralAndAdministrative": "177900000", "researchAndDevelopment": "0", "operatingExpenses": "661600000", "investmentIncomeNet": "None", "netInterestIncome": "None", "interestIncome": "None", "interestExpense": "208600000", "nonInterestIncome": "None", "otherNonOperatingIncome": "21100000", "depreciation": "None", "depreciationAndAmortization": "448900000", "incomeBeforeTax": "389800000", "incomeTaxExpense": "12500000", "interestAndDebtExpense": "None", "netIncomeFromContinuingOperations": "377300000", "comprehensiveIncomeNetOfTax": "None", "ebit": "578500000", "ebitda": "1027400000", "netIncome": "366900000"}, {"fiscalDateEnding": "2018-06-30", "reportedCurrency": "USD", "grossProfit": "1220600000", "totalRevenue": "1780900000", "costOfRevenue": "560300000", "costofGoodsAndServicesSold": "560300000", "operatingIncome": "546000000", "sellingGeneralAndAdministrative": "157900000", "researchAndDevelopment": "0", "operatingExpenses": "674600000", "investmentIncomeNet": "None", "netInterestIncome": "None", "interestIncome": "None", "interestExpense": "211300000", "nonInterestIncome": "None", "otherNonOperatingIncome": "-34800000", "depreciation": "None", "depreciationAndAmortization": "449700000", "incomeBeforeTax": "318300000", "incomeTaxExpense": "3900000", "interestAndDebtExpense": "None", "netIncomeFromContinuingOperations": "314400000", "comprehensiveIncomeNetOfTax": "None", "ebit": "584100000", "ebitda": "1033800000", "netIncome": "306700000"}, {"fiscalDateEnding": "2018-03-31", "reportedCurrency": "USD", "grossProfit": "1221900000", "totalRevenue": "1741800000", "costOfRevenue": "519900000", "costofGoodsAndServicesSold": "519900000", "operatingIncome": "402900000", "sellingGeneralAndAdministrative": "204900000", "researchAndDevelopment": "0", "operatingExpenses": "819000000", "investmentIncomeNet": "None", "netInterestIncome": "None", "interestIncome": "None", "interestExpense": "196900000", "nonInterestIncome": "None", "otherNonOperatingIncome": "27800000", "depreciation": "None", "depreciationAndAmortization": "446300000", "incomeBeforeTax": "249200000", "incomeTaxExpense": "-31100000", "interestAndDebtExpense": "None", "netIncomeFromContinuingOperations": "280300000", "comprehensiveIncomeNetOfTax": "None", "ebit": "552200000", "ebitda": "998500000", "netIncome": "285200000"}, {"fiscalDateEnding": "2017-12-31", "reportedCurrency": "USD", "grossProfit": "1178100000", "totalRevenue": "1704500000", "costOfRevenue": "526400000", "costofGoodsAndServicesSold": "526400000", "operatingIncome": "329000000", "sellingGeneralAndAdministrative": "171600000", "researchAndDevelopment": "0", "operatingExpenses": "849100000", "investmentIncomeNet": "None", "netInterestIncome": "None", "interestIncome": "None", "interestExpense": "190400000", "nonInterestIncome": "None", "otherNonOperatingIncome": "-35524000", "depreciation": "None", "depreciationAndAmortization": "466100000", "incomeBeforeTax": "141400000", "incomeTaxExpense": "-53400000", "interestAndDebtExpense": "None", "netIncomeFromContinuingOperations": "194816000", "comprehensiveIncomeNetOfTax": "None", "ebit": "333218000", "ebitda": "799318000", "netIncome": "238500000"}, {"fiscalDateEnding": "2017-09-30", "reportedCurrency": "USD", "grossProfit": "1161672000", "totalRevenue": "1680766000", "costOfRevenue": "519094000", "costofGoodsAndServicesSold": "519094000", "operatingIncome": "561151000", "sellingGeneralAndAdministrative": "148626000", "researchAndDevelopment": "0", "operatingExpenses": "600521000", "investmentIncomeNet": "None", "netInterestIncome": "None", "interestIncome": "None", "interestExpense": "189076000", "nonInterestIncome": "None", "otherNonOperatingIncome": "-6984000", "depreciation": "None", "depreciationAndAmortization": "432354000", "incomeBeforeTax": "368096000", "incomeTaxExpense": "33412000", "interestAndDebtExpense": "None", "netIncomeFromContinuingOperations": "334684000", "comprehensiveIncomeNetOfTax": "None", "ebit": "554146000", "ebitda": "986500000", "netIncome": "317268000"}, {"fiscalDateEnding": "2017-06-30", "reportedCurrency": "USD", "grossProfit": "1146097000", "totalRevenue": "1662434000", "costOfRevenue": "516337000", "costofGoodsAndServicesSold": "516337000", "operatingIncome": "576909000", "sellingGeneralAndAdministrative": "153994000", "researchAndDevelopment": "0", "operatingExpenses": "569188000", "investmentIncomeNet": "None", "netInterestIncome": "None", "interestIncome": "None", "interestExpense": "187319000", "nonInterestIncome": "None", "otherNonOperatingIncome": "19819000", "depreciation": "None", "depreciationAndAmortization": "396355000", "incomeBeforeTax": "412470000", "incomeTaxExpense": "23980000", "interestAndDebtExpense": "None", "netIncomeFromContinuingOperations": "388490000", "comprehensiveIncomeNetOfTax": "None", "ebit": "596645000", "ebitda": "993000000", "netIncome": "367051000"}, {"fiscalDateEnding": "2017-03-31", "reportedCurrency": "USD", "grossProfit": "1124408000", "totalRevenue": "1616238000", "costOfRevenue": "491830000", "costofGoodsAndServicesSold": "491830000", "operatingIncome": "531379000", "sellingGeneralAndAdministrative": "165674000", "researchAndDevelopment": "0", "operatingExpenses": "593029000", "investmentIncomeNet": "None", "netInterestIncome": "None", "interestIncome": "None", "interestExpense": "183986000", "nonInterestIncome": "None", "otherNonOperatingIncome": "-16211000", "depreciation": "None", "depreciationAndAmortization": "421140000", "incomeBeforeTax": "334173000", "incomeTaxExpense": "26763000", "interestAndDebtExpense": "None", "netIncomeFromContinuingOperations": "307410000", "comprehensiveIncomeNetOfTax": "None", "ebit": "520160000", "ebitda": "941300000", "netIncome": "316080000"}, {"fiscalDateEnding": "2016-12-31", "reportedCurrency": "USD", "grossProfit": "1052088000", "totalRevenue": "1539549000", "costOfRevenue": "487461000", "costofGoodsAndServicesSold": "487461000", "operatingIncome": "489296000", "sellingGeneralAndAdministrative": "138844000", "researchAndDevelopment": "0", "operatingExpenses": "562792000", "investmentIncomeNet": "None", "netInterestIncome": "None", "interestIncome": "None", "interestExpense": "186366000", "nonInterestIncome": "None", "otherNonOperatingIncome": "None", "depreciation": "None", "depreciationAndAmortization": "388237000", "incomeBeforeTax": "293683000", "incomeTaxExpense": "60830000", "interestAndDebtExpense": "None", "netIncomeFromContinuingOperations": "1643641000", "comprehensiveIncomeNetOfTax": "None", "ebit": "447325000", "ebitda": "835562000", "netIncome": "229207000"}, {"fiscalDateEnding": "2016-09-30", "reportedCurrency": "USD", "grossProfit": "1024206000", "totalRevenue": "1514845000", "costOfRevenue": "490639000", "costofGoodsAndServicesSold": "490639000", "operatingIncome": "479074000", "sellingGeneralAndAdministrative": "132135000", "researchAndDevelopment": "0", "operatingExpenses": "545132000", "investmentIncomeNet": "None", "netInterestIncome": "None", "interestIncome": "None", "interestExpense": "190439000", "nonInterestIncome": "None", "otherNonOperatingIncome": "-12260000", "depreciation": "None", "depreciationAndAmortization": "397999000", "incomeBeforeTax": "285772000", "incomeTaxExpense": "22037000", "interestAndDebtExpense": "None", "netIncomeFromContinuingOperations": "263735000", "comprehensiveIncomeNetOfTax": "None", "ebit": "482044000", "ebitda": "880043000", "netIncome": "264509000"}, {"fiscalDateEnding": "2016-06-30", "reportedCurrency": "USD", "grossProfit": "982516000", "totalRevenue": "1442227000", "costOfRevenue": "459711000", "costofGoodsAndServicesSold": "459711000", "operatingIncome": "432806000", "sellingGeneralAndAdministrative": "138881000", "researchAndDevelopment": "0", "operatingExpenses": "549710000", "investmentIncomeNet": "None", "netInterestIncome": "None", "interestIncome": "None", "interestExpense": "178288000", "nonInterestIncome": "None", "otherNonOperatingIncome": "-196832000", "depreciation": "None", "depreciationAndAmortization": "397765000", "incomeBeforeTax": "235974000", "incomeTaxExpense": "43510000", "interestAndDebtExpense": "None", "netIncomeFromContinuingOperations": "192464000", "comprehensiveIncomeNetOfTax": "None", "ebit": "417294000", "ebitda": "815059000", "netIncome": "187550000"}, {"fiscalDateEnding": "2016-03-31", "reportedCurrency": "USD", "grossProfit": "938260000", "totalRevenue": "1289047000", "costOfRevenue": "350787000", "costofGoodsAndServicesSold": "350787000", "operatingIncome": "451853000", "sellingGeneralAndAdministrative": "135973000", "researchAndDevelopment": "0", "operatingExpenses": "486407000", "investmentIncomeNet": "None", "netInterestIncome": "None", "interestIncome": "None", "interestExpense": "160163000", "nonInterestIncome": "None", "otherNonOperatingIncome": "12208000", "depreciation": "None", "depreciationAndAmortization": "341634000", "incomeBeforeTax": "310431000", "incomeTaxExpense": "29124000", "interestAndDebtExpense": "None", "netIncomeFromContinuingOperations": "281307000", "comprehensiveIncomeNetOfTax": "None", "ebit": "470594000", "ebitda": "812228000", "netIncome": "275159000"}, {"fiscalDateEnding": "2015-12-31", "reportedCurrency": "USD", "grossProfit": "924159000", "totalRevenue": "1280041000", "costOfRevenue": "355882000", "costofGoodsAndServicesSold": "355882000", "operatingIncome": "402124000", "sellingGeneralAndAdministrative": "143874000", "researchAndDevelopment": "0", "operatingExpenses": "522035000", "investmentIncomeNet": "None", "netInterestIncome": "None", "interestIncome": "None", "interestExpense": "146763000", "nonInterestIncome": "None", "otherNonOperatingIncome": "-12482000", "depreciation": "None", "depreciationAndAmortization": "352356000", "incomeBeforeTax": "247487000", "incomeTaxExpense": "25892000", "interestAndDebtExpense": "None", "netIncomeFromContinuingOperations": "221595000", "comprehensiveIncomeNetOfTax": "None", "ebit": "397248000", "ebitda": "749604000", "netIncome": "232702000"}, {"fiscalDateEnding": "2015-09-30", "reportedCurrency": "USD", "grossProfit": "873016000", "totalRevenue": "1237910000", "costOfRevenue": "364894000", "costofGoodsAndServicesSold": "364894000", "operatingIncome": "400925000", "sellingGeneralAndAdministrative": "115327000", "researchAndDevelopment": "0", "operatingExpenses": "472091000", "investmentIncomeNet": "None", "netInterestIncome": "None", "interestIncome": "None", "interestExpense": "149827000", "nonInterestIncome": "None", "otherNonOperatingIncome": "-66659000", "depreciation": "None", "depreciationAndAmortization": "341096000", "incomeBeforeTax": "191975000", "incomeTaxExpense": "94235000", "interestAndDebtExpense": "None", "netIncomeFromContinuingOperations": "97740000", "comprehensiveIncomeNetOfTax": "None", "ebit": "341802000", "ebitda": "682898000", "netIncome": "102999000"}, {"fiscalDateEnding": "2015-06-30", "reportedCurrency": "USD", "grossProfit": "852405000", "totalRevenue": "1174375000", "costOfRevenue": "321970000", "costofGoodsAndServicesSold": "321970000", "operatingIncome": "389774000", "sellingGeneralAndAdministrative": "116826000", "researchAndDevelopment": "0", "operatingExpenses": "462631000", "investmentIncomeNet": "None", "netInterestIncome": "None", "interestIncome": "None", "interestExpense": "148877000", "nonInterestIncome": "None", "otherNonOperatingIncome": "-77197000", "depreciation": "None", "depreciationAndAmortization": "328356000", "incomeBeforeTax": "171136000", "incomeTaxExpense": "13956000", "interestAndDebtExpense": "None", "netIncomeFromContinuingOperations": "157180000", "comprehensiveIncomeNetOfTax": "None", "ebit": "320013000", "ebitda": "648369000", "netIncome": "156056000"}, {"fiscalDateEnding": "2015-03-31", "reportedCurrency": "USD", "grossProfit": "815121000", "totalRevenue": "1079190000", "costOfRevenue": "264069000", "costofGoodsAndServicesSold": "264069000", "operatingIncome": "419966000", "sellingGeneralAndAdministrative": "123861000", "researchAndDevelopment": "0", "operatingExpenses": "395155000", "investmentIncomeNet": "None", "netInterestIncome": "None", "interestIncome": "None", "interestExpense": "148304000", "nonInterestIncome": "None", "otherNonOperatingIncome": "-58228000", "depreciation": "None", "depreciationAndAmortization": "263520000", "incomeBeforeTax": "219364000", "incomeTaxExpense": "23872000", "interestAndDebtExpense": "None", "netIncomeFromContinuingOperations": "195492000", "comprehensiveIncomeNetOfTax": "None", "ebit": "367668000", "ebitda": "631188000", "netIncome": "193317000"}, {"fiscalDateEnding": "2014-12-31", "reportedCurrency": "USD", "grossProfit": "769730000", "totalRevenue": "1046314000", "costOfRevenue": "276584000", "costofGoodsAndServicesSold": "276584000", "operatingIncome": "345979000", "sellingGeneralAndAdministrative": "129540000", "researchAndDevelopment": "0", "operatingExpenses": "423751000", "investmentIncomeNet": "None", "netInterestIncome": "None", "interestIncome": "None", "interestExpense": "144852000", "nonInterestIncome": "None", "otherNonOperatingIncome": "-12159000", "depreciation": "None", "depreciationAndAmortization": "263546000", "incomeBeforeTax": "194225000", "incomeTaxExpense": "12628000", "interestAndDebtExpense": "None", "netIncomeFromContinuingOperations": "181597000", "comprehensiveIncomeNetOfTax": "None", "ebit": "342076000", "ebitda": "605622000", "netIncome": "180387000"}, {"fiscalDateEnding": "2014-09-30", "reportedCurrency": "USD", "grossProfit": "754431000", "totalRevenue": "1038188000", "costOfRevenue": "283757000", "costofGoodsAndServicesSold": "283757000", "operatingIncome": "384807000", "sellingGeneralAndAdministrative": "109354000", "researchAndDevelopment": "0", "operatingExpenses": "369624000", "investmentIncomeNet": "None", "netInterestIncome": "None", "interestIncome": "None", "interestExpense": "143583000", "nonInterestIncome": "None", "otherNonOperatingIncome": "-27200000", "depreciation": "None", "depreciationAndAmortization": "249066000", "incomeBeforeTax": "217056000", "incomeTaxExpense": "10426000", "interestAndDebtExpense": "None", "netIncomeFromContinuingOperations": "206630000", "comprehensiveIncomeNetOfTax": "None", "ebit": "360639000", "ebitda": "609705000", "netIncome": "207593000"}, {"fiscalDateEnding": "2014-06-30", "reportedCurrency": "USD", "grossProfit": "759635000", "totalRevenue": "1031457000", "costOfRevenue": "271822000", "costofGoodsAndServicesSold": "271822000", "operatingIncome": "402499000", "sellingGeneralAndAdministrative": "98952000", "researchAndDevelopment": "0", "operatingExpenses": "357136000", "investmentIncomeNet": "None", "netInterestIncome": "None", "interestIncome": "None", "interestExpense": "146604000", "nonInterestIncome": "None", "otherNonOperatingIncome": "-12804000", "depreciation": "None", "depreciationAndAmortization": "245427000", "incomeBeforeTax": "243461000", "incomeTaxExpense": "21802000", "interestAndDebtExpense": "None", "netIncomeFromContinuingOperations": "221659000", "comprehensiveIncomeNetOfTax": "None", "ebit": "390065000", "ebitda": "635492000", "netIncome": "234431000"}, {"fiscalDateEnding": "2014-03-31", "reportedCurrency": "USD", "grossProfit": "723824000", "totalRevenue": "984089000", "costOfRevenue": "260265000", "costofGoodsAndServicesSold": "260265000", "operatingIncome": "353637000", "sellingGeneralAndAdministrative": "110533000", "researchAndDevelopment": "0", "operatingExpenses": "370187000", "investmentIncomeNet": "None", "netInterestIncome": "None", "interestIncome": "None", "interestExpense": "140712000", "nonInterestIncome": "None", "otherNonOperatingIncome": "632000", "depreciation": "None", "depreciationAndAmortization": "245763000", "incomeBeforeTax": "210962000", "incomeTaxExpense": "17649000", "interestAndDebtExpense": "None", "netIncomeFromContinuingOperations": "193313000", "comprehensiveIncomeNetOfTax": "None", "ebit": "351912000", "ebitda": "597675000", "netIncome": "202499000"}, {"fiscalDateEnding": "2013-12-31", "reportedCurrency": "USD", "grossProfit": "690753000", "totalRevenue": "941969000", "costOfRevenue": "251216000", "costofGoodsAndServicesSold": "251216000", "operatingIncome": "292928000", "sellingGeneralAndAdministrative": "117161000", "researchAndDevelopment": "0", "operatingExpenses": "397825000", "investmentIncomeNet": "None", "netInterestIncome": "None", "interestIncome": "None", "interestExpense": "127818000", "nonInterestIncome": "None", "otherNonOperatingIncome": "-43443000", "depreciation": "None", "depreciationAndAmortization": "244811000", "incomeBeforeTax": "110105000", "incomeTaxExpense": "36180000", "interestAndDebtExpense": "None", "netIncomeFromContinuingOperations": "73925000", "comprehensiveIncomeNetOfTax": "None", "ebit": "261641000", "ebitda": "506452000", "netIncome": "99982000"}, {"fiscalDateEnding": "2013-09-30", "reportedCurrency": "USD", "grossProfit": "607398000", "totalRevenue": "807880000", "costOfRevenue": "200482000", "costofGoodsAndServicesSold": "200482000", "operatingIncome": "308879000", "sellingGeneralAndAdministrative": "98128000", "researchAndDevelopment": "0", "operatingExpenses": "298519000", "investmentIncomeNet": "None", "netInterestIncome": "None", "interestIncome": "None", "interestExpense": "102791000", "nonInterestIncome": "None", "otherNonOperatingIncome": "-23736000", "depreciation": "None", "depreciationAndAmortization": "184922000", "incomeBeforeTax": "178808000", "incomeTaxExpense": "15586000", "interestAndDebtExpense": "None", "netIncomeFromContinuingOperations": "163222000", "comprehensiveIncomeNetOfTax": "None", "ebit": "285514000", "ebitda": "470436000", "netIncome": "180123000"}, {"fiscalDateEnding": "2013-06-30", "reportedCurrency": "USD", "grossProfit": "603527000", "totalRevenue": "808830000", "costOfRevenue": "205303000", "costofGoodsAndServicesSold": "205303000", "operatingIncome": "312812000", "sellingGeneralAndAdministrative": "100209000", "researchAndDevelopment": "0", "operatingExpenses": "290715000", "investmentIncomeNet": "None", "netInterestIncome": "None", "interestIncome": "None", "interestExpense": "97229000", "nonInterestIncome": "None", "otherNonOperatingIncome": "-139331000", "depreciation": "None", "depreciationAndAmortization": "184608000", "incomeBeforeTax": "72666000", "incomeTaxExpense": "-11447000", "interestAndDebtExpense": "None", "netIncomeFromContinuingOperations": "84113000", "comprehensiveIncomeNetOfTax": "None", "ebit": "173852000", "ebitda": "358460000", "netIncome": "99821000"}, {"fiscalDateEnding": "2013-03-31", "reportedCurrency": "USD", "grossProfit": "601400000", "totalRevenue": "802728000", "costOfRevenue": "201328000", "costofGoodsAndServicesSold": "201328000", "operatingIncome": "299686000", "sellingGeneralAndAdministrative": "101591000", "researchAndDevelopment": "0", "operatingExpenses": "301714000", "investmentIncomeNet": "None", "netInterestIncome": "None", "interestIncome": "None", "interestExpense": "108223000", "nonInterestIncome": "None", "otherNonOperatingIncome": "-7750000", "depreciation": "None", "depreciationAndAmortization": "185804000", "incomeBeforeTax": "180170000", "incomeTaxExpense": "19222000", "interestAndDebtExpense": "None", "netIncomeFromContinuingOperations": "160948000", "comprehensiveIncomeNetOfTax": "None", "ebit": "288393000", "ebitda": "474197000", "netIncome": "171407000"}, {"fiscalDateEnding": "2012-12-31", "reportedCurrency": "USD", "grossProfit": "574586000", "totalRevenue": "768374000", "costOfRevenue": "193788000", "costofGoodsAndServicesSold": "193788000", "operatingIncome": "279235000", "sellingGeneralAndAdministrative": "89828000", "researchAndDevelopment": "0", "operatingExpenses": "295351000", "investmentIncomeNet": "None", "netInterestIncome": "None", "interestIncome": "None", "interestExpense": "100500000", "nonInterestIncome": "None", "otherNonOperatingIncome": "None", "depreciation": "None", "depreciationAndAmortization": "178488000", "incomeBeforeTax": "161330000", "incomeTaxExpense": "43187000", "interestAndDebtExpense": "None", "netIncomeFromContinuingOperations": "0", "comprehensiveIncomeNetOfTax": "None", "ebit": "266486000", "ebitda": "444974000", "netIncome": "135679000"}, {"fiscalDateEnding": "2012-09-30", "reportedCurrency": "USD", "grossProfit": "528431000", "totalRevenue": "713335000", "costOfRevenue": "184904000", "costofGoodsAndServicesSold": "184904000", "operatingIncome": "295552000", "sellingGeneralAndAdministrative": "81459000", "researchAndDevelopment": "0", "operatingExpenses": "232879000", "investmentIncomeNet": "None", "netInterestIncome": "None", "interestIncome": "None", "interestExpense": "103386000", "nonInterestIncome": "None", "otherNonOperatingIncome": "None", "depreciation": "None", "depreciationAndAmortization": "144061000", "incomeBeforeTax": "244877000", "incomeTaxExpense": "13054000", "interestAndDebtExpense": "None", "netIncomeFromContinuingOperations": "0", "comprehensiveIncomeNetOfTax": "None", "ebit": "343563000", "ebitda": "487624000", "netIncome": "232089000"}, {"fiscalDateEnding": "2012-06-30", "reportedCurrency": "USD", "grossProfit": "525350000", "totalRevenue": "697734000", "costOfRevenue": "172384000", "costofGoodsAndServicesSold": "172384000", "operatingIncome": "270486000", "sellingGeneralAndAdministrative": "76848000", "researchAndDevelopment": "0", "operatingExpenses": "254864000", "investmentIncomeNet": "None", "netInterestIncome": "None", "interestIncome": "None", "interestExpense": "100233000", "nonInterestIncome": "None", "otherNonOperatingIncome": "None", "depreciation": "None", "depreciationAndAmortization": "172072000", "incomeBeforeTax": "57499000", "incomeTaxExpense": "23815000", "interestAndDebtExpense": "None", "netIncomeFromContinuingOperations": "0", "comprehensiveIncomeNetOfTax": "None", "ebit": "154146000", "ebitda": "326218000", "netIncome": "48209000"}, {"fiscalDateEnding": "2012-03-31", "reportedCurrency": "USD", "grossProfit": "525532000", "totalRevenue": "696517000", "costOfRevenue": "170985000", "costofGoodsAndServicesSold": "170985000", "operatingIncome": "274446000", "sellingGeneralAndAdministrative": "79584000", "researchAndDevelopment": "0", "operatingExpenses": "251086000", "investmentIncomeNet": "None", "netInterestIncome": "None", "interestIncome": "None", "interestExpense": "95117000", "nonInterestIncome": "None", "otherNonOperatingIncome": "None", "depreciation": "None", "depreciationAndAmortization": "149655000", "incomeBeforeTax": "237588000", "incomeTaxExpense": "27248000", "interestAndDebtExpense": "None", "netIncomeFromContinuingOperations": "0", "comprehensiveIncomeNetOfTax": "None", "ebit": "329162000", "ebitda": "478817000", "netIncome": "221306000"}, {"fiscalDateEnding": "2011-12-31", "reportedCurrency": "USD", "grossProfit": "464697000", "totalRevenue": "653199000", "costOfRevenue": "188502000", "costofGoodsAndServicesSold": "188502000", "operatingIncome": "247738000", "sellingGeneralAndAdministrative": "73895000", "researchAndDevelopment": "8668000", "operatingExpenses": "216959000", "investmentIncomeNet": "None", "netInterestIncome": "None", "interestIncome": "None", "interestExpense": "84661000", "nonInterestIncome": "None", "otherNonOperatingIncome": "None", "depreciation": "None", "depreciationAndAmortization": "143615000", "incomeBeforeTax": "159522000", "incomeTaxExpense": "-36901000", "interestAndDebtExpense": "None", "netIncomeFromContinuingOperations": "0", "comprehensiveIncomeNetOfTax": "None", "ebit": "244183000", "ebitda": "387798000", "netIncome": "205110000"}, {"fiscalDateEnding": "2011-09-30", "reportedCurrency": "USD", "grossProfit": "470138000", "totalRevenue": "630403000", "costOfRevenue": "160265000", "costofGoodsAndServicesSold": "160265000", "operatingIncome": "228305000", "sellingGeneralAndAdministrative": "76476000", "researchAndDevelopment": "8668000", "operatingExpenses": "241833000", "investmentIncomeNet": "None", "netInterestIncome": "None", "interestIncome": "None", "interestExpense": "77796000", "nonInterestIncome": "None", "otherNonOperatingIncome": "-145554000", "depreciation": "None", "depreciationAndAmortization": "142113000", "incomeBeforeTax": "4953000", "incomeTaxExpense": "24681000", "interestAndDebtExpense": "None", "netIncomeFromContinuingOperations": "-19726000", "comprehensiveIncomeNetOfTax": "None", "ebit": "83935000", "ebitda": "226048000", "netIncome": "-15701000"}, {"fiscalDateEnding": "2011-06-30", "reportedCurrency": "USD", "grossProfit": "446158000", "totalRevenue": "597235000", "costOfRevenue": "151077000", "costofGoodsAndServicesSold": "151077000", "operatingIncome": "225789000", "sellingGeneralAndAdministrative": "72321000", "researchAndDevelopment": "0", "operatingExpenses": "220369000", "investmentIncomeNet": "None", "netInterestIncome": "None", "interestIncome": "None", "interestExpense": "74512000", "nonInterestIncome": "None", "otherNonOperatingIncome": "27771000", "depreciation": "None", "depreciationAndAmortization": "138558000", "incomeBeforeTax": "179037000", "incomeTaxExpense": "65877000", "interestAndDebtExpense": "None", "netIncomeFromContinuingOperations": "113171000", "comprehensiveIncomeNetOfTax": "None", "ebit": "253549000", "ebitda": "392107000", "netIncome": "115211000"}, {"fiscalDateEnding": "2011-03-31", "reportedCurrency": "USD", "grossProfit": "427367000", "totalRevenue": "562695000", "costOfRevenue": "135328000", "costofGoodsAndServicesSold": "135328000", "operatingIncome": "218300000", "sellingGeneralAndAdministrative": "66132000", "researchAndDevelopment": "0", "operatingExpenses": "209067000", "investmentIncomeNet": "None", "netInterestIncome": "None", "interestIncome": "None", "interestExpense": "74427000", "nonInterestIncome": "None", "otherNonOperatingIncome": "19511000", "depreciation": "None", "depreciationAndAmortization": "131231000", "incomeBeforeTax": "163383000", "incomeTaxExpense": "71423000", "interestAndDebtExpense": "None", "netIncomeFromContinuingOperations": "91961000", "comprehensiveIncomeNetOfTax": "None", "ebit": "237810000", "ebitda": "369041000", "netIncome": "91842000"}, {"fiscalDateEnding": "2010-12-31", "reportedCurrency": "USD", "grossProfit": "414697000", "totalRevenue": "547642000", "costOfRevenue": "132945000", "costofGoodsAndServicesSold": "132945000", "operatingIncome": "203441000", "sellingGeneralAndAdministrative": "65365000", "researchAndDevelopment": "0", "operatingExpenses": "211256000", "investmentIncomeNet": "None", "netInterestIncome": "None", "interestIncome": "None", "interestExpense": "68623000", "nonInterestIncome": "None", "otherNonOperatingIncome": "None", "depreciation": "None", "depreciationAndAmortization": "124105000", "incomeBeforeTax": "136786000", "incomeTaxExpense": "53099000", "interestAndDebtExpense": "None", "netIncomeFromContinuingOperations": "0", "comprehensiveIncomeNetOfTax": "None", "ebit": "205409000", "ebitda": "329514000", "netIncome": "83514000"}, {"fiscalDateEnding": "2010-09-30", "reportedCurrency": "USD", "grossProfit": "390349000", "totalRevenue": "513322000", "costOfRevenue": "122973000", "costofGoodsAndServicesSold": "122973000", "operatingIncome": "213372000", "sellingGeneralAndAdministrative": "57295000", "researchAndDevelopment": "0", "operatingExpenses": "176977000", "investmentIncomeNet": "None", "netInterestIncome": "None", "interestIncome": "None", "interestExpense": "62904000", "nonInterestIncome": "None", "otherNonOperatingIncome": "None", "depreciation": "None", "depreciationAndAmortization": "115383000", "incomeBeforeTax": "164243000", "incomeTaxExpense": "70649000", "interestAndDebtExpense": "None", "netIncomeFromContinuingOperations": "0", "comprehensiveIncomeNetOfTax": "None", "ebit": "228262000", "ebitda": "343645000", "netIncome": "93439000"}, {"fiscalDateEnding": "2010-06-30", "reportedCurrency": "USD", "grossProfit": "357738000", "totalRevenue": "469937000", "costOfRevenue": "112199000", "costofGoodsAndServicesSold": "112199000", "operatingIncome": "188716000", "sellingGeneralAndAdministrative": "53582000", "researchAndDevelopment": "0", "operatingExpenses": "169022000", "investmentIncomeNet": "None", "netInterestIncome": "None", "interestIncome": "None", "interestExpense": "56074000", "nonInterestIncome": "None", "otherNonOperatingIncome": "None", "depreciation": "None", "depreciationAndAmortization": "110403000", "incomeBeforeTax": "130167000", "incomeTaxExpense": "30352000", "interestAndDebtExpense": "None", "netIncomeFromContinuingOperations": "0", "comprehensiveIncomeNetOfTax": "None", "ebit": "192995000", "ebitda": "303398000", "netIncome": "99665000"}, {"fiscalDateEnding": "2010-03-31", "reportedCurrency": "USD", "grossProfit": "347965000", "totalRevenue": "454434000", "costOfRevenue": "106469000", "costofGoodsAndServicesSold": "106469000", "operatingIncome": "178849000", "sellingGeneralAndAdministrative": "53527000", "researchAndDevelopment": "0", "operatingExpenses": "169116000", "investmentIncomeNet": "None", "netInterestIncome": "None", "interestIncome": "None", "interestExpense": "58417000", "nonInterestIncome": "None", "otherNonOperatingIncome": "None", "depreciation": "None", "depreciationAndAmortization": "110835000", "incomeBeforeTax": "124829000", "incomeTaxExpense": "28389000", "interestAndDebtExpense": "None", "netIncomeFromContinuingOperations": "0", "comprehensiveIncomeNetOfTax": "None", "ebit": "183246000", "ebitda": "294081000", "netIncome": "96318000"}, {"fiscalDateEnding": "2009-12-31", "reportedCurrency": "USD", "grossProfit": "340471000", "totalRevenue": "447973000", "costOfRevenue": "107502000", "costofGoodsAndServicesSold": "107502000", "operatingIncome": "176449000", "sellingGeneralAndAdministrative": "46337000", "researchAndDevelopment": "0", "operatingExpenses": "164022000", "investmentIncomeNet": "None", "netInterestIncome": "None", "interestIncome": "None", "interestExpense": "61458000", "nonInterestIncome": "None", "otherNonOperatingIncome": "None", "depreciation": "None", "depreciationAndAmortization": "106745000", "incomeBeforeTax": "106926000", "incomeTaxExpense": "42682000", "interestAndDebtExpense": "None", "netIncomeFromContinuingOperations": "0", "comprehensiveIncomeNetOfTax": "None", "ebit": "168384000", "ebitda": "275129000", "netIncome": "64350000"}, {"fiscalDateEnding": "2009-09-30", "reportedCurrency": "USD", "grossProfit": "335511000", "totalRevenue": "444105000", "costOfRevenue": "108594000", "costofGoodsAndServicesSold": "108594000", "operatingIncome": "179077000", "sellingGeneralAndAdministrative": "47865000", "researchAndDevelopment": "0", "operatingExpenses": "156434000", "investmentIncomeNet": "None", "netInterestIncome": "None", "interestIncome": "None", "interestExpense": "64122000", "nonInterestIncome": "None", "otherNonOperatingIncome": "None", "depreciation": "None", "depreciationAndAmortization": "105543000", "incomeBeforeTax": "118927000", "incomeTaxExpense": "51348000", "interestAndDebtExpense": "None", "netIncomeFromContinuingOperations": "0", "comprehensiveIncomeNetOfTax": "None", "ebit": "183049000", "ebitda": "288592000", "netIncome": "67355000"}, {"fiscalDateEnding": "2009-06-30", "reportedCurrency": "USD", "grossProfit": "320785000", "totalRevenue": "423358000", "costOfRevenue": "102573000", "costofGoodsAndServicesSold": "102573000", "operatingIncome": "166447000", "sellingGeneralAndAdministrative": "49861000", "researchAndDevelopment": "0", "operatingExpenses": "154338000", "investmentIncomeNet": "None", "netInterestIncome": "None", "interestIncome": "None", "interestExpense": "62654000", "nonInterestIncome": "None", "otherNonOperatingIncome": "None", "depreciation": "None", "depreciationAndAmortization": "102463000", "incomeBeforeTax": "102849000", "incomeTaxExpense": "51428000", "interestAndDebtExpense": "None", "netIncomeFromContinuingOperations": "0", "comprehensiveIncomeNetOfTax": "None", "ebit": "165503000", "ebitda": "267966000", "netIncome": "56488000"}, {"fiscalDateEnding": "2009-03-31", "reportedCurrency": "USD", "grossProfit": "310973000", "totalRevenue": "408678000", "costOfRevenue": "97705000", "costofGoodsAndServicesSold": "97705000", "operatingIncome": "150285000", "sellingGeneralAndAdministrative": "57631000", "researchAndDevelopment": "0", "operatingExpenses": "160688000", "investmentIncomeNet": "None", "netInterestIncome": "None", "interestIncome": "None", "interestExpense": "61568000", "nonInterestIncome": "None", "otherNonOperatingIncome": "None", "depreciation": "None", "depreciationAndAmortization": "99868000", "incomeBeforeTax": "92786000", "incomeTaxExpense": "37107000", "interestAndDebtExpense": "None", "netIncomeFromContinuingOperations": "0", "comprehensiveIncomeNetOfTax": "None", "ebit": "154354000", "ebitda": "254222000", "netIncome": "58601000"}, {"fiscalDateEnding": "2008-12-31", "reportedCurrency": "USD", "grossProfit": "309758000", "totalRevenue": "408324000", "costOfRevenue": "98566000", "costofGoodsAndServicesSold": "98566000", "operatingIncome": "163930000", "sellingGeneralAndAdministrative": "44962000", "researchAndDevelopment": "0", "operatingExpenses": "145828000", "investmentIncomeNet": "None", "netInterestIncome": "None", "interestIncome": "None", "interestExpense": "14253000", "nonInterestIncome": "None", "otherNonOperatingIncome": "None", "depreciation": "None", "depreciationAndAmortization": "104174000", "incomeBeforeTax": "98045000", "incomeTaxExpense": "15255000", "interestAndDebtExpense": "None", "netIncomeFromContinuingOperations": "0", "comprehensiveIncomeNetOfTax": "None", "ebit": "172980000", "ebitda": "277154000", "netIncome": "85839000"}, {"fiscalDateEnding": "2008-09-30", "reportedCurrency": "USD", "grossProfit": "305411000", "totalRevenue": "409268000", "costOfRevenue": "103857000", "costofGoodsAndServicesSold": "103857000", "operatingIncome": "154367000", "sellingGeneralAndAdministrative": "44719000", "researchAndDevelopment": "0", "operatingExpenses": "151044000", "investmentIncomeNet": "None", "netInterestIncome": "None", "interestIncome": "None", "interestExpense": "3586000", "nonInterestIncome": "None", "otherNonOperatingIncome": "None", "depreciation": "None", "depreciationAndAmortization": "104389000", "incomeBeforeTax": "95524000", "incomeTaxExpense": "34918000", "interestAndDebtExpense": "None", "netIncomeFromContinuingOperations": "0", "comprehensiveIncomeNetOfTax": "None", "ebit": "159070000", "ebitda": "263459000", "netIncome": "60466000"}, {"fiscalDateEnding": "2008-06-30", "reportedCurrency": "USD", "grossProfit": "296854000", "totalRevenue": "393728000", "costOfRevenue": "96874000", "costofGoodsAndServicesSold": "96874000", "operatingIncome": "154790000", "sellingGeneralAndAdministrative": "41784000", "researchAndDevelopment": "0", "operatingExpenses": "142064000", "investmentIncomeNet": "None", "netInterestIncome": "None", "interestIncome": "None", "interestExpense": "3584000", "nonInterestIncome": "None", "otherNonOperatingIncome": "None", "depreciation": "None", "depreciationAndAmortization": "99697000", "incomeBeforeTax": "95308000", "incomeTaxExpense": "44535000", "interestAndDebtExpense": "None", "netIncomeFromContinuingOperations": "0", "comprehensiveIncomeNetOfTax": "None", "ebit": "157816000", "ebitda": "257513000", "netIncome": "158786000"}, {"fiscalDateEnding": "2008-03-31", "reportedCurrency": "USD", "grossProfit": "291626000", "totalRevenue": "382184000", "costOfRevenue": "90558000", "costofGoodsAndServicesSold": "90558000", "operatingIncome": "144856000", "sellingGeneralAndAdministrative": "48909000", "researchAndDevelopment": "0", "operatingExpenses": "146770000", "investmentIncomeNet": "None", "netInterestIncome": "None", "interestIncome": "None", "interestExpense": "3541000", "nonInterestIncome": "None", "otherNonOperatingIncome": "None", "depreciation": "None", "depreciationAndAmortization": "97072000", "incomeBeforeTax": "83043000", "incomeTaxExpense": "40801000", "interestAndDebtExpense": "None", "netIncomeFromContinuingOperations": "0", "comprehensiveIncomeNetOfTax": "None", "ebit": "148557000", "ebitda": "245629000", "netIncome": "42155000"}, {"fiscalDateEnding": "2007-12-31", "reportedCurrency": "USD", "grossProfit": "284592000", "totalRevenue": "378112000", "costOfRevenue": "93520000", "costofGoodsAndServicesSold": "93520000", "operatingIncome": "100466000", "sellingGeneralAndAdministrative": "46747000", "researchAndDevelopment": "0", "operatingExpenses": "184126000", "investmentIncomeNet": "None", "netInterestIncome": "None", "interestIncome": "None", "interestExpense": "235824000", "nonInterestIncome": "None", "otherNonOperatingIncome": "None", "depreciation": "None", "depreciationAndAmortization": "129613000", "incomeBeforeTax": "41623000", "incomeTaxExpense": "42095000", "interestAndDebtExpense": "None", "netIncomeFromContinuingOperations": "0", "comprehensiveIncomeNetOfTax": "None", "ebit": "100466000", "ebitda": "230079000", "netIncome": "-5549000"}, {"fiscalDateEnding": "2007-09-30", "reportedCurrency": "USD", "grossProfit": "278808000", "totalRevenue": "367585000", "costOfRevenue": "88777000", "costofGoodsAndServicesSold": "88777000", "operatingIncome": "98491000", "sellingGeneralAndAdministrative": "49030000", "researchAndDevelopment": "0", "operatingExpenses": "180317000", "investmentIncomeNet": "None", "netInterestIncome": "None", "interestIncome": "None", "interestExpense": "3584000", "nonInterestIncome": "None", "otherNonOperatingIncome": "None", "depreciation": "None", "depreciationAndAmortization": "131484000", "incomeBeforeTax": "45734000", "incomeTaxExpense": "-14483000", "interestAndDebtExpense": "None", "netIncomeFromContinuingOperations": "0", "comprehensiveIncomeNetOfTax": "None", "ebit": "98491000", "ebitda": "229975000", "netIncome": "59628000"}, {"fiscalDateEnding": "2007-06-30", "reportedCurrency": "USD", "grossProfit": "268381000", "totalRevenue": "358423000", "costOfRevenue": "90042000", "costofGoodsAndServicesSold": "90042000", "operatingIncome": "93296000", "sellingGeneralAndAdministrative": "42063000", "researchAndDevelopment": "0", "operatingExpenses": "175085000", "investmentIncomeNet": "None", "netInterestIncome": "None", "interestIncome": "None", "interestExpense": "3584000", "nonInterestIncome": "None", "otherNonOperatingIncome": "None", "depreciation": "None", "depreciationAndAmortization": "131637000", "incomeBeforeTax": "26686000", "incomeTaxExpense": "14566000", "interestAndDebtExpense": "None", "netIncomeFromContinuingOperations": "0", "comprehensiveIncomeNetOfTax": "None", "ebit": "93296000", "ebitda": "224933000", "netIncome": "-19991000"}, {"fiscalDateEnding": "2007-03-31", "reportedCurrency": "USD", "grossProfit": "265191000", "totalRevenue": "352474000", "costOfRevenue": "87283000", "costofGoodsAndServicesSold": "87283000", "operatingIncome": "86110000", "sellingGeneralAndAdministrative": "48643000", "researchAndDevelopment": "0", "operatingExpenses": "179081000", "investmentIncomeNet": "None", "netInterestIncome": "None", "interestIncome": "None", "interestExpense": "3498000", "nonInterestIncome": "None", "otherNonOperatingIncome": "None", "depreciation": "None", "depreciationAndAmortization": "130194000", "incomeBeforeTax": "38797000", "incomeTaxExpense": "17631000", "interestAndDebtExpense": "None", "netIncomeFromContinuingOperations": "0", "comprehensiveIncomeNetOfTax": "None", "ebit": "86110000", "ebitda": "216304000", "netIncome": "22228000"}, {"fiscalDateEnding": "2006-12-31", "reportedCurrency": "USD", "grossProfit": "249020000", "totalRevenue": "337646000", "costOfRevenue": "88626000", "costofGoodsAndServicesSold": "88626000", "operatingIncome": "75985000", "sellingGeneralAndAdministrative": "44017000", "researchAndDevelopment": "0", "operatingExpenses": "173035000", "investmentIncomeNet": "None", "netInterestIncome": "None", "interestIncome": "None", "interestExpense": "215643000", "nonInterestIncome": "None", "otherNonOperatingIncome": "None", "depreciation": "None", "depreciationAndAmortization": "130622000", "incomeBeforeTax": "32077000", "incomeTaxExpense": "13656000", "interestAndDebtExpense": "None", "netIncomeFromContinuingOperations": "0", "comprehensiveIncomeNetOfTax": "None", "ebit": "75985000", "ebitda": "206607000", "netIncome": "18285000"}, {"fiscalDateEnding": "2006-09-30", "reportedCurrency": "USD", "grossProfit": "245905000", "totalRevenue": "333467000", "costOfRevenue": "87562000", "costofGoodsAndServicesSold": "87562000", "operatingIncome": "72007000", "sellingGeneralAndAdministrative": "42384000", "researchAndDevelopment": "0", "operatingExpenses": "173898000", "investmentIncomeNet": "None", "netInterestIncome": "None", "interestIncome": "None", "interestExpense": "3584000", "nonInterestIncome": "None", "otherNonOperatingIncome": "None", "depreciation": "None", "depreciationAndAmortization": "131357000", "incomeBeforeTax": "17126000", "incomeTaxExpense": "13350000", "interestAndDebtExpense": "None", "netIncomeFromContinuingOperations": "0", "comprehensiveIncomeNetOfTax": "None", "ebit": "72007000", "ebitda": "203364000", "netIncome": "3472000"}, {"fiscalDateEnding": "2006-06-30", "reportedCurrency": "USD", "grossProfit": "240126000", "totalRevenue": "325863000", "costOfRevenue": "85737000", "costofGoodsAndServicesSold": "85737000", "operatingIncome": "70772000", "sellingGeneralAndAdministrative": "36610000", "researchAndDevelopment": "0", "operatingExpenses": "169354000", "investmentIncomeNet": "None", "netInterestIncome": "None", "interestIncome": "None", "interestExpense": "54063000", "nonInterestIncome": "None", "otherNonOperatingIncome": "None", "depreciation": "None", "depreciationAndAmortization": "None", "incomeBeforeTax": "21201000", "incomeTaxExpense": "12936000", "interestAndDebtExpense": "None", "netIncomeFromContinuingOperations": "0", "comprehensiveIncomeNetOfTax": "None", "ebit": "21201000", "ebitda": "204352000", "netIncome": "7664000"}, {"fiscalDateEnding": "2006-03-31", "reportedCurrency": "USD", "grossProfit": "238797000", "totalRevenue": "320409000", "costOfRevenue": "81612000", "costofGoodsAndServicesSold": "81612000", "operatingIncome": "69047000", "sellingGeneralAndAdministrative": "34975000", "researchAndDevelopment": "0", "operatingExpenses": "169750000", "investmentIncomeNet": "None", "netInterestIncome": "None", "interestIncome": "None", "interestExpense": "3498000", "nonInterestIncome": "None", "otherNonOperatingIncome": "None", "depreciation": "None", "depreciationAndAmortization": "133261000", "incomeBeforeTax": "1798000", "incomeTaxExpense": "3812000", "interestAndDebtExpense": "None", "netIncomeFromContinuingOperations": "0", "comprehensiveIncomeNetOfTax": "None", "ebit": "88405000", "ebitda": "221666000", "netIncome": "-2585000"}, {"fiscalDateEnding": "2005-12-31", "reportedCurrency": "USD", "grossProfit": "205215000", "totalRevenue": "307625000", "costOfRevenue": "102410000", "costofGoodsAndServicesSold": "102410000", "operatingIncome": "64794000", "sellingGeneralAndAdministrative": "12674000", "researchAndDevelopment": "0", "operatingExpenses": "140421000", "investmentIncomeNet": "None", "netInterestIncome": "None", "interestIncome": "None", "interestExpense": "222419000", "nonInterestIncome": "None", "otherNonOperatingIncome": "None", "depreciation": "None", "depreciationAndAmortization": "127747000", "incomeBeforeTax": "-32680000", "incomeTaxExpense": "18833000", "interestAndDebtExpense": "None", "netIncomeFromContinuingOperations": "0", "comprehensiveIncomeNetOfTax": "None", "ebit": "110344000", "ebitda": "238091000", "netIncome": "-87341000"}, {"fiscalDateEnding": "2005-09-30", "reportedCurrency": "USD", "grossProfit": "174128000", "totalRevenue": "264746000", "costOfRevenue": "90618000", "costofGoodsAndServicesSold": "90618000", "operatingIncome": "45489000", "sellingGeneralAndAdministrative": "11887000", "researchAndDevelopment": "0", "operatingExpenses": "128639000", "investmentIncomeNet": "None", "netInterestIncome": "None", "interestIncome": "None", "interestExpense": "3609000", "nonInterestIncome": "None", "otherNonOperatingIncome": "None", "depreciation": "None", "depreciationAndAmortization": "116752000", "incomeBeforeTax": "-26597000", "incomeTaxExpense": "-6646000", "interestAndDebtExpense": "None", "netIncomeFromContinuingOperations": "0", "comprehensiveIncomeNetOfTax": "None", "ebit": "39402000", "ebitda": "156154000", "netIncome": "-20870000"}, {"fiscalDateEnding": "2005-06-30", "reportedCurrency": "USD", "grossProfit": "125341000", "totalRevenue": "188060000", "costOfRevenue": "62719000", "costofGoodsAndServicesSold": "62719000", "operatingIncome": "32641000", "sellingGeneralAndAdministrative": "6443000", "researchAndDevelopment": "0", "operatingExpenses": "92700000", "investmentIncomeNet": "None", "netInterestIncome": "None", "interestIncome": "None", "interestExpense": "3584000", "nonInterestIncome": "None", "otherNonOperatingIncome": "None", "depreciation": "None", "depreciationAndAmortization": "84784000", "incomeBeforeTax": "-33558000", "incomeTaxExpense": "-3846000", "interestAndDebtExpense": "None", "netIncomeFromContinuingOperations": "0", "comprehensiveIncomeNetOfTax": "None", "ebit": "32641000", "ebitda": "117425000", "netIncome": "-31818000"}, {"fiscalDateEnding": "2005-03-31", "reportedCurrency": "USD", "grossProfit": "121973000", "totalRevenue": "184355000", "costOfRevenue": "62382000", "costofGoodsAndServicesSold": "62382000", "operatingIncome": "30252000", "sellingGeneralAndAdministrative": "6973000", "researchAndDevelopment": "0", "operatingExpenses": "91721000", "investmentIncomeNet": "None", "netInterestIncome": "None", "interestIncome": "None", "interestExpense": "3498000", "nonInterestIncome": "None", "otherNonOperatingIncome": "None", "depreciation": "None", "depreciationAndAmortization": "81971000", "incomeBeforeTax": "-34639000", "incomeTaxExpense": "-4338000", "interestAndDebtExpense": "None", "netIncomeFromContinuingOperations": "0", "comprehensiveIncomeNetOfTax": "None", "ebit": "30252000", "ebitda": "112223000", "netIncome": "-31561000"}, {"fiscalDateEnding": "2004-12-31", "reportedCurrency": "USD", "grossProfit": "108607000", "totalRevenue": "128321000", "costOfRevenue": "19714000", "costofGoodsAndServicesSold": "19714000", "operatingIncome": "4061000", "sellingGeneralAndAdministrative": "7077000", "researchAndDevelopment": "0", "operatingExpenses": "104546000", "investmentIncomeNet": "None", "netInterestIncome": "None", "interestIncome": "None", "interestExpense": "3652000", "nonInterestIncome": "None", "otherNonOperatingIncome": "None", "depreciation": "None", "depreciationAndAmortization": "91695000", "incomeBeforeTax": "-97676000", "incomeTaxExpense": "-23456000", "interestAndDebtExpense": "None", "netIncomeFromContinuingOperations": "0", "comprehensiveIncomeNetOfTax": "None", "ebit": "4061000", "ebitda": "95756000", "netIncome": "-88268000"}]}