{"symbol": "SO", "annualReports": [{"fiscalDateEnding": "2024-12-31", "reportedCurrency": "USD", "grossProfit": "20549000000", "totalRevenue": "26724000000", "costOfRevenue": "6175000000", "costofGoodsAndServicesSold": "6175000000", "operatingIncome": "7068000000", "sellingGeneralAndAdministrative": "None", "researchAndDevelopment": "None", "operatingExpenses": "19656000000", "investmentIncomeNet": "None", "netInterestIncome": "-2743000000", "interestIncome": "None", "interestExpense": "2743000000", "nonInterestIncome": "None", "otherNonOperatingIncome": "None", "depreciation": "None", "depreciationAndAmortization": "5266000000", "incomeBeforeTax": "5229000000", "incomeTaxExpense": "969000000", "interestAndDebtExpense": "None", "netIncomeFromContinuingOperations": "4260000000", "comprehensiveIncomeNetOfTax": "None", "ebit": "7972000000", "ebitda": "13238000000", "netIncome": "4401000000"}, {"fiscalDateEnding": "2023-12-31", "reportedCurrency": "USD", "grossProfit": "11708000000", "totalRevenue": "25253000000", "costOfRevenue": "13545000000", "costofGoodsAndServicesSold": "13545000000", "operatingIncome": "5826000000", "sellingGeneralAndAdministrative": "None", "researchAndDevelopment": "None", "operatingExpenses": "5882000000", "investmentIncomeNet": "None", "netInterestIncome": "-2373000000", "interestIncome": "None", "interestExpense": "2446000000", "nonInterestIncome": "None", "otherNonOperatingIncome": "None", "depreciation": "None", "depreciationAndAmortization": "4963000000", "incomeBeforeTax": "4345000000", "incomeTaxExpense": "496000000", "interestAndDebtExpense": "None", "netIncomeFromContinuingOperations": "2915000000", "comprehensiveIncomeNetOfTax": "None", "ebit": "6782000000", "ebitda": "11745000000", "netIncome": "3976000000"}, {"fiscalDateEnding": "2022-12-31", "reportedCurrency": "USD", "grossProfit": "10821000000", "totalRevenue": "29279000000", "costOfRevenue": "18458000000", "costofGoodsAndServicesSold": "18458000000", "operatingIncome": "5370000000", "sellingGeneralAndAdministrative": "1411000000", "researchAndDevelopment": "None", "operatingExpenses": "5257000000", "investmentIncomeNet": "None", "netInterestIncome": "-2022000000", "interestIncome": "1871000000", "interestExpense": "2022000000", "nonInterestIncome": "None", "otherNonOperatingIncome": "875000000", "depreciation": "None", "depreciationAndAmortization": "4059000000", "incomeBeforeTax": "4223000000", "incomeTaxExpense": "795000000", "interestAndDebtExpense": "None", "netIncomeFromContinuingOperations": "3428000000", "comprehensiveIncomeNetOfTax": "None", "ebit": "5910000000", "ebitda": "9969000000", "netIncome": "3535000000"}, {"fiscalDateEnding": "2021-12-31", "reportedCurrency": "USD", "grossProfit": "10061000000", "totalRevenue": "23113000000", "costOfRevenue": "13052000000", "costofGoodsAndServicesSold": "13052000000", "operatingIncome": "3698000000", "sellingGeneralAndAdministrative": "1290000000", "researchAndDevelopment": "None", "operatingExpenses": "6547000000", "investmentIncomeNet": "None", "netInterestIncome": "-1837000000", "interestIncome": "1761000000", "interestExpense": "1837000000", "nonInterestIncome": "None", "otherNonOperatingIncome": "715000000", "depreciation": "None", "depreciationAndAmortization": "3982000000", "incomeBeforeTax": "2576000000", "incomeTaxExpense": "267000000", "interestAndDebtExpense": "None", "netIncomeFromContinuingOperations": "2309000000", "comprehensiveIncomeNetOfTax": "None", "ebit": "4332000000", "ebitda": "8314000000", "netIncome": "2408000000"}, {"fiscalDateEnding": "2020-12-31", "reportedCurrency": "USD", "grossProfit": "9897000000", "totalRevenue": "20375000000", "costOfRevenue": "10478000000", "costofGoodsAndServicesSold": "10478000000", "operatingIncome": "4885000000", "sellingGeneralAndAdministrative": "1234000000", "researchAndDevelopment": "None", "operatingExpenses": "5077000000", "investmentIncomeNet": "None", "netInterestIncome": "-1821000000", "interestIncome": "1668000000", "interestExpense": "1821000000", "nonInterestIncome": "None", "otherNonOperatingIncome": "432000000", "depreciation": "None", "depreciationAndAmortization": "3902000000", "incomeBeforeTax": "3496000000", "incomeTaxExpense": "393000000", "interestAndDebtExpense": "None", "netIncomeFromContinuingOperations": "3103000000", "comprehensiveIncomeNetOfTax": "None", "ebit": "5295000000", "ebitda": "9197000000", "netIncome": "3134000000"}, {"fiscalDateEnding": "2019-12-31", "reportedCurrency": "USD", "grossProfit": "9627000000", "totalRevenue": "21419000000", "costOfRevenue": "11792000000", "costofGoodsAndServicesSold": "11792000000", "operatingIncome": "5749000000", "sellingGeneralAndAdministrative": "3799000000", "researchAndDevelopment": "None", "operatingExpenses": "4292000000", "investmentIncomeNet": "None", "netInterestIncome": "-1736000000", "interestIncome": "1574000000", "interestExpense": "1736000000", "nonInterestIncome": "None", "otherNonOperatingIncome": "542000000", "depreciation": "None", "depreciationAndAmortization": "3325000000", "incomeBeforeTax": "6542000000", "incomeTaxExpense": "1798000000", "interestAndDebtExpense": "None", "netIncomeFromContinuingOperations": "4744000000", "comprehensiveIncomeNetOfTax": "None", "ebit": "8285000000", "ebitda": "11610000000", "netIncome": "4754000000"}, {"fiscalDateEnding": "2018-12-31", "reportedCurrency": "USD", "grossProfit": "9653000000", "totalRevenue": "23495000000", "costOfRevenue": "13842000000", "costofGoodsAndServicesSold": "13842000000", "operatingIncome": "4191000000", "sellingGeneralAndAdministrative": "1606000000", "researchAndDevelopment": "0", "operatingExpenses": "5543000000", "investmentIncomeNet": "None", "netInterestIncome": "-1842000000", "interestIncome": "1694000000", "interestExpense": "1842000000", "nonInterestIncome": "None", "otherNonOperatingIncome": "400000000", "depreciation": "None", "depreciationAndAmortization": "3556000000", "incomeBeforeTax": "2749000000", "incomeTaxExpense": "449000000", "interestAndDebtExpense": "None", "netIncomeFromContinuingOperations": "2300000000", "comprehensiveIncomeNetOfTax": "None", "ebit": "4557000000", "ebitda": "8113000000", "netIncome": "2242000000"}, {"fiscalDateEnding": "2017-12-31", "reportedCurrency": "USD", "grossProfit": "10173000000", "totalRevenue": "23031000000", "costOfRevenue": "12858000000", "costofGoodsAndServicesSold": "12858000000", "operatingIncome": "2551000000", "sellingGeneralAndAdministrative": "1250000000", "researchAndDevelopment": "0", "operatingExpenses": "7622000000", "investmentIncomeNet": "None", "netInterestIncome": "-1694000000", "interestIncome": "1588000000", "interestExpense": "1694000000", "nonInterestIncome": "None", "otherNonOperatingIncome": "211000000", "depreciation": "None", "depreciationAndAmortization": "3441000000", "incomeBeforeTax": "1068000000", "incomeTaxExpense": "142000000", "interestAndDebtExpense": "None", "netIncomeFromContinuingOperations": "926000000", "comprehensiveIncomeNetOfTax": "None", "ebit": "2722000000", "ebitda": "6163000000", "netIncome": "880000000"}, {"fiscalDateEnding": "2016-12-31", "reportedCurrency": "USD", "grossProfit": "8672000000", "totalRevenue": "19896000000", "costOfRevenue": "11224000000", "costofGoodsAndServicesSold": "11224000000", "operatingIncome": "4629000000", "sellingGeneralAndAdministrative": "235000000", "researchAndDevelopment": "0", "operatingExpenses": "4043000000", "investmentIncomeNet": "None", "netInterestIncome": "-1317000000", "interestIncome": "1258000000", "interestExpense": "1317000000", "nonInterestIncome": "None", "otherNonOperatingIncome": "None", "depreciation": "None", "depreciationAndAmortization": "2925000000", "incomeBeforeTax": "3480000000", "incomeTaxExpense": "951000000", "interestAndDebtExpense": "None", "netIncomeFromContinuingOperations": "2529000000", "comprehensiveIncomeNetOfTax": "None", "ebit": "4765000000", "ebitda": "7690000000", "netIncome": "2493000000"}, {"fiscalDateEnding": "2015-12-31", "reportedCurrency": "USD", "grossProfit": "7678000000", "totalRevenue": "17527000000", "costOfRevenue": "9849000000", "costofGoodsAndServicesSold": "9849000000", "operatingIncome": "4282000000", "sellingGeneralAndAdministrative": "997000000", "researchAndDevelopment": "0", "operatingExpenses": "3396000000", "investmentIncomeNet": "None", "netInterestIncome": "None", "interestIncome": "817000000", "interestExpense": "840000000", "nonInterestIncome": "None", "otherNonOperatingIncome": "187000000", "depreciation": "None", "depreciationAndAmortization": "2034000000", "incomeBeforeTax": "3629000000", "incomeTaxExpense": "1194000000", "interestAndDebtExpense": "None", "netIncomeFromContinuingOperations": "2435000000", "comprehensiveIncomeNetOfTax": "None", "ebit": "4643000000", "ebitda": "6677000000", "netIncome": "2421000000"}, {"fiscalDateEnding": "2014-12-31", "reportedCurrency": "USD", "grossProfit": "7466000000", "totalRevenue": "18499000000", "costOfRevenue": "11033000000", "costofGoodsAndServicesSold": "11033000000", "operatingIncome": "3673000000", "sellingGeneralAndAdministrative": "981000000", "researchAndDevelopment": "0", "operatingExpenses": "3793000000", "investmentIncomeNet": "None", "netInterestIncome": "None", "interestIncome": "None", "interestExpense": "840000000", "nonInterestIncome": "None", "otherNonOperatingIncome": "201000000", "depreciation": "None", "depreciationAndAmortization": "1939000000", "incomeBeforeTax": "3035000000", "incomeTaxExpense": "987000000", "interestAndDebtExpense": "None", "netIncomeFromContinuingOperations": "2031000000", "comprehensiveIncomeNetOfTax": "None", "ebit": "3996000000", "ebitda": "5935000000", "netIncome": "2031000000"}, {"fiscalDateEnding": "2013-12-31", "reportedCurrency": "USD", "grossProfit": "7259000000", "totalRevenue": "17087000000", "costOfRevenue": "9828000000", "costofGoodsAndServicesSold": "9828000000", "operatingIncome": "3255000000", "sellingGeneralAndAdministrative": "934000000", "researchAndDevelopment": "0", "operatingExpenses": "4015000000", "investmentIncomeNet": "None", "netInterestIncome": "None", "interestIncome": "None", "interestExpense": "824000000", "nonInterestIncome": "None", "otherNonOperatingIncome": "128000000", "depreciation": "None", "depreciationAndAmortization": "1901000000", "incomeBeforeTax": "2559000000", "incomeTaxExpense": "849000000", "interestAndDebtExpense": "None", "netIncomeFromContinuingOperations": "1710000000", "comprehensiveIncomeNetOfTax": "None", "ebit": "3652000000", "ebitda": "5553000000", "netIncome": "1710000000"}, {"fiscalDateEnding": "2012-12-31", "reportedCurrency": "USD", "grossProfit": "7145000000", "totalRevenue": "16537000000", "costOfRevenue": "9392000000", "costofGoodsAndServicesSold": "9392000000", "operatingIncome": "4463000000", "sellingGeneralAndAdministrative": "0", "researchAndDevelopment": "0", "operatingExpenses": "2701000000", "investmentIncomeNet": "None", "netInterestIncome": "None", "interestIncome": "None", "interestExpense": "859000000", "nonInterestIncome": "None", "otherNonOperatingIncome": "None", "depreciation": "None", "depreciationAndAmortization": "1787000000", "incomeBeforeTax": "3749000000", "incomeTaxExpense": "1334000000", "interestAndDebtExpense": "None", "netIncomeFromContinuingOperations": "None", "comprehensiveIncomeNetOfTax": "None", "ebit": "4945000000", "ebitda": "6732000000", "netIncome": "2415000000"}, {"fiscalDateEnding": "2011-12-31", "reportedCurrency": "USD", "grossProfit": "6849000000", "totalRevenue": "17657000000", "costOfRevenue": "10808000000", "costofGoodsAndServicesSold": "10808000000", "operatingIncome": "4231000000", "sellingGeneralAndAdministrative": "0", "researchAndDevelopment": "0", "operatingExpenses": "2618000000", "investmentIncomeNet": "None", "netInterestIncome": "None", "interestIncome": "None", "interestExpense": "857000000", "nonInterestIncome": "None", "otherNonOperatingIncome": "None", "depreciation": "None", "depreciationAndAmortization": "1717000000", "incomeBeforeTax": "3487000000", "incomeTaxExpense": "1219000000", "interestAndDebtExpense": "None", "netIncomeFromContinuingOperations": "None", "comprehensiveIncomeNetOfTax": "None", "ebit": "4682000000", "ebitda": "6399000000", "netIncome": "2268000000"}, {"fiscalDateEnding": "2010-12-31", "reportedCurrency": "USD", "grossProfit": "6184000000", "totalRevenue": "17456000000", "costOfRevenue": "11272000000", "costofGoodsAndServicesSold": "11272000000", "operatingIncome": "3802000000", "sellingGeneralAndAdministrative": "0", "researchAndDevelopment": "0", "operatingExpenses": "2382000000", "investmentIncomeNet": "None", "netInterestIncome": "None", "interestIncome": "None", "interestExpense": "895000000", "nonInterestIncome": "None", "otherNonOperatingIncome": "None", "depreciation": "None", "depreciationAndAmortization": "1513000000", "incomeBeforeTax": "3066000000", "incomeTaxExpense": "1026000000", "interestAndDebtExpense": "None", "netIncomeFromContinuingOperations": "None", "comprehensiveIncomeNetOfTax": "None", "ebit": "4254000000", "ebitda": "5767000000", "netIncome": "2040000000"}, {"fiscalDateEnding": "2009-12-31", "reportedCurrency": "USD", "grossProfit": "5800000000", "totalRevenue": "15743000000", "costOfRevenue": "9943000000", "costofGoodsAndServicesSold": "9943000000", "operatingIncome": "3268000000", "sellingGeneralAndAdministrative": "202000000", "researchAndDevelopment": "0", "operatingExpenses": "2326000000", "investmentIncomeNet": "None", "netInterestIncome": "None", "interestIncome": "None", "interestExpense": "905000000", "nonInterestIncome": "None", "otherNonOperatingIncome": "None", "depreciation": "None", "depreciationAndAmortization": "1508000000", "incomeBeforeTax": "2608000000", "incomeTaxExpense": "898000000", "interestAndDebtExpense": "None", "netIncomeFromContinuingOperations": "None", "comprehensiveIncomeNetOfTax": "None", "ebit": "3474000000", "ebitda": "4982000000", "netIncome": "1708000000"}, {"fiscalDateEnding": "2008-12-31", "reportedCurrency": "USD", "grossProfit": "9494000000", "totalRevenue": "17127000000", "costOfRevenue": "7633000000", "costofGoodsAndServicesSold": "7633000000", "operatingIncome": "3506000000", "sellingGeneralAndAdministrative": "None", "researchAndDevelopment": "None", "operatingExpenses": "5988000000", "investmentIncomeNet": "None", "netInterestIncome": "None", "interestIncome": "None", "interestExpense": "866000000", "nonInterestIncome": "None", "otherNonOperatingIncome": "None", "depreciation": "None", "depreciationAndAmortization": "1704000000", "incomeBeforeTax": "2657000000", "incomeTaxExpense": "915000000", "interestAndDebtExpense": "None", "netIncomeFromContinuingOperations": "None", "comprehensiveIncomeNetOfTax": "None", "ebit": "3606000000", "ebitda": "5310000000", "netIncome": "1807000000"}, {"fiscalDateEnding": "2007-12-31", "reportedCurrency": "USD", "grossProfit": "8982000000", "totalRevenue": "15353000000", "costOfRevenue": "6371000000", "costofGoodsAndServicesSold": "6371000000", "operatingIncome": "3326000000", "sellingGeneralAndAdministrative": "None", "researchAndDevelopment": "None", "operatingExpenses": "5656000000", "investmentIncomeNet": "None", "netInterestIncome": "None", "interestIncome": "None", "interestExpense": "886000000", "nonInterestIncome": "None", "otherNonOperatingIncome": "None", "depreciation": "None", "depreciationAndAmortization": "1486000000", "incomeBeforeTax": "2569000000", "incomeTaxExpense": "835000000", "interestAndDebtExpense": "None", "netIncomeFromContinuingOperations": "None", "comprehensiveIncomeNetOfTax": "None", "ebit": "3518000000", "ebitda": "5004000000", "netIncome": "1734000000"}, {"fiscalDateEnding": "2006-12-31", "reportedCurrency": "USD", "grossProfit": "8661000000", "totalRevenue": "14356000000", "costOfRevenue": "5695000000", "costofGoodsAndServicesSold": "5695000000", "operatingIncome": "3224000000", "sellingGeneralAndAdministrative": "None", "researchAndDevelopment": "None", "operatingExpenses": "5437000000", "investmentIncomeNet": "None", "netInterestIncome": "None", "interestIncome": "None", "interestExpense": "866000000", "nonInterestIncome": "None", "otherNonOperatingIncome": "None", "depreciation": "None", "depreciationAndAmortization": "1421000000", "incomeBeforeTax": "2355000000", "incomeTaxExpense": "781000000", "interestAndDebtExpense": "None", "netIncomeFromContinuingOperations": "None", "comprehensiveIncomeNetOfTax": "None", "ebit": "3254000000", "ebitda": "4675000000", "netIncome": "1573000000"}, {"fiscalDateEnding": "2005-12-31", "reportedCurrency": "USD", "grossProfit": "8328000000", "totalRevenue": "13554000000", "costOfRevenue": "5226000000", "costofGoodsAndServicesSold": "5226000000", "operatingIncome": "2962000000", "sellingGeneralAndAdministrative": "None", "researchAndDevelopment": "None", "operatingExpenses": "5366000000", "investmentIncomeNet": "None", "netInterestIncome": "None", "interestIncome": "None", "interestExpense": "747000000", "nonInterestIncome": "None", "otherNonOperatingIncome": "None", "depreciation": "None", "depreciationAndAmortization": "1398000000", "incomeBeforeTax": "2186000000", "incomeTaxExpense": "595000000", "interestAndDebtExpense": "None", "netIncomeFromContinuingOperations": "None", "comprehensiveIncomeNetOfTax": "None", "ebit": "2953000000", "ebitda": "4351000000", "netIncome": "1591000000"}], "quarterlyReports": [{"fiscalDateEnding": "2024-12-31", "reportedCurrency": "USD", "grossProfit": "2661000000", "totalRevenue": "6341000000", "costOfRevenue": "3680000000", "costofGoodsAndServicesSold": "3680000000", "operatingIncome": "1058000000", "sellingGeneralAndAdministrative": "None", "researchAndDevelopment": "None", "operatingExpenses": "1603000000", "investmentIncomeNet": "None", "netInterestIncome": "-693000000", "interestIncome": "None", "interestExpense": "693000000", "nonInterestIncome": "None", "otherNonOperatingIncome": "None", "depreciation": "None", "depreciationAndAmortization": "1350000000", "incomeBeforeTax": "545000000", "incomeTaxExpense": "79000000", "interestAndDebtExpense": "None", "netIncomeFromContinuingOperations": "466000000", "comprehensiveIncomeNetOfTax": "None", "ebit": "1238000000", "ebitda": "2588000000", "netIncome": "534000000"}, {"fiscalDateEnding": "2024-09-30", "reportedCurrency": "USD", "grossProfit": "3953000000", "totalRevenue": "7274000000", "costOfRevenue": "3321000000", "costofGoodsAndServicesSold": "3321000000", "operatingIncome": "2368000000", "sellingGeneralAndAdministrative": "None", "researchAndDevelopment": "None", "operatingExpenses": "1585000000", "investmentIncomeNet": "None", "netInterestIncome": "-692000000", "interestIncome": "None", "interestExpense": "692000000", "nonInterestIncome": "None", "otherNonOperatingIncome": "None", "depreciation": "None", "depreciationAndAmortization": "1344000000", "incomeBeforeTax": "1912000000", "incomeTaxExpense": "377000000", "interestAndDebtExpense": "None", "netIncomeFromContinuingOperations": "1535000000", "comprehensiveIncomeNetOfTax": "None", "ebit": "2556000000", "ebitda": "3900000000", "netIncome": "1535000000"}, {"fiscalDateEnding": "2024-06-30", "reportedCurrency": "USD", "grossProfit": "2296000000", "totalRevenue": "6463000000", "costOfRevenue": "4167000000", "costofGoodsAndServicesSold": "4167000000", "operatingIncome": "1912000000", "sellingGeneralAndAdministrative": "None", "researchAndDevelopment": "None", "operatingExpenses": "384000000", "investmentIncomeNet": "None", "netInterestIncome": "-694000000", "interestIncome": "None", "interestExpense": "694000000", "nonInterestIncome": "None", "otherNonOperatingIncome": "None", "depreciation": "None", "depreciationAndAmortization": "1310000000", "incomeBeforeTax": "1478000000", "incomeTaxExpense": "290000000", "interestAndDebtExpense": "None", "netIncomeFromContinuingOperations": "1188000000", "comprehensiveIncomeNetOfTax": "None", "ebit": "2165000000", "ebitda": "3475000000", "netIncome": "1203000000"}, {"fiscalDateEnding": "2024-03-31", "reportedCurrency": "USD", "grossProfit": "2077000000", "totalRevenue": "6646000000", "costOfRevenue": "4569000000", "costofGoodsAndServicesSold": "4569000000", "operatingIncome": "1681000000", "sellingGeneralAndAdministrative": "None", "researchAndDevelopment": "None", "operatingExpenses": "396000000", "investmentIncomeNet": "None", "netInterestIncome": "-665000000", "interestIncome": "None", "interestExpense": "665000000", "nonInterestIncome": "None", "otherNonOperatingIncome": "None", "depreciation": "None", "depreciationAndAmortization": "1260000000", "incomeBeforeTax": "1294000000", "incomeTaxExpense": "223000000", "interestAndDebtExpense": "None", "netIncomeFromContinuingOperations": "1071000000", "comprehensiveIncomeNetOfTax": "None", "ebit": "1921000000", "ebitda": "3181000000", "netIncome": "1129000000"}, {"fiscalDateEnding": "2023-12-31", "reportedCurrency": "USD", "grossProfit": "2488000000", "totalRevenue": "6045000000", "costOfRevenue": "3557000000", "costofGoodsAndServicesSold": "3557000000", "operatingIncome": "1207000000", "sellingGeneralAndAdministrative": "None", "researchAndDevelopment": "None", "operatingExpenses": "1281000000", "investmentIncomeNet": "None", "netInterestIncome": "-634000000", "interestIncome": "None", "interestExpense": "634000000", "nonInterestIncome": "None", "otherNonOperatingIncome": "None", "depreciation": "None", "depreciationAndAmortization": "1287000000", "incomeBeforeTax": "800000000", "incomeTaxExpense": "4000000", "interestAndDebtExpense": "None", "netIncomeFromContinuingOperations": "796000000", "comprehensiveIncomeNetOfTax": "None", "ebit": "1355000000", "ebitda": "2642000000", "netIncome": "855000000"}, {"fiscalDateEnding": "2023-09-30", "reportedCurrency": "USD", "grossProfit": "3754000000", "totalRevenue": "6980000000", "costOfRevenue": "3226000000", "costofGoodsAndServicesSold": "3226000000", "operatingIncome": "2110000000", "sellingGeneralAndAdministrative": "None", "researchAndDevelopment": "None", "operatingExpenses": "1644000000", "investmentIncomeNet": "None", "netInterestIncome": "-620000000", "interestIncome": "588000000", "interestExpense": "620000000", "nonInterestIncome": "None", "otherNonOperatingIncome": "None", "depreciation": "None", "depreciationAndAmortization": "1263000000", "incomeBeforeTax": "1729000000", "incomeTaxExpense": "297000000", "interestAndDebtExpense": "None", "netIncomeFromContinuingOperations": "1432000000", "comprehensiveIncomeNetOfTax": "None", "ebit": "2260000000", "ebitda": "3523000000", "netIncome": "1422000000"}, {"fiscalDateEnding": "2023-06-30", "reportedCurrency": "USD", "grossProfit": "2742000000", "totalRevenue": "5748000000", "costOfRevenue": "3006000000", "costofGoodsAndServicesSold": "3006000000", "operatingIncome": "1290000000", "sellingGeneralAndAdministrative": "340000000", "researchAndDevelopment": "None", "operatingExpenses": "1452000000", "investmentIncomeNet": "None", "netInterestIncome": "-610000000", "interestIncome": "581000000", "interestExpense": "610000000", "nonInterestIncome": "None", "otherNonOperatingIncome": "241000000", "depreciation": "None", "depreciationAndAmortization": "1203000000", "incomeBeforeTax": "921000000", "incomeTaxExpense": "98000000", "interestAndDebtExpense": "None", "netIncomeFromContinuingOperations": "823000000", "comprehensiveIncomeNetOfTax": "None", "ebit": "1438000000", "ebitda": "2641000000", "netIncome": "838000000"}, {"fiscalDateEnding": "2023-03-31", "reportedCurrency": "USD", "grossProfit": "2723000000", "totalRevenue": "6480000000", "costOfRevenue": "3757000000", "costofGoodsAndServicesSold": "3757000000", "operatingIncome": "1218000000", "sellingGeneralAndAdministrative": "394000000", "researchAndDevelopment": "None", "operatingExpenses": "1505000000", "investmentIncomeNet": "None", "netInterestIncome": "-582000000", "interestIncome": "534000000", "interestExpense": "582000000", "nonInterestIncome": "None", "otherNonOperatingIncome": "260000000", "depreciation": "None", "depreciationAndAmortization": "1233000000", "incomeBeforeTax": "896000000", "incomeTaxExpense": "97000000", "interestAndDebtExpense": "None", "netIncomeFromContinuingOperations": "799000000", "comprehensiveIncomeNetOfTax": "None", "ebit": "1478000000", "ebitda": "2711000000", "netIncome": "862000000"}, {"fiscalDateEnding": "2022-12-31", "reportedCurrency": "USD", "grossProfit": "1859000000", "totalRevenue": "7047000000", "costOfRevenue": "5188000000", "costofGoodsAndServicesSold": "5188000000", "operatingIncome": "513000000", "sellingGeneralAndAdministrative": "338000000", "researchAndDevelopment": "None", "operatingExpenses": "1474000000", "investmentIncomeNet": "None", "netInterestIncome": "-561000000", "interestIncome": "519000000", "interestExpense": "561000000", "nonInterestIncome": "None", "otherNonOperatingIncome": "188000000", "depreciation": "None", "depreciationAndAmortization": "935000000", "incomeBeforeTax": "-234000000", "incomeTaxExpense": "-96000000", "interestAndDebtExpense": "None", "netIncomeFromContinuingOperations": "-139000000", "comprehensiveIncomeNetOfTax": "None", "ebit": "598000000", "ebitda": "1533000000", "netIncome": "-138000000"}, {"fiscalDateEnding": "2022-09-30", "reportedCurrency": "USD", "grossProfit": "3377000000", "totalRevenue": "8378000000", "costOfRevenue": "5001000000", "costofGoodsAndServicesSold": "5001000000", "operatingIncome": "2193000000", "sellingGeneralAndAdministrative": "352000000", "researchAndDevelopment": "None", "operatingExpenses": "1204000000", "investmentIncomeNet": "None", "netInterestIncome": "-511000000", "interestIncome": "483000000", "interestExpense": "511000000", "nonInterestIncome": "None", "otherNonOperatingIncome": "219000000", "depreciation": "None", "depreciationAndAmortization": "1229000000", "incomeBeforeTax": "1901000000", "incomeTaxExpense": "414000000", "interestAndDebtExpense": "None", "netIncomeFromContinuingOperations": "1487000000", "comprehensiveIncomeNetOfTax": "None", "ebit": "2217000000", "ebitda": "3446000000", "netIncome": "1475000000"}, {"fiscalDateEnding": "2022-06-30", "reportedCurrency": "USD", "grossProfit": "2959000000", "totalRevenue": "7206000000", "costOfRevenue": "4247000000", "costofGoodsAndServicesSold": "4247000000", "operatingIncome": "1655000000", "sellingGeneralAndAdministrative": "349000000", "researchAndDevelopment": "None", "operatingExpenses": "1314000000", "investmentIncomeNet": "None", "netInterestIncome": "-488000000", "interestIncome": "454000000", "interestExpense": "488000000", "nonInterestIncome": "None", "otherNonOperatingIncome": "226000000", "depreciation": "None", "depreciationAndAmortization": "1169000000", "incomeBeforeTax": "1393000000", "incomeTaxExpense": "304000000", "interestAndDebtExpense": "None", "netIncomeFromContinuingOperations": "1089000000", "comprehensiveIncomeNetOfTax": "None", "ebit": "1656000000", "ebitda": "2825000000", "netIncome": "1111000000"}, {"fiscalDateEnding": "2022-03-31", "reportedCurrency": "USD", "grossProfit": "2625000000", "totalRevenue": "6648000000", "costOfRevenue": "4023000000", "costofGoodsAndServicesSold": "4023000000", "operatingIncome": "1384000000", "sellingGeneralAndAdministrative": "372000000", "researchAndDevelopment": "None", "operatingExpenses": "1264000000", "investmentIncomeNet": "None", "netInterestIncome": "-462000000", "interestIncome": "416000000", "interestExpense": "462000000", "nonInterestIncome": "None", "otherNonOperatingIncome": "242000000", "depreciation": "None", "depreciationAndAmortization": "1157000000", "incomeBeforeTax": "1164000000", "incomeTaxExpense": "173000000", "interestAndDebtExpense": "None", "netIncomeFromContinuingOperations": "991000000", "comprehensiveIncomeNetOfTax": "None", "ebit": "1357000000", "ebitda": "2514000000", "netIncome": "1036000000"}, {"fiscalDateEnding": "2021-12-31", "reportedCurrency": "USD", "grossProfit": "1810000000", "totalRevenue": "5767000000", "costOfRevenue": "3957000000", "costofGoodsAndServicesSold": "3957000000", "operatingIncome": "-331000000", "sellingGeneralAndAdministrative": "320000000", "researchAndDevelopment": "None", "operatingExpenses": "2148000000", "investmentIncomeNet": "None", "netInterestIncome": "-485000000", "interestIncome": "444000000", "interestExpense": "485000000", "nonInterestIncome": "None", "otherNonOperatingIncome": "250000000", "depreciation": "None", "depreciationAndAmortization": "907000000", "incomeBeforeTax": "-566000000", "incomeTaxExpense": "-283000000", "interestAndDebtExpense": "None", "netIncomeFromContinuingOperations": "-284000000", "comprehensiveIncomeNetOfTax": "None", "ebit": "17000000", "ebitda": "924000000", "netIncome": "-211000000"}, {"fiscalDateEnding": "2021-09-30", "reportedCurrency": "USD", "grossProfit": "3070000000", "totalRevenue": "6238000000", "costOfRevenue": "3168000000", "costofGoodsAndServicesSold": "3168000000", "operatingIncome": "1723000000", "sellingGeneralAndAdministrative": "312000000", "researchAndDevelopment": "None", "operatingExpenses": "1472000000", "investmentIncomeNet": "None", "netInterestIncome": "-451000000", "interestIncome": "421000000", "interestExpense": "451000000", "nonInterestIncome": "None", "otherNonOperatingIncome": "210000000", "depreciation": "None", "depreciationAndAmortization": "995000000", "incomeBeforeTax": "1482000000", "incomeTaxExpense": "372000000", "interestAndDebtExpense": "None", "netIncomeFromContinuingOperations": "1110000000", "comprehensiveIncomeNetOfTax": "None", "ebit": "1740000000", "ebitda": "2735000000", "netIncome": "1105000000"}, {"fiscalDateEnding": "2021-06-30", "reportedCurrency": "USD", "grossProfit": "2361000000", "totalRevenue": "5198000000", "costOfRevenue": "2837000000", "costofGoodsAndServicesSold": "2837000000", "operatingIncome": "708000000", "sellingGeneralAndAdministrative": "313000000", "researchAndDevelopment": "None", "operatingExpenses": "1664000000", "investmentIncomeNet": "None", "netInterestIncome": "-450000000", "interestIncome": "490000000", "interestExpense": "450000000", "nonInterestIncome": "None", "otherNonOperatingIncome": "106000000", "depreciation": "None", "depreciationAndAmortization": "985000000", "incomeBeforeTax": "364000000", "incomeTaxExpense": "-12000000", "interestAndDebtExpense": "None", "netIncomeFromContinuingOperations": "376000000", "comprehensiveIncomeNetOfTax": "None", "ebit": "839000000", "ebitda": "1824000000", "netIncome": "376000000"}, {"fiscalDateEnding": "2021-03-31", "reportedCurrency": "USD", "grossProfit": "2818000000", "totalRevenue": "5910000000", "costOfRevenue": "3092000000", "costofGoodsAndServicesSold": "3092000000", "operatingIncome": "1598000000", "sellingGeneralAndAdministrative": "345000000", "researchAndDevelopment": "None", "operatingExpenses": "1264000000", "investmentIncomeNet": "None", "netInterestIncome": "-450000000", "interestIncome": "405000000", "interestExpense": "450000000", "nonInterestIncome": "None", "otherNonOperatingIncome": "149000000", "depreciation": "None", "depreciationAndAmortization": "964000000", "incomeBeforeTax": "1297000000", "incomeTaxExpense": "190000000", "interestAndDebtExpense": "None", "netIncomeFromContinuingOperations": "1107000000", "comprehensiveIncomeNetOfTax": "None", "ebit": "1745000000", "ebitda": "2709000000", "netIncome": "1139000000"}, {"fiscalDateEnding": "2020-12-31", "reportedCurrency": "USD", "grossProfit": "2080000000", "totalRevenue": "5117000000", "costOfRevenue": "3037000000", "costofGoodsAndServicesSold": "3037000000", "operatingIncome": "729000000", "sellingGeneralAndAdministrative": "302000000", "researchAndDevelopment": "None", "operatingExpenses": "1377000000", "investmentIncomeNet": "None", "netInterestIncome": "-478000000", "interestIncome": "430000000", "interestExpense": "478000000", "nonInterestIncome": "None", "otherNonOperatingIncome": "57000000", "depreciation": "None", "depreciationAndAmortization": "899000000", "incomeBeforeTax": "307000000", "incomeTaxExpense": "-50000000", "interestAndDebtExpense": "None", "netIncomeFromContinuingOperations": "358000000", "comprehensiveIncomeNetOfTax": "None", "ebit": "910000000", "ebitda": "1809000000", "netIncome": "391000000"}, {"fiscalDateEnding": "2020-09-30", "reportedCurrency": "USD", "grossProfit": "3028000000", "totalRevenue": "5620000000", "costOfRevenue": "2592000000", "costofGoodsAndServicesSold": "2592000000", "operatingIncome": "1835000000", "sellingGeneralAndAdministrative": "304000000", "researchAndDevelopment": "None", "operatingExpenses": "1193000000", "investmentIncomeNet": "None", "netInterestIncome": "-443000000", "interestIncome": "410000000", "interestExpense": "443000000", "nonInterestIncome": "None", "otherNonOperatingIncome": "184000000", "depreciation": "None", "depreciationAndAmortization": "987000000", "incomeBeforeTax": "1576000000", "incomeTaxExpense": "293000000", "interestAndDebtExpense": "None", "netIncomeFromContinuingOperations": "1283000000", "comprehensiveIncomeNetOfTax": "None", "ebit": "1938000000", "ebitda": "2925000000", "netIncome": "1255000000"}, {"fiscalDateEnding": "2020-06-30", "reportedCurrency": "USD", "grossProfit": "2378000000", "totalRevenue": "4620000000", "costOfRevenue": "2242000000", "costofGoodsAndServicesSold": "2242000000", "operatingIncome": "1058000000", "sellingGeneralAndAdministrative": "298000000", "researchAndDevelopment": "None", "operatingExpenses": "1320000000", "investmentIncomeNet": "None", "netInterestIncome": "-444000000", "interestIncome": "414000000", "interestExpense": "444000000", "nonInterestIncome": "None", "otherNonOperatingIncome": "12000000", "depreciation": "None", "depreciationAndAmortization": "967000000", "incomeBeforeTax": "626000000", "incomeTaxExpense": "5000000", "interestAndDebtExpense": "None", "netIncomeFromContinuingOperations": "621000000", "comprehensiveIncomeNetOfTax": "None", "ebit": "1163000000", "ebitda": "2130000000", "netIncome": "616000000"}, {"fiscalDateEnding": "2020-03-31", "reportedCurrency": "USD", "grossProfit": "2411000000", "totalRevenue": "5018000000", "costOfRevenue": "2607000000", "costofGoodsAndServicesSold": "2607000000", "operatingIncome": "1263000000", "sellingGeneralAndAdministrative": "330000000", "researchAndDevelopment": "None", "operatingExpenses": "1187000000", "investmentIncomeNet": "None", "netInterestIncome": "-456000000", "interestIncome": "414000000", "interestExpense": "456000000", "nonInterestIncome": "None", "otherNonOperatingIncome": "179000000", "depreciation": "None", "depreciationAndAmortization": "949000000", "incomeBeforeTax": "986000000", "incomeTaxExpense": "145000000", "interestAndDebtExpense": "None", "netIncomeFromContinuingOperations": "841000000", "comprehensiveIncomeNetOfTax": "None", "ebit": "1327000000", "ebitda": "2276000000", "netIncome": "872000000"}, {"fiscalDateEnding": "2019-12-31", "reportedCurrency": "USD", "grossProfit": "1743000000", "totalRevenue": "4914000000", "costOfRevenue": "3171000000", "costofGoodsAndServicesSold": "3171000000", "operatingIncome": "690000000", "sellingGeneralAndAdministrative": "2868000000", "researchAndDevelopment": "None", "operatingExpenses": "1084000000", "investmentIncomeNet": "None", "netInterestIncome": "-442000000", "interestIncome": "400000000", "interestExpense": "442000000", "nonInterestIncome": "None", "otherNonOperatingIncome": "88000000", "depreciation": "None", "depreciationAndAmortization": "771000000", "incomeBeforeTax": "335000000", "incomeTaxExpense": "-74000000", "interestAndDebtExpense": "None", "netIncomeFromContinuingOperations": "409000000", "comprehensiveIncomeNetOfTax": "None", "ebit": "772000000", "ebitda": "1543000000", "netIncome": "445000000"}, {"fiscalDateEnding": "2019-09-30", "reportedCurrency": "USD", "grossProfit": "3184000000", "totalRevenue": "5995000000", "costOfRevenue": "2811000000", "costofGoodsAndServicesSold": "2811000000", "operatingIncome": "2013000000", "sellingGeneralAndAdministrative": "303000000", "researchAndDevelopment": "None", "operatingExpenses": "1067000000", "investmentIncomeNet": "None", "netInterestIncome": "-434000000", "interestIncome": "395000000", "interestExpense": "434000000", "nonInterestIncome": "None", "otherNonOperatingIncome": "133000000", "depreciation": "None", "depreciationAndAmortization": "891000000", "incomeBeforeTax": "1712000000", "incomeTaxExpense": "367000000", "interestAndDebtExpense": "None", "netIncomeFromContinuingOperations": "1345000000", "comprehensiveIncomeNetOfTax": "None", "ebit": "2184000000", "ebitda": "3075000000", "netIncome": "1320000000"}, {"fiscalDateEnding": "2019-06-30", "reportedCurrency": "USD", "grossProfit": "2392000000", "totalRevenue": "5098000000", "costOfRevenue": "2706000000", "costofGoodsAndServicesSold": "2706000000", "operatingIncome": "1342000000", "sellingGeneralAndAdministrative": "299000000", "researchAndDevelopment": "None", "operatingExpenses": "1058000000", "investmentIncomeNet": "None", "netInterestIncome": "-429000000", "interestIncome": "396000000", "interestExpense": "429000000", "nonInterestIncome": "None", "otherNonOperatingIncome": "163000000", "depreciation": "None", "depreciationAndAmortization": "755000000", "incomeBeforeTax": "1076000000", "incomeTaxExpense": "145000000", "interestAndDebtExpense": "None", "netIncomeFromContinuingOperations": "931000000", "comprehensiveIncomeNetOfTax": "None", "ebit": "1449000000", "ebitda": "2204000000", "netIncome": "902000000"}, {"fiscalDateEnding": "2019-03-31", "reportedCurrency": "USD", "grossProfit": "2276000000", "totalRevenue": "5412000000", "costOfRevenue": "3136000000", "costofGoodsAndServicesSold": "3136000000", "operatingIncome": "3691000000", "sellingGeneralAndAdministrative": "329000000", "researchAndDevelopment": "None", "operatingExpenses": "1082000000", "investmentIncomeNet": "None", "netInterestIncome": "-430000000", "interestIncome": "382000000", "interestExpense": "430000000", "nonInterestIncome": "None", "otherNonOperatingIncome": "158000000", "depreciation": "None", "depreciationAndAmortization": "851000000", "incomeBeforeTax": "3419000000", "incomeTaxExpense": "1360000000", "interestAndDebtExpense": "None", "netIncomeFromContinuingOperations": "2059000000", "comprehensiveIncomeNetOfTax": "None", "ebit": "1261000000", "ebitda": "2112000000", "netIncome": "2088000000"}, {"fiscalDateEnding": "2018-12-31", "reportedCurrency": "USD", "grossProfit": "1727000000", "totalRevenue": "5337000000", "costOfRevenue": "3610000000", "costofGoodsAndServicesSold": "3610000000", "operatingIncome": "578000000", "sellingGeneralAndAdministrative": "616000000", "researchAndDevelopment": "0", "operatingExpenses": "1110000000", "investmentIncomeNet": "None", "netInterestIncome": "None", "interestIncome": "None", "interestExpense": "456000000", "nonInterestIncome": "None", "otherNonOperatingIncome": "-1000000", "depreciation": "None", "depreciationAndAmortization": "793000000", "incomeBeforeTax": "120000000", "incomeTaxExpense": "-149000000", "interestAndDebtExpense": "None", "netIncomeFromContinuingOperations": "269000000", "comprehensiveIncomeNetOfTax": "None", "ebit": "796000000", "ebitda": "1589000000", "netIncome": "282000000"}, {"fiscalDateEnding": "2018-09-30", "reportedCurrency": "USD", "grossProfit": "2964000000", "totalRevenue": "6159000000", "costOfRevenue": "3195000000", "costofGoodsAndServicesSold": "3195000000", "operatingIncome": "2174000000", "sellingGeneralAndAdministrative": "319000000", "researchAndDevelopment": "0", "operatingExpenses": "1107000000", "investmentIncomeNet": "None", "netInterestIncome": "None", "interestIncome": "None", "interestExpense": "458000000", "nonInterestIncome": "None", "otherNonOperatingIncome": "129000000", "depreciation": "None", "depreciationAndAmortization": "897000000", "incomeBeforeTax": "1845000000", "incomeTaxExpense": "623000000", "interestAndDebtExpense": "None", "netIncomeFromContinuingOperations": "1222000000", "comprehensiveIncomeNetOfTax": "None", "ebit": "1916000000", "ebitda": "2813000000", "netIncome": "1168000000"}, {"fiscalDateEnding": "2018-06-30", "reportedCurrency": "USD", "grossProfit": "2222000000", "totalRevenue": "5627000000", "costOfRevenue": "3405000000", "costofGoodsAndServicesSold": "3405000000", "operatingIncome": "63000000", "sellingGeneralAndAdministrative": "316000000", "researchAndDevelopment": "0", "operatingExpenses": "2159000000", "investmentIncomeNet": "None", "netInterestIncome": "None", "interestIncome": "None", "interestExpense": "470000000", "nonInterestIncome": "None", "otherNonOperatingIncome": "141000000", "depreciation": "None", "depreciationAndAmortization": "877000000", "incomeBeforeTax": "-266000000", "incomeTaxExpense": "-139000000", "interestAndDebtExpense": "None", "netIncomeFromContinuingOperations": "-127000000", "comprehensiveIncomeNetOfTax": "None", "ebit": "276000000", "ebitda": "1153000000", "netIncome": "-150000000"}, {"fiscalDateEnding": "2018-03-31", "reportedCurrency": "USD", "grossProfit": "2544000000", "totalRevenue": "6372000000", "costOfRevenue": "3828000000", "costofGoodsAndServicesSold": "3828000000", "operatingIncome": "1376000000", "sellingGeneralAndAdministrative": "355000000", "researchAndDevelopment": "0", "operatingExpenses": "1168000000", "investmentIncomeNet": "None", "netInterestIncome": "None", "interestIncome": "None", "interestExpense": "458000000", "nonInterestIncome": "None", "otherNonOperatingIncome": "131000000", "depreciation": "None", "depreciationAndAmortization": "769000000", "incomeBeforeTax": "1049000000", "incomeTaxExpense": "113000000", "interestAndDebtExpense": "None", "netIncomeFromContinuingOperations": "936000000", "comprehensiveIncomeNetOfTax": "None", "ebit": "1522000000", "ebitda": "2291000000", "netIncome": "942000000"}, {"fiscalDateEnding": "2017-12-31", "reportedCurrency": "USD", "grossProfit": "2084000000", "totalRevenue": "5629000000", "costOfRevenue": "3545000000", "costofGoodsAndServicesSold": "3545000000", "operatingIncome": "794000000", "sellingGeneralAndAdministrative": "0", "researchAndDevelopment": "0", "operatingExpenses": "1290000000", "investmentIncomeNet": "None", "netInterestIncome": "None", "interestIncome": "None", "interestExpense": "446000000", "nonInterestIncome": "None", "otherNonOperatingIncome": "None", "depreciation": "None", "depreciationAndAmortization": "774000000", "incomeBeforeTax": "325000000", "incomeTaxExpense": "-175000000", "interestAndDebtExpense": "None", "netIncomeFromContinuingOperations": "-28246000000", "comprehensiveIncomeNetOfTax": "None", "ebit": "837000000", "ebitda": "1611000000", "netIncome": "501000000"}, {"fiscalDateEnding": "2017-09-30", "reportedCurrency": "USD", "grossProfit": "3149000000", "totalRevenue": "6201000000", "costOfRevenue": "3052000000", "costofGoodsAndServicesSold": "3052000000", "operatingIncome": "2045000000", "sellingGeneralAndAdministrative": "303000000", "researchAndDevelopment": "0", "operatingExpenses": "1104000000", "investmentIncomeNet": "None", "netInterestIncome": "None", "interestIncome": "None", "interestExpense": "407000000", "nonInterestIncome": "None", "otherNonOperatingIncome": "61000000", "depreciation": "None", "depreciationAndAmortization": "881000000", "incomeBeforeTax": "1699000000", "incomeTaxExpense": "590000000", "interestAndDebtExpense": "None", "netIncomeFromContinuingOperations": "1109000000", "comprehensiveIncomeNetOfTax": "None", "ebit": "1991000000", "ebitda": "2872000000", "netIncome": "1079000000"}, {"fiscalDateEnding": "2017-06-30", "reportedCurrency": "USD", "grossProfit": "2480000000", "totalRevenue": "5430000000", "costOfRevenue": "2950000000", "costofGoodsAndServicesSold": "2950000000", "operatingIncome": "-1594000000", "sellingGeneralAndAdministrative": "308000000", "researchAndDevelopment": "0", "operatingExpenses": "4074000000", "investmentIncomeNet": "None", "netInterestIncome": "None", "interestIncome": "None", "interestExpense": "424000000", "nonInterestIncome": "None", "otherNonOperatingIncome": "83000000", "depreciation": "None", "depreciationAndAmortization": "860000000", "incomeBeforeTax": "-1935000000", "incomeTaxExpense": "-587000000", "interestAndDebtExpense": "None", "netIncomeFromContinuingOperations": "-1348000000", "comprehensiveIncomeNetOfTax": "None", "ebit": "-1516000000", "ebitda": "-656000000", "netIncome": "-1370000000"}, {"fiscalDateEnding": "2017-03-31", "reportedCurrency": "USD", "grossProfit": "2460000000", "totalRevenue": "5771000000", "costOfRevenue": "3311000000", "costofGoodsAndServicesSold": "3311000000", "operatingIncome": "1306000000", "sellingGeneralAndAdministrative": "0", "researchAndDevelopment": "0", "operatingExpenses": "1154000000", "investmentIncomeNet": "None", "netInterestIncome": "None", "interestIncome": "None", "interestExpense": "416000000", "nonInterestIncome": "None", "otherNonOperatingIncome": "None", "depreciation": "None", "depreciationAndAmortization": "823000000", "incomeBeforeTax": "980000000", "incomeTaxExpense": "315000000", "interestAndDebtExpense": "None", "netIncomeFromContinuingOperations": "708000000", "comprehensiveIncomeNetOfTax": "None", "ebit": "1284500000", "ebitda": "2107500000", "netIncome": "669000000"}, {"fiscalDateEnding": "2016-12-31", "reportedCurrency": "USD", "grossProfit": "1782000000", "totalRevenue": "5181000000", "costOfRevenue": "3399000000", "costofGoodsAndServicesSold": "3399000000", "operatingIncome": "587000000", "sellingGeneralAndAdministrative": "0", "researchAndDevelopment": "0", "operatingExpenses": "1195000000", "investmentIncomeNet": "None", "netInterestIncome": "None", "interestIncome": "None", "interestExpense": "404000000", "nonInterestIncome": "None", "otherNonOperatingIncome": "None", "depreciation": "None", "depreciationAndAmortization": "697000000", "incomeBeforeTax": "239000000", "incomeTaxExpense": "34000000", "interestAndDebtExpense": "None", "netIncomeFromContinuingOperations": "-10918000000", "comprehensiveIncomeNetOfTax": "None", "ebit": "704000000", "ebitda": "1401000000", "netIncome": "233000000"}, {"fiscalDateEnding": "2016-09-30", "reportedCurrency": "USD", "grossProfit": "3009000000", "totalRevenue": "6264000000", "costOfRevenue": "3255000000", "costofGoodsAndServicesSold": "3255000000", "operatingIncome": "1942000000", "sellingGeneralAndAdministrative": "309000000", "researchAndDevelopment": "0", "operatingExpenses": "1067000000", "investmentIncomeNet": "None", "netInterestIncome": "None", "interestIncome": "None", "interestExpense": "374000000", "nonInterestIncome": "None", "otherNonOperatingIncome": "73000000", "depreciation": "None", "depreciationAndAmortization": "695000000", "incomeBeforeTax": "1641000000", "incomeTaxExpense": "458000000", "interestAndDebtExpense": "None", "netIncomeFromContinuingOperations": "1168000000", "comprehensiveIncomeNetOfTax": "None", "ebit": "2025000000", "ebitda": "2720000000", "netIncome": "1150000000"}, {"fiscalDateEnding": "2016-06-30", "reportedCurrency": "USD", "grossProfit": "2088000000", "totalRevenue": "4453000000", "costOfRevenue": "2365000000", "costofGoodsAndServicesSold": "2365000000", "operatingIncome": "1226000000", "sellingGeneralAndAdministrative": "255000000", "researchAndDevelopment": "0", "operatingExpenses": "862000000", "investmentIncomeNet": "None", "netInterestIncome": "None", "interestIncome": "None", "interestExpense": "293000000", "nonInterestIncome": "None", "otherNonOperatingIncome": "16000000", "depreciation": "None", "depreciationAndAmortization": "569000000", "incomeBeforeTax": "950000000", "incomeTaxExpense": "288000000", "interestAndDebtExpense": "None", "netIncomeFromContinuingOperations": "636000000", "comprehensiveIncomeNetOfTax": "None", "ebit": "1283000000", "ebitda": "1852000000", "netIncome": "635000000"}, {"fiscalDateEnding": "2016-03-31", "reportedCurrency": "USD", "grossProfit": "1780000000", "totalRevenue": "3965000000", "costOfRevenue": "2185000000", "costofGoodsAndServicesSold": "2185000000", "operatingIncome": "930000000", "sellingGeneralAndAdministrative": "0", "researchAndDevelopment": "0", "operatingExpenses": "850000000", "investmentIncomeNet": "None", "netInterestIncome": "None", "interestIncome": "None", "interestExpense": "246000000", "nonInterestIncome": "None", "otherNonOperatingIncome": "None", "depreciation": "None", "depreciationAndAmortization": "541000000", "incomeBeforeTax": "719000000", "incomeTaxExpense": "222000000", "interestAndDebtExpense": "None", "netIncomeFromContinuingOperations": "496000000", "comprehensiveIncomeNetOfTax": "None", "ebit": "1038000000", "ebitda": "1579000000", "netIncome": "500000000"}, {"fiscalDateEnding": "2015-12-31", "reportedCurrency": "USD", "grossProfit": "1516000000", "totalRevenue": "3606000000", "costOfRevenue": "2090000000", "costofGoodsAndServicesSold": "2090000000", "operatingIncome": "578000000", "sellingGeneralAndAdministrative": "997000000", "researchAndDevelopment": "0", "operatingExpenses": "938000000", "investmentIncomeNet": "None", "netInterestIncome": "None", "interestIncome": "None", "interestExpense": "228000000", "nonInterestIncome": "None", "otherNonOperatingIncome": "187000000", "depreciation": "None", "depreciationAndAmortization": "519000000", "incomeBeforeTax": "401000000", "incomeTaxExpense": "118000000", "interestAndDebtExpense": "None", "netIncomeFromContinuingOperations": "-11486000000", "comprehensiveIncomeNetOfTax": "None", "ebit": "694000000", "ebitda": "1213000000", "netIncome": "297000000"}, {"fiscalDateEnding": "2015-09-30", "reportedCurrency": "USD", "grossProfit": "2591000000", "totalRevenue": "5401000000", "costOfRevenue": "2810000000", "costofGoodsAndServicesSold": "2810000000", "operatingIncome": "1649000000", "sellingGeneralAndAdministrative": "0", "researchAndDevelopment": "0", "operatingExpenses": "942000000", "investmentIncomeNet": "None", "netInterestIncome": "None", "interestIncome": "None", "interestExpense": "218000000", "nonInterestIncome": "None", "otherNonOperatingIncome": "None", "depreciation": "None", "depreciationAndAmortization": "528000000", "incomeBeforeTax": "1470000000", "incomeTaxExpense": "500000000", "interestAndDebtExpense": "None", "netIncomeFromContinuingOperations": "5401000000", "comprehensiveIncomeNetOfTax": "None", "ebit": "1737000000", "ebitda": "2265000000", "netIncome": "970000000"}, {"fiscalDateEnding": "2015-06-30", "reportedCurrency": "USD", "grossProfit": "1866000000", "totalRevenue": "4337000000", "costOfRevenue": "2471000000", "costofGoodsAndServicesSold": "2471000000", "operatingIncome": "1098000000", "sellingGeneralAndAdministrative": "0", "researchAndDevelopment": "0", "operatingExpenses": "768000000", "investmentIncomeNet": "None", "netInterestIncome": "None", "interestIncome": "None", "interestExpense": "180000000", "nonInterestIncome": "None", "otherNonOperatingIncome": "None", "depreciation": "None", "depreciationAndAmortization": "500000000", "incomeBeforeTax": "945000000", "incomeTaxExpense": "302000000", "interestAndDebtExpense": "None", "netIncomeFromContinuingOperations": "4337000000", "comprehensiveIncomeNetOfTax": "None", "ebit": "1191000000", "ebitda": "1691000000", "netIncome": "643000000"}, {"fiscalDateEnding": "2015-03-31", "reportedCurrency": "USD", "grossProfit": "1705000000", "totalRevenue": "4183000000", "costOfRevenue": "2478000000", "costofGoodsAndServicesSold": "2478000000", "operatingIncome": "957000000", "sellingGeneralAndAdministrative": "0", "researchAndDevelopment": "0", "operatingExpenses": "748000000", "investmentIncomeNet": "None", "netInterestIncome": "None", "interestIncome": "None", "interestExpense": "213000000", "nonInterestIncome": "None", "otherNonOperatingIncome": "None", "depreciation": "None", "depreciationAndAmortization": "487000000", "incomeBeforeTax": "799000000", "incomeTaxExpense": "274000000", "interestAndDebtExpense": "None", "netIncomeFromContinuingOperations": "4183000000", "comprehensiveIncomeNetOfTax": "None", "ebit": "1048000000", "ebitda": "1535000000", "netIncome": "525000000"}, {"fiscalDateEnding": "2014-12-31", "reportedCurrency": "USD", "grossProfit": "1321000000", "totalRevenue": "4049000000", "costOfRevenue": "2728000000", "costofGoodsAndServicesSold": "2728000000", "operatingIncome": "592000000", "sellingGeneralAndAdministrative": "734000000", "researchAndDevelopment": "0", "operatingExpenses": "729000000", "investmentIncomeNet": "None", "netInterestIncome": "None", "interestIncome": "None", "interestExpense": "217000000", "nonInterestIncome": "None", "otherNonOperatingIncome": "151000000", "depreciation": "None", "depreciationAndAmortization": "424000000", "incomeBeforeTax": "415000000", "incomeTaxExpense": "98000000", "interestAndDebtExpense": "None", "netIncomeFromContinuingOperations": "-8143000000", "comprehensiveIncomeNetOfTax": "None", "ebit": "632000000", "ebitda": "1056000000", "netIncome": "300000000"}, {"fiscalDateEnding": "2014-09-30", "reportedCurrency": "USD", "grossProfit": "2468000000", "totalRevenue": "5339000000", "costOfRevenue": "2871000000", "costofGoodsAndServicesSold": "2871000000", "operatingIncome": "1278000000", "sellingGeneralAndAdministrative": "0", "researchAndDevelopment": "0", "operatingExpenses": "1190000000", "investmentIncomeNet": "None", "netInterestIncome": "None", "interestIncome": "None", "interestExpense": "207000000", "nonInterestIncome": "None", "otherNonOperatingIncome": "None", "depreciation": "None", "depreciationAndAmortization": "514000000", "incomeBeforeTax": "1127000000", "incomeTaxExpense": "392000000", "interestAndDebtExpense": "None", "netIncomeFromContinuingOperations": "5339000000", "comprehensiveIncomeNetOfTax": "None", "ebit": "1380000000", "ebitda": "1894000000", "netIncome": "735000000"}, {"fiscalDateEnding": "2014-06-30", "reportedCurrency": "USD", "grossProfit": "1853000000", "totalRevenue": "4467000000", "costOfRevenue": "2614000000", "costofGoodsAndServicesSold": "2614000000", "operatingIncome": "1103000000", "sellingGeneralAndAdministrative": "0", "researchAndDevelopment": "0", "operatingExpenses": "750000000", "investmentIncomeNet": "None", "netInterestIncome": "None", "interestIncome": "None", "interestExpense": "210000000", "nonInterestIncome": "None", "otherNonOperatingIncome": "None", "depreciation": "None", "depreciationAndAmortization": "504000000", "incomeBeforeTax": "949000000", "incomeTaxExpense": "321000000", "interestAndDebtExpense": "None", "netIncomeFromContinuingOperations": "4467000000", "comprehensiveIncomeNetOfTax": "None", "ebit": "1194000000", "ebitda": "1698000000", "netIncome": "628000000"}, {"fiscalDateEnding": "2014-03-31", "reportedCurrency": "USD", "grossProfit": "1824000000", "totalRevenue": "4644000000", "costOfRevenue": "2820000000", "costofGoodsAndServicesSold": "2820000000", "operatingIncome": "700000000", "sellingGeneralAndAdministrative": "247000000", "researchAndDevelopment": "0", "operatingExpenses": "1124000000", "investmentIncomeNet": "None", "netInterestIncome": "None", "interestIncome": "None", "interestExpense": "206000000", "nonInterestIncome": "None", "otherNonOperatingIncome": "50000000", "depreciation": "None", "depreciationAndAmortization": "497000000", "incomeBeforeTax": "544000000", "incomeTaxExpense": "176000000", "interestAndDebtExpense": "None", "netIncomeFromContinuingOperations": "368000000", "comprehensiveIncomeNetOfTax": "None", "ebit": "790000000", "ebitda": "1287000000", "netIncome": "368000000"}, {"fiscalDateEnding": "2013-12-31", "reportedCurrency": "USD", "grossProfit": "1531000000", "totalRevenue": "3927000000", "costOfRevenue": "2396000000", "costofGoodsAndServicesSold": "2396000000", "operatingIncome": "799000000", "sellingGeneralAndAdministrative": "0", "researchAndDevelopment": "0", "operatingExpenses": "743000000", "investmentIncomeNet": "None", "netInterestIncome": "None", "interestIncome": "None", "interestExpense": "196000000", "nonInterestIncome": "None", "otherNonOperatingIncome": "None", "depreciation": "None", "depreciationAndAmortization": "479000000", "incomeBeforeTax": "623000000", "incomeTaxExpense": "192000000", "interestAndDebtExpense": "None", "netIncomeFromContinuingOperations": "0", "comprehensiveIncomeNetOfTax": "None", "ebit": "882000000", "ebitda": "1361000000", "netIncome": "431000000"}, {"fiscalDateEnding": "2013-09-30", "reportedCurrency": "USD", "grossProfit": "2364000000", "totalRevenue": "5017000000", "costOfRevenue": "2653000000", "costofGoodsAndServicesSold": "2653000000", "operatingIncome": "1491000000", "sellingGeneralAndAdministrative": "243000000", "researchAndDevelopment": "0", "operatingExpenses": "873000000", "investmentIncomeNet": "None", "netInterestIncome": "None", "interestIncome": "None", "interestExpense": "202000000", "nonInterestIncome": "None", "otherNonOperatingIncome": "48000000", "depreciation": "None", "depreciationAndAmortization": "480000000", "incomeBeforeTax": "1337000000", "incomeTaxExpense": "468000000", "interestAndDebtExpense": "None", "netIncomeFromContinuingOperations": "869000000", "comprehensiveIncomeNetOfTax": "None", "ebit": "1596000000", "ebitda": "2076000000", "netIncome": "869000000"}, {"fiscalDateEnding": "2013-06-30", "reportedCurrency": "USD", "grossProfit": "1798000000", "totalRevenue": "4246000000", "costOfRevenue": "2448000000", "costofGoodsAndServicesSold": "2448000000", "operatingIncome": "640000000", "sellingGeneralAndAdministrative": "232000000", "researchAndDevelopment": "0", "operatingExpenses": "1158000000", "investmentIncomeNet": "None", "netInterestIncome": "None", "interestIncome": "None", "interestExpense": "215000000", "nonInterestIncome": "None", "otherNonOperatingIncome": "46000000", "depreciation": "None", "depreciationAndAmortization": "476000000", "incomeBeforeTax": "471000000", "incomeTaxExpense": "158000000", "interestAndDebtExpense": "None", "netIncomeFromContinuingOperations": "313000000", "comprehensiveIncomeNetOfTax": "None", "ebit": "636000000", "ebitda": "1112000000", "netIncome": "313000000"}, {"fiscalDateEnding": "2013-03-31", "reportedCurrency": "USD", "grossProfit": "1566000000", "totalRevenue": "3897000000", "costOfRevenue": "2331000000", "costofGoodsAndServicesSold": "2331000000", "operatingIncome": "325000000", "sellingGeneralAndAdministrative": "0", "researchAndDevelopment": "0", "operatingExpenses": "1241000000", "investmentIncomeNet": "None", "netInterestIncome": "None", "interestIncome": "None", "interestExpense": "211000000", "nonInterestIncome": "None", "otherNonOperatingIncome": "None", "depreciation": "None", "depreciationAndAmortization": "466000000", "incomeBeforeTax": "128000000", "incomeTaxExpense": "31000000", "interestAndDebtExpense": "None", "netIncomeFromContinuingOperations": "0", "comprehensiveIncomeNetOfTax": "None", "ebit": "441000000", "ebitda": "907000000", "netIncome": "97000000"}, {"fiscalDateEnding": "2012-12-31", "reportedCurrency": "USD", "grossProfit": "1490000000", "totalRevenue": "3703000000", "costOfRevenue": "2213000000", "costofGoodsAndServicesSold": "2213000000", "operatingIncome": "814000000", "sellingGeneralAndAdministrative": "0", "researchAndDevelopment": "0", "operatingExpenses": "676000000", "investmentIncomeNet": "None", "netInterestIncome": "None", "interestIncome": "None", "interestExpense": "210000000", "nonInterestIncome": "None", "otherNonOperatingIncome": "None", "depreciation": "None", "depreciationAndAmortization": "452000000", "incomeBeforeTax": "635000000", "incomeTaxExpense": "236000000", "interestAndDebtExpense": "None", "netIncomeFromContinuingOperations": "0", "comprehensiveIncomeNetOfTax": "None", "ebit": "804000000", "ebitda": "1256000000", "netIncome": "399000000"}, {"fiscalDateEnding": "2012-09-30", "reportedCurrency": "USD", "grossProfit": "2426000000", "totalRevenue": "5049000000", "costOfRevenue": "2623000000", "costofGoodsAndServicesSold": "2623000000", "operatingIncome": "1740000000", "sellingGeneralAndAdministrative": "0", "researchAndDevelopment": "0", "operatingExpenses": "686000000", "investmentIncomeNet": "None", "netInterestIncome": "None", "interestIncome": "None", "interestExpense": "218000000", "nonInterestIncome": "None", "otherNonOperatingIncome": "None", "depreciation": "None", "depreciationAndAmortization": "449000000", "incomeBeforeTax": "1562000000", "incomeTaxExpense": "569000000", "interestAndDebtExpense": "None", "netIncomeFromContinuingOperations": "0", "comprehensiveIncomeNetOfTax": "None", "ebit": "1740000000", "ebitda": "2189000000", "netIncome": "993000000"}, {"fiscalDateEnding": "2012-06-30", "reportedCurrency": "USD", "grossProfit": "1797000000", "totalRevenue": "4181000000", "costOfRevenue": "2384000000", "costofGoodsAndServicesSold": "2384000000", "operatingIncome": "1124000000", "sellingGeneralAndAdministrative": "0", "researchAndDevelopment": "0", "operatingExpenses": "654000000", "investmentIncomeNet": "None", "netInterestIncome": "None", "interestIncome": "None", "interestExpense": "220000000", "nonInterestIncome": "None", "otherNonOperatingIncome": "None", "depreciation": "None", "depreciationAndAmortization": "445000000", "incomeBeforeTax": "968000000", "incomeTaxExpense": "329000000", "interestAndDebtExpense": "None", "netIncomeFromContinuingOperations": "0", "comprehensiveIncomeNetOfTax": "None", "ebit": "1143000000", "ebitda": "1588000000", "netIncome": "639000000"}, {"fiscalDateEnding": "2012-03-31", "reportedCurrency": "USD", "grossProfit": "1432000000", "totalRevenue": "3604000000", "costOfRevenue": "2172000000", "costofGoodsAndServicesSold": "2172000000", "operatingIncome": "766000000", "sellingGeneralAndAdministrative": "0", "researchAndDevelopment": "0", "operatingExpenses": "666000000", "investmentIncomeNet": "None", "netInterestIncome": "None", "interestIncome": "None", "interestExpense": "211000000", "nonInterestIncome": "None", "otherNonOperatingIncome": "None", "depreciation": "None", "depreciationAndAmortization": "441000000", "incomeBeforeTax": "584000000", "incomeTaxExpense": "200000000", "interestAndDebtExpense": "None", "netIncomeFromContinuingOperations": "0", "comprehensiveIncomeNetOfTax": "None", "ebit": "766000000", "ebitda": "1207000000", "netIncome": "384000000"}, {"fiscalDateEnding": "2011-12-31", "reportedCurrency": "USD", "grossProfit": "2343000000", "totalRevenue": "3696000000", "costOfRevenue": "1353000000", "costofGoodsAndServicesSold": "1353000000", "operatingIncome": "589000000", "sellingGeneralAndAdministrative": "0", "researchAndDevelopment": "0", "operatingExpenses": "1754000000", "investmentIncomeNet": "None", "netInterestIncome": "None", "interestIncome": "None", "interestExpense": "219000000", "nonInterestIncome": "None", "otherNonOperatingIncome": "None", "depreciation": "None", "depreciationAndAmortization": "518000000", "incomeBeforeTax": "373000000", "incomeTaxExpense": "96000000", "interestAndDebtExpense": "None", "netIncomeFromContinuingOperations": "0", "comprehensiveIncomeNetOfTax": "None", "ebit": "589000000", "ebitda": "1107000000", "netIncome": "277000000"}, {"fiscalDateEnding": "2011-09-30", "reportedCurrency": "USD", "grossProfit": "2322000000", "totalRevenue": "5428000000", "costOfRevenue": "3106000000", "costofGoodsAndServicesSold": "3106000000", "operatingIncome": "1652000000", "sellingGeneralAndAdministrative": "0", "researchAndDevelopment": "0", "operatingExpenses": "670000000", "investmentIncomeNet": "None", "netInterestIncome": "None", "interestIncome": "None", "interestExpense": "217000000", "nonInterestIncome": "None", "otherNonOperatingIncome": "None", "depreciation": "None", "depreciationAndAmortization": "431000000", "incomeBeforeTax": "1476000000", "incomeTaxExpense": "543000000", "interestAndDebtExpense": "None", "netIncomeFromContinuingOperations": "0", "comprehensiveIncomeNetOfTax": "None", "ebit": "1652000000", "ebitda": "2083000000", "netIncome": "933000000"}, {"fiscalDateEnding": "2011-06-30", "reportedCurrency": "USD", "grossProfit": "1791000000", "totalRevenue": "4521000000", "costOfRevenue": "2730000000", "costofGoodsAndServicesSold": "2730000000", "operatingIncome": "1136000000", "sellingGeneralAndAdministrative": "0", "researchAndDevelopment": "0", "operatingExpenses": "656000000", "investmentIncomeNet": "None", "netInterestIncome": "None", "interestIncome": "None", "interestExpense": "199000000", "nonInterestIncome": "None", "otherNonOperatingIncome": "None", "depreciation": "None", "depreciationAndAmortization": "429000000", "incomeBeforeTax": "968000000", "incomeTaxExpense": "349000000", "interestAndDebtExpense": "None", "netIncomeFromContinuingOperations": "0", "comprehensiveIncomeNetOfTax": "None", "ebit": "1135000000", "ebitda": "1564000000", "netIncome": "620000000"}, {"fiscalDateEnding": "2011-03-31", "reportedCurrency": "USD", "grossProfit": "1492000000", "totalRevenue": "4012000000", "costOfRevenue": "2520000000", "costofGoodsAndServicesSold": "2520000000", "operatingIncome": "854000000", "sellingGeneralAndAdministrative": "0", "researchAndDevelopment": "0", "operatingExpenses": "638000000", "investmentIncomeNet": "None", "netInterestIncome": "None", "interestIncome": "None", "interestExpense": "222000000", "nonInterestIncome": "None", "otherNonOperatingIncome": "None", "depreciation": "None", "depreciationAndAmortization": "418000000", "incomeBeforeTax": "669000000", "incomeTaxExpense": "231000000", "interestAndDebtExpense": "None", "netIncomeFromContinuingOperations": "0", "comprehensiveIncomeNetOfTax": "None", "ebit": "854000000", "ebitda": "1272000000", "netIncome": "438000000"}, {"fiscalDateEnding": "2010-12-31", "reportedCurrency": "USD", "grossProfit": "2217404000", "totalRevenue": "3771352000", "costOfRevenue": "1553948000", "costofGoodsAndServicesSold": "1553948000", "operatingIncome": "470440000", "sellingGeneralAndAdministrative": "0", "researchAndDevelopment": "0", "operatingExpenses": "1746964000", "investmentIncomeNet": "None", "netInterestIncome": "None", "interestIncome": "None", "interestExpense": "228711000", "nonInterestIncome": "None", "otherNonOperatingIncome": "None", "depreciation": "None", "depreciationAndAmortization": "454489000", "incomeBeforeTax": "270365000", "incomeTaxExpense": "100890000", "interestAndDebtExpense": "None", "netIncomeFromContinuingOperations": "0", "comprehensiveIncomeNetOfTax": "None", "ebit": "499076000", "ebitda": "953565000", "netIncome": "169475000"}, {"fiscalDateEnding": "2010-09-30", "reportedCurrency": "USD", "grossProfit": "2121000000", "totalRevenue": "5320000000", "costOfRevenue": "3199000000", "costofGoodsAndServicesSold": "3199000000", "operatingIncome": "1459000000", "sellingGeneralAndAdministrative": "0", "researchAndDevelopment": "0", "operatingExpenses": "662000000", "investmentIncomeNet": "None", "netInterestIncome": "None", "interestIncome": "None", "interestExpense": "225000000", "nonInterestIncome": "None", "otherNonOperatingIncome": "None", "depreciation": "None", "depreciationAndAmortization": "427000000", "incomeBeforeTax": "1276000000", "incomeTaxExpense": "442000000", "interestAndDebtExpense": "None", "netIncomeFromContinuingOperations": "0", "comprehensiveIncomeNetOfTax": "None", "ebit": "1583000000", "ebitda": "2010000000", "netIncome": "834000000"}, {"fiscalDateEnding": "2010-06-30", "reportedCurrency": "USD", "grossProfit": "1532000000", "totalRevenue": "4207000000", "costOfRevenue": "2675000000", "costofGoodsAndServicesSold": "2675000000", "operatingIncome": "951000000", "sellingGeneralAndAdministrative": "0", "researchAndDevelopment": "0", "operatingExpenses": "581000000", "investmentIncomeNet": "None", "netInterestIncome": "None", "interestIncome": "None", "interestExpense": "219000000", "nonInterestIncome": "None", "otherNonOperatingIncome": "None", "depreciation": "None", "depreciationAndAmortization": "367000000", "incomeBeforeTax": "774000000", "incomeTaxExpense": "248000000", "interestAndDebtExpense": "None", "netIncomeFromContinuingOperations": "0", "comprehensiveIncomeNetOfTax": "None", "ebit": "1071000000", "ebitda": "1438000000", "netIncome": "526000000"}, {"fiscalDateEnding": "2010-03-31", "reportedCurrency": "USD", "grossProfit": "1477000000", "totalRevenue": "4157000000", "costOfRevenue": "2680000000", "costofGoodsAndServicesSold": "2680000000", "operatingIncome": "921994000", "sellingGeneralAndAdministrative": "0", "researchAndDevelopment": "0", "operatingExpenses": "555000000", "investmentIncomeNet": "None", "netInterestIncome": "None", "interestIncome": "None", "interestExpense": "222000000", "nonInterestIncome": "None", "otherNonOperatingIncome": "None", "depreciation": "None", "depreciationAndAmortization": "343000000", "incomeBeforeTax": "747000000", "incomeTaxExpense": "236000000", "interestAndDebtExpense": "None", "netIncomeFromContinuingOperations": "0", "comprehensiveIncomeNetOfTax": "None", "ebit": "1048000000", "ebitda": "1391000000", "netIncome": "511000000"}, {"fiscalDateEnding": "2009-12-31", "reportedCurrency": "USD", "grossProfit": "2080602000", "totalRevenue": "3510047000", "costOfRevenue": "1429445000", "costofGoodsAndServicesSold": "1429445000", "operatingIncome": "476853000", "sellingGeneralAndAdministrative": "0", "researchAndDevelopment": "0", "operatingExpenses": "1603749000", "investmentIncomeNet": "None", "netInterestIncome": "None", "interestIncome": "None", "interestExpense": "220098000", "nonInterestIncome": "None", "otherNonOperatingIncome": "None", "depreciation": "None", "depreciationAndAmortization": "477146000", "incomeBeforeTax": "332273000", "incomeTaxExpense": "67167000", "interestAndDebtExpense": "None", "netIncomeFromContinuingOperations": "0", "comprehensiveIncomeNetOfTax": "None", "ebit": "552371000", "ebitda": "1029517000", "netIncome": "265106000"}, {"fiscalDateEnding": "2009-09-30", "reportedCurrency": "USD", "grossProfit": "2781000000", "totalRevenue": "4682000000", "costOfRevenue": "1901000000", "costofGoodsAndServicesSold": "1901000000", "operatingIncome": "1415276000", "sellingGeneralAndAdministrative": "0", "researchAndDevelopment": "0", "operatingExpenses": "1366000000", "investmentIncomeNet": "None", "netInterestIncome": "None", "interestIncome": "None", "interestExpense": "226000000", "nonInterestIncome": "None", "otherNonOperatingIncome": "None", "depreciation": "None", "depreciationAndAmortization": "332000000", "incomeBeforeTax": "1243000000", "incomeTaxExpense": "436000000", "interestAndDebtExpense": "None", "netIncomeFromContinuingOperations": "0", "comprehensiveIncomeNetOfTax": "None", "ebit": "1551962000", "ebitda": "1883962000", "netIncome": "806170000"}, {"fiscalDateEnding": "2009-06-30", "reportedCurrency": "USD", "grossProfit": "2302838000", "totalRevenue": "3885164000", "costOfRevenue": "1582326000", "costofGoodsAndServicesSold": "1582326000", "operatingIncome": "886194000", "sellingGeneralAndAdministrative": "0", "researchAndDevelopment": "0", "operatingExpenses": "1416644000", "investmentIncomeNet": "None", "netInterestIncome": "None", "interestIncome": "None", "interestExpense": "232830000", "nonInterestIncome": "None", "otherNonOperatingIncome": "None", "depreciation": "None", "depreciationAndAmortization": "438521000", "incomeBeforeTax": "720525000", "incomeTaxExpense": "225717000", "interestAndDebtExpense": "None", "netIncomeFromContinuingOperations": "0", "comprehensiveIncomeNetOfTax": "None", "ebit": "953355000", "ebitda": "1391876000", "netIncome": "494808000"}, {"fiscalDateEnding": "2009-03-31", "reportedCurrency": "USD", "grossProfit": "2152396000", "totalRevenue": "3666307000", "costOfRevenue": "1513911000", "costofGoodsAndServicesSold": "1513911000", "operatingIncome": "489677000", "sellingGeneralAndAdministrative": "202000000", "researchAndDevelopment": "0", "operatingExpenses": "1662719000", "investmentIncomeNet": "None", "netInterestIncome": "None", "interestIncome": "None", "interestExpense": "225727000", "nonInterestIncome": "None", "otherNonOperatingIncome": "None", "depreciation": "None", "depreciationAndAmortization": "456833000", "incomeBeforeTax": "309085000", "incomeTaxExpense": "167169000", "interestAndDebtExpense": "None", "netIncomeFromContinuingOperations": "0", "comprehensiveIncomeNetOfTax": "None", "ebit": "534812000", "ebitda": "991645000", "netIncome": "141916000"}, {"fiscalDateEnding": "2008-12-31", "reportedCurrency": "USD", "grossProfit": "2064672000", "totalRevenue": "3802404000", "costOfRevenue": "1737732000", "costofGoodsAndServicesSold": "1737732000", "operatingIncome": "469147000", "sellingGeneralAndAdministrative": "0", "researchAndDevelopment": "0", "operatingExpenses": "1595525000", "investmentIncomeNet": "None", "netInterestIncome": "None", "interestIncome": "None", "interestExpense": "200877000", "nonInterestIncome": "None", "otherNonOperatingIncome": "None", "depreciation": "None", "depreciationAndAmortization": "438304000", "incomeBeforeTax": "263373000", "incomeTaxExpense": "77395000", "interestAndDebtExpense": "None", "netIncomeFromContinuingOperations": "0", "comprehensiveIncomeNetOfTax": "None", "ebit": "464250000", "ebitda": "902554000", "netIncome": "185978000"}, {"fiscalDateEnding": "2008-09-30", "reportedCurrency": "USD", "grossProfit": "2895412000", "totalRevenue": "5426499000", "costOfRevenue": "2531087000", "costofGoodsAndServicesSold": "2531087000", "operatingIncome": "1404696000", "sellingGeneralAndAdministrative": "0", "researchAndDevelopment": "0", "operatingExpenses": "1490716000", "investmentIncomeNet": "None", "netInterestIncome": "None", "interestIncome": "None", "interestExpense": "219067000", "nonInterestIncome": "None", "otherNonOperatingIncome": "None", "depreciation": "None", "depreciationAndAmortization": "433905000", "incomeBeforeTax": "1214951000", "incomeTaxExpense": "434515000", "interestAndDebtExpense": "None", "netIncomeFromContinuingOperations": "0", "comprehensiveIncomeNetOfTax": "None", "ebit": "1450213000", "ebitda": "1884118000", "netIncome": "796631000"}, {"fiscalDateEnding": "2008-06-30", "reportedCurrency": "USD", "grossProfit": "2395853000", "totalRevenue": "4215187000", "costOfRevenue": "1819334000", "costofGoodsAndServicesSold": "1819334000", "operatingIncome": "924068000", "sellingGeneralAndAdministrative": "0", "researchAndDevelopment": "0", "operatingExpenses": "1471785000", "investmentIncomeNet": "None", "netInterestIncome": "None", "interestIncome": "None", "interestExpense": "228947000", "nonInterestIncome": "None", "otherNonOperatingIncome": "None", "depreciation": "None", "depreciationAndAmortization": "424101000", "incomeBeforeTax": "641334000", "incomeTaxExpense": "224952000", "interestAndDebtExpense": "None", "netIncomeFromContinuingOperations": "0", "comprehensiveIncomeNetOfTax": "None", "ebit": "886477000", "ebitda": "1310578000", "netIncome": "432577000"}, {"fiscalDateEnding": "2008-03-31", "reportedCurrency": "USD", "grossProfit": "2138063000", "totalRevenue": "3682910000", "costOfRevenue": "1544847000", "costofGoodsAndServicesSold": "1544847000", "operatingIncome": "708089000", "sellingGeneralAndAdministrative": "0", "researchAndDevelopment": "0", "operatingExpenses": "1429974000", "investmentIncomeNet": "None", "netInterestIncome": "None", "interestIncome": "None", "interestExpense": "217109000", "nonInterestIncome": "None", "otherNonOperatingIncome": "None", "depreciation": "None", "depreciationAndAmortization": "407690000", "incomeBeforeTax": "537342000", "incomeTaxExpense": "178138000", "interestAndDebtExpense": "None", "netIncomeFromContinuingOperations": "0", "comprehensiveIncomeNetOfTax": "None", "ebit": "770645000", "ebitda": "1178335000", "netIncome": "375399000"}, {"fiscalDateEnding": "2007-12-31", "reportedCurrency": "USD", "grossProfit": "1927776000", "totalRevenue": "3340360000", "costOfRevenue": "1412584000", "costofGoodsAndServicesSold": "1412584000", "operatingIncome": "409033000", "sellingGeneralAndAdministrative": "0", "researchAndDevelopment": "0", "operatingExpenses": "1518743000", "investmentIncomeNet": "None", "netInterestIncome": "None", "interestIncome": "None", "interestExpense": "212788000", "nonInterestIncome": "None", "otherNonOperatingIncome": "None", "depreciation": "None", "depreciationAndAmortization": "377525000", "incomeBeforeTax": "232739000", "incomeTaxExpense": "28576000", "interestAndDebtExpense": "None", "netIncomeFromContinuingOperations": "0", "comprehensiveIncomeNetOfTax": "None", "ebit": "445527000", "ebitda": "823052000", "netIncome": "204163000"}, {"fiscalDateEnding": "2007-09-30", "reportedCurrency": "USD", "grossProfit": "2811861000", "totalRevenue": "4832043000", "costOfRevenue": "2020182000", "costofGoodsAndServicesSold": "2020182000", "operatingIncome": "1381583000", "sellingGeneralAndAdministrative": "0", "researchAndDevelopment": "0", "operatingExpenses": "1430278000", "investmentIncomeNet": "None", "netInterestIncome": "None", "interestIncome": "None", "interestExpense": "232786000", "nonInterestIncome": "None", "otherNonOperatingIncome": "None", "depreciation": "None", "depreciationAndAmortization": "375964000", "incomeBeforeTax": "1207254000", "incomeTaxExpense": "445259000", "interestAndDebtExpense": "None", "netIncomeFromContinuingOperations": "0", "comprehensiveIncomeNetOfTax": "None", "ebit": "1440040000", "ebitda": "1816004000", "netIncome": "761995000"}, {"fiscalDateEnding": "2007-06-30", "reportedCurrency": "USD", "grossProfit": "2214286000", "totalRevenue": "3771928000", "costOfRevenue": "1557642000", "costofGoodsAndServicesSold": "1557642000", "operatingIncome": "844057000", "sellingGeneralAndAdministrative": "0", "researchAndDevelopment": "0", "operatingExpenses": "1370229000", "investmentIncomeNet": "None", "netInterestIncome": "None", "interestIncome": "None", "interestExpense": "222575000", "nonInterestIncome": "None", "otherNonOperatingIncome": "None", "depreciation": "None", "depreciationAndAmortization": "368608000", "incomeBeforeTax": "634734000", "incomeTaxExpense": "205581000", "interestAndDebtExpense": "None", "netIncomeFromContinuingOperations": "0", "comprehensiveIncomeNetOfTax": "None", "ebit": "857310000", "ebitda": "1225918000", "netIncome": "429153000"}, {"fiscalDateEnding": "2007-03-31", "reportedCurrency": "USD", "grossProfit": "2028077000", "totalRevenue": "3408669000", "costOfRevenue": "1380592000", "costofGoodsAndServicesSold": "1380592000", "operatingIncome": "691327000", "sellingGeneralAndAdministrative": "0", "researchAndDevelopment": "0", "operatingExpenses": "1336750000", "investmentIncomeNet": "None", "netInterestIncome": "None", "interestIncome": "None", "interestExpense": "194023000000", "nonInterestIncome": "None", "otherNonOperatingIncome": "None", "depreciation": "None", "depreciationAndAmortization": "363903000", "incomeBeforeTax": "494273000", "incomeTaxExpense": "155584000", "interestAndDebtExpense": "None", "netIncomeFromContinuingOperations": "0", "comprehensiveIncomeNetOfTax": "None", "ebit": "691327000", "ebitda": "1055230000", "netIncome": "338689000"}, {"fiscalDateEnding": "2006-12-31", "reportedCurrency": "USD", "grossProfit": "1921245000", "totalRevenue": "3151859000", "costOfRevenue": "1230614000", "costofGoodsAndServicesSold": "1230614000", "operatingIncome": "468929000", "sellingGeneralAndAdministrative": "0", "researchAndDevelopment": "0", "operatingExpenses": "1452316000", "investmentIncomeNet": "None", "netInterestIncome": "None", "interestIncome": "None", "interestExpense": "231922000", "nonInterestIncome": "None", "otherNonOperatingIncome": "None", "depreciation": "None", "depreciationAndAmortization": "361433000", "incomeBeforeTax": "234671000", "incomeTaxExpense": "46398000", "interestAndDebtExpense": "None", "netIncomeFromContinuingOperations": "0", "comprehensiveIncomeNetOfTax": "None", "ebit": "466593000", "ebitda": "828026000", "netIncome": "188185000"}, {"fiscalDateEnding": "2006-09-30", "reportedCurrency": "USD", "grossProfit": "2684441000", "totalRevenue": "4549378000", "costOfRevenue": "1864937000", "costofGoodsAndServicesSold": "1864937000", "operatingIncome": "1357713000", "sellingGeneralAndAdministrative": "0", "researchAndDevelopment": "0", "operatingExpenses": "1326728000", "investmentIncomeNet": "None", "netInterestIncome": "None", "interestIncome": "None", "interestExpense": "215739000", "nonInterestIncome": "None", "otherNonOperatingIncome": "None", "depreciation": "None", "depreciationAndAmortization": "363519000", "incomeBeforeTax": "1143414000", "incomeTaxExpense": "405331000", "interestAndDebtExpense": "None", "netIncomeFromContinuingOperations": "0", "comprehensiveIncomeNetOfTax": "None", "ebit": "1358993000", "ebitda": "1722512000", "netIncome": "737985000"}, {"fiscalDateEnding": "2006-06-30", "reportedCurrency": "USD", "grossProfit": "2145010000", "totalRevenue": "3591503000", "costOfRevenue": "1446493000", "costofGoodsAndServicesSold": "1446493000", "operatingIncome": "791791000", "sellingGeneralAndAdministrative": "0", "researchAndDevelopment": "0", "operatingExpenses": "1353219000", "investmentIncomeNet": "None", "netInterestIncome": "None", "interestIncome": "None", "interestExpense": "211335000", "nonInterestIncome": "None", "otherNonOperatingIncome": "None", "depreciation": "None", "depreciationAndAmortization": "344102000", "incomeBeforeTax": "609779000", "incomeTaxExpense": "222249000", "interestAndDebtExpense": "None", "netIncomeFromContinuingOperations": "0", "comprehensiveIncomeNetOfTax": "None", "ebit": "771097000", "ebitda": "1115199000", "netIncome": "385223000"}, {"fiscalDateEnding": "2006-03-31", "reportedCurrency": "USD", "grossProfit": "1910304000", "totalRevenue": "3063260000", "costOfRevenue": "1152956000", "costofGoodsAndServicesSold": "1152956000", "operatingIncome": "590293000", "sellingGeneralAndAdministrative": "0", "researchAndDevelopment": "0", "operatingExpenses": "1320011000", "investmentIncomeNet": "None", "netInterestIncome": "None", "interestIncome": "None", "interestExpense": "176375000", "nonInterestIncome": "None", "otherNonOperatingIncome": "None", "depreciation": "None", "depreciationAndAmortization": "351946000", "incomeBeforeTax": "367136000", "incomeTaxExpense": "107022000", "interestAndDebtExpense": "None", "netIncomeFromContinuingOperations": "0", "comprehensiveIncomeNetOfTax": "None", "ebit": "590293000", "ebitda": "942239000", "netIncome": "261607000"}, {"fiscalDateEnding": "2005-12-31", "reportedCurrency": "USD", "grossProfit": "1876918000", "totalRevenue": "3167461000", "costOfRevenue": "1290543000", "costofGoodsAndServicesSold": "1290543000", "operatingIncome": "412270000", "sellingGeneralAndAdministrative": "0", "researchAndDevelopment": "0", "operatingExpenses": "1464648000", "investmentIncomeNet": "None", "netInterestIncome": "None", "interestIncome": "None", "interestExpense": "195831000", "nonInterestIncome": "None", "otherNonOperatingIncome": "None", "depreciation": "None", "depreciationAndAmortization": "347127000", "incomeBeforeTax": "183643000", "incomeTaxExpense": "24628000", "interestAndDebtExpense": "None", "netIncomeFromContinuingOperations": "0", "comprehensiveIncomeNetOfTax": "None", "ebit": "412851000", "ebitda": "759978000", "netIncome": "159015000"}, {"fiscalDateEnding": "2005-09-30", "reportedCurrency": "USD", "grossProfit": "2597938000", "totalRevenue": "4377644000", "costOfRevenue": "1779706000", "costofGoodsAndServicesSold": "1779706000", "operatingIncome": "1262553000", "sellingGeneralAndAdministrative": "0", "researchAndDevelopment": "0", "operatingExpenses": "1335385000", "investmentIncomeNet": "None", "netInterestIncome": "None", "interestIncome": "None", "interestExpense": "194106000", "nonInterestIncome": "None", "otherNonOperatingIncome": "None", "depreciation": "None", "depreciationAndAmortization": "363668000", "incomeBeforeTax": "1068066000", "incomeTaxExpense": "345862000", "interestAndDebtExpense": "None", "netIncomeFromContinuingOperations": "0", "comprehensiveIncomeNetOfTax": "None", "ebit": "1276586000", "ebitda": "1640254000", "netIncome": "722204000"}, {"fiscalDateEnding": "2005-06-30", "reportedCurrency": "USD", "grossProfit": "2008284000", "totalRevenue": "3144435000", "costOfRevenue": "1136151000", "costofGoodsAndServicesSold": "1136151000", "operatingIncome": "718115000", "sellingGeneralAndAdministrative": "0", "researchAndDevelopment": "0", "operatingExpenses": "1290169000", "investmentIncomeNet": "None", "netInterestIncome": "None", "interestIncome": "None", "interestExpense": "154216000", "nonInterestIncome": "None", "otherNonOperatingIncome": "None", "depreciation": "None", "depreciationAndAmortization": "344134000", "incomeBeforeTax": "532008000", "incomeTaxExpense": "145187000", "interestAndDebtExpense": "None", "netIncomeFromContinuingOperations": "0", "comprehensiveIncomeNetOfTax": "None", "ebit": "721390000", "ebitda": "1065524000", "netIncome": "386821000"}, {"fiscalDateEnding": "2005-03-31", "reportedCurrency": "USD", "grossProfit": "1844860000", "totalRevenue": "2864460000", "costOfRevenue": "1019600000", "costofGoodsAndServicesSold": "1019600000", "operatingIncome": "569062000", "sellingGeneralAndAdministrative": "0", "researchAndDevelopment": "0", "operatingExpenses": "1275798000", "investmentIncomeNet": "None", "netInterestIncome": "None", "interestIncome": "None", "interestExpense": "138986000", "nonInterestIncome": "None", "otherNonOperatingIncome": "None", "depreciation": "None", "depreciationAndAmortization": "343071000", "incomeBeforeTax": "402283000", "incomeTaxExpense": "79323000", "interestAndDebtExpense": "None", "netIncomeFromContinuingOperations": "0", "comprehensiveIncomeNetOfTax": "None", "ebit": "559679000", "ebitda": "902750000", "netIncome": "322960000"}, {"fiscalDateEnding": "2004-12-31", "reportedCurrency": "USD", "grossProfit": "-529177000", "totalRevenue": "2719985000", "costOfRevenue": "3249162000", "costofGoodsAndServicesSold": "3249162000", "operatingIncome": "395981000", "sellingGeneralAndAdministrative": "0", "researchAndDevelopment": "0", "operatingExpenses": "-925158000", "investmentIncomeNet": "None", "netInterestIncome": "None", "interestIncome": "None", "interestExpense": "169946000", "nonInterestIncome": "None", "otherNonOperatingIncome": "None", "depreciation": "None", "depreciationAndAmortization": "311161000", "incomeBeforeTax": "203563000", "incomeTaxExpense": "-690000", "interestAndDebtExpense": "None", "netIncomeFromContinuingOperations": "0", "comprehensiveIncomeNetOfTax": "None", "ebit": "327981000", "ebitda": "639142000", "netIncome": "204253000"}]}