{"symbol": "NDAQ", "annualReports": [{"fiscalDateEnding": "2024-12-31", "reportedCurrency": "USD", "grossProfit": "5964000000", "totalRevenue": "7400000000", "costOfRevenue": "1436000000", "costofGoodsAndServicesSold": "1436000000", "operatingIncome": "1798000000", "sellingGeneralAndAdministrative": "109000000", "researchAndDevelopment": "None", "operatingExpenses": "1415000000", "investmentIncomeNet": "None", "netInterestIncome": "-386000000", "interestIncome": "28000000", "interestExpense": "398000000", "nonInterestIncome": "None", "otherNonOperatingIncome": "None", "depreciation": "None", "depreciationAndAmortization": "613000000", "incomeBeforeTax": "1449000000", "incomeTaxExpense": "334000000", "interestAndDebtExpense": "None", "netIncomeFromContinuingOperations": "1115000000", "comprehensiveIncomeNetOfTax": "None", "ebit": "1847000000", "ebitda": "2460000000", "netIncome": "1117000000"}, {"fiscalDateEnding": "2023-12-31", "reportedCurrency": "USD", "grossProfit": "3895000000", "totalRevenue": "6064000000", "costOfRevenue": "2169000000", "costofGoodsAndServicesSold": "2169000000", "operatingIncome": "1578000000", "sellingGeneralAndAdministrative": "370000000", "researchAndDevelopment": "0.23", "operatingExpenses": "2317000000", "investmentIncomeNet": "None", "netInterestIncome": "-117000000", "interestIncome": "90000000", "interestExpense": "272000000", "nonInterestIncome": "None", "otherNonOperatingIncome": "None", "depreciation": "None", "depreciationAndAmortization": "323000000", "incomeBeforeTax": "1401000000", "incomeTaxExpense": "344000000", "interestAndDebtExpense": "None", "netIncomeFromContinuingOperations": "1101000000", "comprehensiveIncomeNetOfTax": "None", "ebit": "1673000000", "ebitda": "1996000000", "netIncome": "1059000000"}, {"fiscalDateEnding": "2022-12-31", "reportedCurrency": "USD", "grossProfit": "2579000000", "totalRevenue": "6226000000", "costOfRevenue": "3647000000", "costofGoodsAndServicesSold": "3647000000", "operatingIncome": "1564000000", "sellingGeneralAndAdministrative": "576000000", "researchAndDevelopment": "0.24", "operatingExpenses": "918000000", "investmentIncomeNet": "None", "netInterestIncome": "-122000000", "interestIncome": "7000000", "interestExpense": "120000000", "nonInterestIncome": "None", "otherNonOperatingIncome": "40000000", "depreciation": "None", "depreciationAndAmortization": "4549000000", "incomeBeforeTax": "1475000000", "incomeTaxExpense": "352000000", "interestAndDebtExpense": "None", "netIncomeFromContinuingOperations": "1123000000", "comprehensiveIncomeNetOfTax": "None", "ebit": "-2597000000", "ebitda": "1952000000", "netIncome": "1125000000"}, {"fiscalDateEnding": "2021-12-31", "reportedCurrency": "USD", "grossProfit": "2482000000", "totalRevenue": "5886000000", "costOfRevenue": "3404000000", "costofGoodsAndServicesSold": "3404000000", "operatingIncome": "1441000000", "sellingGeneralAndAdministrative": "588000000", "researchAndDevelopment": "0.26", "operatingExpenses": "923000000", "investmentIncomeNet": "None", "netInterestIncome": "-124000000", "interestIncome": "1000000", "interestExpense": "125000000", "nonInterestIncome": "None", "otherNonOperatingIncome": "218000000", "depreciation": "None", "depreciationAndAmortization": "4294000000", "incomeBeforeTax": "1534000000", "incomeTaxExpense": "347000000", "interestAndDebtExpense": "None", "netIncomeFromContinuingOperations": "1187000000", "comprehensiveIncomeNetOfTax": "None", "ebit": "-2393000000", "ebitda": "1901000000", "netIncome": "1187000000"}, {"fiscalDateEnding": "2020-12-31", "reportedCurrency": "USD", "grossProfit": "2117000000", "totalRevenue": "5627000000", "costOfRevenue": "3510000000", "costofGoodsAndServicesSold": "3510000000", "operatingIncome": "1234000000", "sellingGeneralAndAdministrative": "561000000", "researchAndDevelopment": "0.22", "operatingExpenses": "802000000", "investmentIncomeNet": "None", "netInterestIncome": "-97000000", "interestIncome": "4000000", "interestExpense": "101000000", "nonInterestIncome": "None", "otherNonOperatingIncome": "79000000", "depreciation": "None", "depreciationAndAmortization": "4288000000", "incomeBeforeTax": "1212000000", "incomeTaxExpense": "279000000", "interestAndDebtExpense": "None", "netIncomeFromContinuingOperations": "933000000", "comprehensiveIncomeNetOfTax": "None", "ebit": "-2741000000", "ebitda": "1547000000", "netIncome": "933000000"}, {"fiscalDateEnding": "2019-12-31", "reportedCurrency": "USD", "grossProfit": "1828000000", "totalRevenue": "4262000000", "costOfRevenue": "2434000000", "costofGoodsAndServicesSold": "2434000000", "operatingIncome": "1017000000", "sellingGeneralAndAdministrative": "513000000", "researchAndDevelopment": "None", "operatingExpenses": "742000000", "investmentIncomeNet": "None", "netInterestIncome": "-114000000", "interestIncome": "10000000", "interestExpense": "124000000", "nonInterestIncome": "None", "otherNonOperatingIncome": "126000000", "depreciation": "None", "depreciationAndAmortization": "358000000", "incomeBeforeTax": "1019000000", "incomeTaxExpense": "245000000", "interestAndDebtExpense": "None", "netIncomeFromContinuingOperations": "774000000", "comprehensiveIncomeNetOfTax": "None", "ebit": "1017000000", "ebitda": "1375000000", "netIncome": "774000000"}, {"fiscalDateEnding": "2018-12-31", "reportedCurrency": "USD", "grossProfit": "1814000000", "totalRevenue": "4277000000", "costOfRevenue": "2463000000", "costofGoodsAndServicesSold": "2463000000", "operatingIncome": "1028000000", "sellingGeneralAndAdministrative": "518000000", "researchAndDevelopment": "0", "operatingExpenses": "765000000", "investmentIncomeNet": "None", "netInterestIncome": "-140000000", "interestIncome": "10000000", "interestExpense": "150000000", "nonInterestIncome": "None", "otherNonOperatingIncome": "186000000", "depreciation": "None", "depreciationAndAmortization": "210000000", "incomeBeforeTax": "1064000000", "incomeTaxExpense": "606000000", "interestAndDebtExpense": "None", "netIncomeFromContinuingOperations": "458000000", "comprehensiveIncomeNetOfTax": "None", "ebit": "1077000000", "ebitda": "1287000000", "netIncome": "458000000"}, {"fiscalDateEnding": "2017-12-31", "reportedCurrency": "USD", "grossProfit": "1753000000", "totalRevenue": "3965000000", "costOfRevenue": "2212000000", "costofGoodsAndServicesSold": "2212000000", "operatingIncome": "999000000", "sellingGeneralAndAdministrative": "491000000", "researchAndDevelopment": "0", "operatingExpenses": "710000000", "investmentIncomeNet": "None", "netInterestIncome": "-136000000", "interestIncome": "7000000", "interestExpense": "143000000", "nonInterestIncome": "None", "otherNonOperatingIncome": "24000000", "depreciation": "None", "depreciationAndAmortization": "188000000", "incomeBeforeTax": "880000000", "incomeTaxExpense": "146000000", "interestAndDebtExpense": "None", "netIncomeFromContinuingOperations": "734000000", "comprehensiveIncomeNetOfTax": "None", "ebit": "1065000000", "ebitda": "1253000000", "netIncome": "734000000"}, {"fiscalDateEnding": "2016-12-31", "reportedCurrency": "USD", "grossProfit": "1613000000", "totalRevenue": "3705000000", "costOfRevenue": "2092000000", "costofGoodsAndServicesSold": "2092000000", "operatingIncome": "839000000", "sellingGeneralAndAdministrative": "457000000", "researchAndDevelopment": "0", "operatingExpenses": "657000000", "investmentIncomeNet": "None", "netInterestIncome": "-130000000", "interestIncome": "5000000", "interestExpense": "135000000", "nonInterestIncome": "None", "otherNonOperatingIncome": "10000000", "depreciation": "None", "depreciationAndAmortization": "170000000", "incomeBeforeTax": "136000000", "incomeTaxExpense": "28000000", "interestAndDebtExpense": "None", "netIncomeFromContinuingOperations": "108000000", "comprehensiveIncomeNetOfTax": "None", "ebit": "963000000", "ebitda": "1133000000", "netIncome": "108000000"}, {"fiscalDateEnding": "2015-12-31", "reportedCurrency": "USD", "grossProfit": "1500000000", "totalRevenue": "3403000000", "costOfRevenue": "1903000000", "costofGoodsAndServicesSold": "1903000000", "operatingIncome": "720000000", "sellingGeneralAndAdministrative": "432000000", "researchAndDevelopment": "0", "operatingExpenses": "598000000", "investmentIncomeNet": "None", "netInterestIncome": "None", "interestIncome": "90000000", "interestExpense": "111000000", "nonInterestIncome": "None", "otherNonOperatingIncome": "21000000", "depreciation": "None", "depreciationAndAmortization": "138000000", "incomeBeforeTax": "630000000", "incomeTaxExpense": "203000000", "interestAndDebtExpense": "None", "netIncomeFromContinuingOperations": "427000000", "comprehensiveIncomeNetOfTax": "None", "ebit": "923000000", "ebitda": "1061000000", "netIncome": "428000000"}, {"fiscalDateEnding": "2014-12-31", "reportedCurrency": "USD", "grossProfit": "1479000000", "totalRevenue": "3500000000", "costOfRevenue": "2021000000", "costofGoodsAndServicesSold": "2021000000", "operatingIncome": "754000000", "sellingGeneralAndAdministrative": "475000000", "researchAndDevelopment": "0", "operatingExpenses": "644000000", "investmentIncomeNet": "None", "netInterestIncome": "None", "interestIncome": "None", "interestExpense": "117000000", "nonInterestIncome": "None", "otherNonOperatingIncome": "6000000", "depreciation": "None", "depreciationAndAmortization": "137000000", "incomeBeforeTax": "594000000", "incomeTaxExpense": "181000000", "interestAndDebtExpense": "None", "netIncomeFromContinuingOperations": "413000000", "comprehensiveIncomeNetOfTax": "None", "ebit": "841000000", "ebitda": "978000000", "netIncome": "414000000"}, {"fiscalDateEnding": "2013-12-31", "reportedCurrency": "USD", "grossProfit": "1356000000", "totalRevenue": "3211000000", "costOfRevenue": "1855000000", "costofGoodsAndServicesSold": "1855000000", "operatingIncome": "688000000", "sellingGeneralAndAdministrative": "441000000", "researchAndDevelopment": "0", "operatingExpenses": "593000000", "investmentIncomeNet": "None", "netInterestIncome": "None", "interestIncome": "None", "interestExpense": "111000000", "nonInterestIncome": "None", "otherNonOperatingIncome": "37000000", "depreciation": "None", "depreciationAndAmortization": "122000000", "incomeBeforeTax": "600000000", "incomeTaxExpense": "216000000", "interestAndDebtExpense": "None", "netIncomeFromContinuingOperations": "384000000", "comprehensiveIncomeNetOfTax": "None", "ebit": "770000000", "ebitda": "892000000", "netIncome": "385000000"}, {"fiscalDateEnding": "2012-12-31", "reportedCurrency": "USD", "grossProfit": "1209000000", "totalRevenue": "3119000000", "costOfRevenue": "1910000000", "costofGoodsAndServicesSold": "1910000000", "operatingIncome": "690000000", "sellingGeneralAndAdministrative": "341000000", "researchAndDevelopment": "0", "operatingExpenses": "471000000", "investmentIncomeNet": "None", "netInterestIncome": "None", "interestIncome": "None", "interestExpense": "97000000", "nonInterestIncome": "None", "otherNonOperatingIncome": "-5000000", "depreciation": "None", "depreciationAndAmortization": "104000000", "incomeBeforeTax": "548000000", "incomeTaxExpense": "199000000", "interestAndDebtExpense": "None", "netIncomeFromContinuingOperations": "349000000", "comprehensiveIncomeNetOfTax": "None", "ebit": "747000000", "ebitda": "851000000", "netIncome": "352000000"}, {"fiscalDateEnding": "2011-12-31", "reportedCurrency": "USD", "grossProfit": "1690000000", "totalRevenue": "3438000000", "costOfRevenue": "1748000000", "costofGoodsAndServicesSold": "1748000000", "operatingIncome": "696000000", "sellingGeneralAndAdministrative": "823000000", "researchAndDevelopment": "0", "operatingExpenses": "956000000", "investmentIncomeNet": "None", "netInterestIncome": "None", "interestIncome": "None", "interestExpense": "119000000", "nonInterestIncome": "None", "otherNonOperatingIncome": "-4000000", "depreciation": "None", "depreciationAndAmortization": "109000000", "incomeBeforeTax": "573000000", "incomeTaxExpense": "190000000", "interestAndDebtExpense": "None", "netIncomeFromContinuingOperations": "383000000", "comprehensiveIncomeNetOfTax": "None", "ebit": "747000000", "ebitda": "856000000", "netIncome": "387000000"}, {"fiscalDateEnding": "2010-12-31", "reportedCurrency": "USD", "grossProfit": "1522000000", "totalRevenue": "3197000000", "costOfRevenue": "1675000000", "costofGoodsAndServicesSold": "1675000000", "operatingIncome": "631000000", "sellingGeneralAndAdministrative": "764000000", "researchAndDevelopment": "0", "operatingExpenses": "887000000", "investmentIncomeNet": "None", "netInterestIncome": "None", "interestIncome": "None", "interestExpense": "102000000", "nonInterestIncome": "None", "otherNonOperatingIncome": "-3000000", "depreciation": "None", "depreciationAndAmortization": "103000000", "incomeBeforeTax": "526000000", "incomeTaxExpense": "137000000", "interestAndDebtExpense": "None", "netIncomeFromContinuingOperations": "526000000", "comprehensiveIncomeNetOfTax": "None", "ebit": "646000000", "ebitda": "749000000", "netIncome": "395000000"}, {"fiscalDateEnding": "2009-12-31", "reportedCurrency": "USD", "grossProfit": "1453000000", "totalRevenue": "3409000000", "costOfRevenue": "1956000000", "costofGoodsAndServicesSold": "1956000000", "operatingIncome": "603000000", "sellingGeneralAndAdministrative": "682000000", "researchAndDevelopment": "None", "operatingExpenses": "801000000", "investmentIncomeNet": "None", "netInterestIncome": "None", "interestIncome": "None", "interestExpense": "102000000", "nonInterestIncome": "None", "otherNonOperatingIncome": "None", "depreciation": "None", "depreciationAndAmortization": "104000000", "incomeBeforeTax": "391000000", "incomeTaxExpense": "128000000", "interestAndDebtExpense": "None", "netIncomeFromContinuingOperations": "None", "comprehensiveIncomeNetOfTax": "None", "ebit": "665000000", "ebitda": "769000000", "netIncome": "266000000"}, {"fiscalDateEnding": "2008-12-31", "reportedCurrency": "USD", "grossProfit": "1460078000", "totalRevenue": "3648693000", "costOfRevenue": "2188615000", "costofGoodsAndServicesSold": "2188615000", "operatingIncome": "640185000", "sellingGeneralAndAdministrative": "683319000", "researchAndDevelopment": "None", "operatingExpenses": "794510000", "investmentIncomeNet": "None", "netInterestIncome": "None", "interestIncome": "None", "interestExpense": "0", "nonInterestIncome": "None", "otherNonOperatingIncome": "None", "depreciation": "None", "depreciationAndAmortization": "92578000", "incomeBeforeTax": "522164000", "incomeTaxExpense": "202284000", "interestAndDebtExpense": "None", "netIncomeFromContinuingOperations": "None", "comprehensiveIncomeNetOfTax": "None", "ebit": "755391000", "ebitda": "847969000", "netIncome": "319880000"}, {"fiscalDateEnding": "2007-12-31", "reportedCurrency": "USD", "grossProfit": "812239000", "totalRevenue": "2436592000", "costOfRevenue": "1624353000", "costofGoodsAndServicesSold": "1624353000", "operatingIncome": "365662000", "sellingGeneralAndAdministrative": "386865000", "researchAndDevelopment": "None", "operatingExpenses": "446577000", "investmentIncomeNet": "None", "netInterestIncome": "None", "interestIncome": "None", "interestExpense": "72863000", "nonInterestIncome": "None", "otherNonOperatingIncome": "None", "depreciation": "None", "depreciationAndAmortization": "38890000", "incomeBeforeTax": "793903000", "incomeTaxExpense": "275502000", "interestAndDebtExpense": "None", "netIncomeFromContinuingOperations": "None", "comprehensiveIncomeNetOfTax": "None", "ebit": "-97700000", "ebitda": "-58810000", "netIncome": "518401000"}, {"fiscalDateEnding": "2006-12-31", "reportedCurrency": "USD", "grossProfit": "687395000", "totalRevenue": "1657776000", "costOfRevenue": "970381000", "costofGoodsAndServicesSold": "970381000", "operatingIncome": "214089000", "sellingGeneralAndAdministrative": "381868000", "researchAndDevelopment": "None", "operatingExpenses": "473306000", "investmentIncomeNet": "None", "netInterestIncome": "None", "interestIncome": "None", "interestExpense": "91097000", "nonInterestIncome": "None", "otherNonOperatingIncome": "None", "depreciation": "None", "depreciationAndAmortization": "70916000", "incomeBeforeTax": "213145000", "incomeTaxExpense": "85252000", "interestAndDebtExpense": "None", "netIncomeFromContinuingOperations": "None", "comprehensiveIncomeNetOfTax": "None", "ebit": "149471000", "ebitda": "220387000", "netIncome": "127893000"}, {"fiscalDateEnding": "2005-12-31", "reportedCurrency": "USD", "grossProfit": "526011000", "totalRevenue": "879919000", "costOfRevenue": "353908000", "costofGoodsAndServicesSold": "353908000", "operatingIncome": "113663000", "sellingGeneralAndAdministrative": "294547000", "researchAndDevelopment": "None", "operatingExpenses": "412348000", "investmentIncomeNet": "None", "netInterestIncome": "None", "interestIncome": "None", "interestExpense": "20338000", "nonInterestIncome": "None", "otherNonOperatingIncome": "None", "depreciation": "None", "depreciationAndAmortization": "68344000", "incomeBeforeTax": "106262000", "incomeTaxExpense": "44572000", "interestAndDebtExpense": "None", "netIncomeFromContinuingOperations": "None", "comprehensiveIncomeNetOfTax": "None", "ebit": "155442000", "ebitda": "223786000", "netIncome": "61690000"}], "quarterlyReports": [{"fiscalDateEnding": "2024-12-31", "reportedCurrency": "USD", "grossProfit": "810000000", "totalRevenue": "2029000000", "costOfRevenue": "1219000000", "costofGoodsAndServicesSold": "1219000000", "operatingIncome": "517000000", "sellingGeneralAndAdministrative": "96000000", "researchAndDevelopment": "None", "operatingExpenses": "294000000", "investmentIncomeNet": "None", "netInterestIncome": "-93000000", "interestIncome": "8000000", "interestExpense": "97000000", "nonInterestIncome": "None", "otherNonOperatingIncome": "None", "depreciation": "None", "depreciationAndAmortization": "153000000", "incomeBeforeTax": "440000000", "incomeTaxExpense": "85000000", "interestAndDebtExpense": "None", "netIncomeFromContinuingOperations": "355000000", "comprehensiveIncomeNetOfTax": "None", "ebit": "536000000", "ebitda": "689000000", "netIncome": "355000000"}, {"fiscalDateEnding": "2024-09-30", "reportedCurrency": "USD", "grossProfit": "734000000", "totalRevenue": "1902000000", "costOfRevenue": "1168000000", "costofGoodsAndServicesSold": "1168000000", "operatingIncome": "448000000", "sellingGeneralAndAdministrative": "90000000", "researchAndDevelopment": "None", "operatingExpenses": "286000000", "investmentIncomeNet": "None", "netInterestIncome": "-94000000", "interestIncome": "8000000", "interestExpense": "98000000", "nonInterestIncome": "None", "otherNonOperatingIncome": "None", "depreciation": "None", "depreciationAndAmortization": "153000000", "incomeBeforeTax": "356000000", "incomeTaxExpense": "51000000", "interestAndDebtExpense": "None", "netIncomeFromContinuingOperations": "305000000", "comprehensiveIncomeNetOfTax": "None", "ebit": "480000000", "ebitda": "633000000", "netIncome": "306000000"}, {"fiscalDateEnding": "2024-06-30", "reportedCurrency": "USD", "grossProfit": "1006000000", "totalRevenue": "1792000000", "costOfRevenue": "786000000", "costofGoodsAndServicesSold": "786000000", "operatingIncome": "483000000", "sellingGeneralAndAdministrative": "96000000", "researchAndDevelopment": "None", "operatingExpenses": "261000000", "investmentIncomeNet": "None", "netInterestIncome": "-96000000", "interestIncome": "6000000", "interestExpense": "99000000", "nonInterestIncome": "None", "otherNonOperatingIncome": "None", "depreciation": "None", "depreciationAndAmortization": "153000000", "incomeBeforeTax": "341000000", "incomeTaxExpense": "119000000", "interestAndDebtExpense": "None", "netIncomeFromContinuingOperations": "222000000", "comprehensiveIncomeNetOfTax": "None", "ebit": "501000000", "ebitda": "654000000", "netIncome": "222000000"}, {"fiscalDateEnding": "2024-03-31", "reportedCurrency": "USD", "grossProfit": "962000000", "totalRevenue": "1674000000", "costOfRevenue": "712000000", "costofGoodsAndServicesSold": "712000000", "operatingIncome": "445000000", "sellingGeneralAndAdministrative": "90000000", "researchAndDevelopment": "None", "operatingExpenses": "517000000", "investmentIncomeNet": "None", "netInterestIncome": "-102000000", "interestIncome": "6000000", "interestExpense": "103000000", "nonInterestIncome": "None", "otherNonOperatingIncome": "None", "depreciation": "None", "depreciationAndAmortization": "155000000", "incomeBeforeTax": "312000000", "incomeTaxExpense": "79000000", "interestAndDebtExpense": "None", "netIncomeFromContinuingOperations": "233000000", "comprehensiveIncomeNetOfTax": "None", "ebit": "455000000", "ebitda": "610000000", "netIncome": "234000000"}, {"fiscalDateEnding": "2023-12-31", "reportedCurrency": "USD", "grossProfit": "1313000000", "totalRevenue": "1648000000", "costOfRevenue": "335000000", "costofGoodsAndServicesSold": "335000000", "operatingIncome": "352000000", "sellingGeneralAndAdministrative": "52000000", "researchAndDevelopment": "None", "operatingExpenses": "430000000", "investmentIncomeNet": "None", "netInterestIncome": "-81000000", "interestIncome": "29000000", "interestExpense": "106000000", "nonInterestIncome": "None", "otherNonOperatingIncome": "None", "depreciation": "None", "depreciationAndAmortization": "125000000", "incomeBeforeTax": "278000000", "incomeTaxExpense": "81000000", "interestAndDebtExpense": "None", "netIncomeFromContinuingOperations": "196000000", "comprehensiveIncomeNetOfTax": "None", "ebit": "488000000", "ebitda": "613000000", "netIncome": "197000000"}, {"fiscalDateEnding": "2023-09-30", "reportedCurrency": "USD", "grossProfit": "1163000000", "totalRevenue": "1451000000", "costOfRevenue": "288000000", "costofGoodsAndServicesSold": "288000000", "operatingIncome": "431000000", "sellingGeneralAndAdministrative": "26000000", "researchAndDevelopment": "None", "operatingExpenses": "221000000", "investmentIncomeNet": "None", "netInterestIncome": "-29000000", "interestIncome": "72000000", "interestExpense": "101000000", "nonInterestIncome": "None", "otherNonOperatingIncome": "None", "depreciation": "None", "depreciationAndAmortization": "64000000", "incomeBeforeTax": "391000000", "incomeTaxExpense": "97000000", "interestAndDebtExpense": "None", "netIncomeFromContinuingOperations": "294000000", "comprehensiveIncomeNetOfTax": "None", "ebit": "290000000", "ebitda": "354000000", "netIncome": "294000000"}, {"fiscalDateEnding": "2023-06-30", "reportedCurrency": "USD", "grossProfit": "664000000", "totalRevenue": "1433000000", "costOfRevenue": "769000000", "costofGoodsAndServicesSold": "769000000", "operatingIncome": "382000000", "sellingGeneralAndAdministrative": "140000000", "researchAndDevelopment": "None", "operatingExpenses": "223000000", "investmentIncomeNet": "None", "netInterestIncome": "-28000000", "interestIncome": "8000000", "interestExpense": "36000000", "nonInterestIncome": "None", "otherNonOperatingIncome": "-9000000", "depreciation": "None", "depreciationAndAmortization": "115000000", "incomeBeforeTax": "337000000", "incomeTaxExpense": "70000000", "interestAndDebtExpense": "None", "netIncomeFromContinuingOperations": "267000000", "comprehensiveIncomeNetOfTax": "None", "ebit": "382000000", "ebitda": "497000000", "netIncome": "267000000"}, {"fiscalDateEnding": "2023-03-31", "reportedCurrency": "USD", "grossProfit": "658000000", "totalRevenue": "1533000000", "costOfRevenue": "875000000", "costofGoodsAndServicesSold": "875000000", "operatingIncome": "412000000", "sellingGeneralAndAdministrative": "148000000", "researchAndDevelopment": "None", "operatingExpenses": "226000000", "investmentIncomeNet": "None", "netInterestIncome": "-30000000", "interestIncome": "6000000", "interestExpense": "36000000", "nonInterestIncome": "None", "otherNonOperatingIncome": "20000000", "depreciation": "None", "depreciationAndAmortization": "109000000", "incomeBeforeTax": "396000000", "incomeTaxExpense": "95000000", "interestAndDebtExpense": "None", "netIncomeFromContinuingOperations": "301000000", "comprehensiveIncomeNetOfTax": "None", "ebit": "412000000", "ebitda": "521000000", "netIncome": "302000000"}, {"fiscalDateEnding": "2022-12-31", "reportedCurrency": "USD", "grossProfit": "654000000", "totalRevenue": "1582000000", "costOfRevenue": "928000000", "costofGoodsAndServicesSold": "928000000", "operatingIncome": "349000000", "sellingGeneralAndAdministrative": "133000000", "researchAndDevelopment": "None", "operatingExpenses": "249000000", "investmentIncomeNet": "None", "netInterestIncome": "-29000000", "interestIncome": "4000000", "interestExpense": "31000000", "nonInterestIncome": "None", "otherNonOperatingIncome": "6000000", "depreciation": "None", "depreciationAndAmortization": "68000000", "incomeBeforeTax": "322000000", "incomeTaxExpense": "82000000", "interestAndDebtExpense": "None", "netIncomeFromContinuingOperations": "240000000", "comprehensiveIncomeNetOfTax": "None", "ebit": "349000000", "ebitda": "417000000", "netIncome": "241000000"}, {"fiscalDateEnding": "2022-09-30", "reportedCurrency": "USD", "grossProfit": "641000000", "totalRevenue": "1557000000", "costOfRevenue": "916000000", "costofGoodsAndServicesSold": "916000000", "operatingIncome": "398000000", "sellingGeneralAndAdministrative": "156000000", "researchAndDevelopment": "None", "operatingExpenses": "229000000", "investmentIncomeNet": "None", "netInterestIncome": "-30000000", "interestIncome": "2000000", "interestExpense": "30000000", "nonInterestIncome": "None", "otherNonOperatingIncome": "16000000", "depreciation": "None", "depreciationAndAmortization": "77000000", "incomeBeforeTax": "382000000", "incomeTaxExpense": "88000000", "interestAndDebtExpense": "None", "netIncomeFromContinuingOperations": "294000000", "comprehensiveIncomeNetOfTax": "None", "ebit": "398000000", "ebitda": "475000000", "netIncome": "294000000"}, {"fiscalDateEnding": "2022-06-30", "reportedCurrency": "USD", "grossProfit": "646000000", "totalRevenue": "1552000000", "costOfRevenue": "906000000", "costofGoodsAndServicesSold": "906000000", "operatingIncome": "412000000", "sellingGeneralAndAdministrative": "146000000", "researchAndDevelopment": "None", "operatingExpenses": "222000000", "investmentIncomeNet": "None", "netInterestIncome": "-32000000", "interestIncome": "0", "interestExpense": "30000000", "nonInterestIncome": "None", "otherNonOperatingIncome": "17000000", "depreciation": "None", "depreciationAndAmortization": "80000000", "incomeBeforeTax": "397000000", "incomeTaxExpense": "90000000", "interestAndDebtExpense": "None", "netIncomeFromContinuingOperations": "307000000", "comprehensiveIncomeNetOfTax": "None", "ebit": "412000000", "ebitda": "492000000", "netIncome": "307000000"}, {"fiscalDateEnding": "2022-03-31", "reportedCurrency": "USD", "grossProfit": "638000000", "totalRevenue": "1535000000", "costOfRevenue": "897000000", "costofGoodsAndServicesSold": "897000000", "operatingIncome": "405000000", "sellingGeneralAndAdministrative": "141000000", "researchAndDevelopment": "None", "operatingExpenses": "218000000", "investmentIncomeNet": "None", "netInterestIncome": "-32000000", "interestIncome": "0", "interestExpense": "29000000", "nonInterestIncome": "None", "otherNonOperatingIncome": "1000000", "depreciation": "None", "depreciationAndAmortization": "66000000", "incomeBeforeTax": "374000000", "incomeTaxExpense": "91000000", "interestAndDebtExpense": "None", "netIncomeFromContinuingOperations": "283000000", "comprehensiveIncomeNetOfTax": "None", "ebit": "405000000", "ebitda": "471000000", "netIncome": "284000000"}, {"fiscalDateEnding": "2021-12-31", "reportedCurrency": "USD", "grossProfit": "648000000", "totalRevenue": "1467000000", "costOfRevenue": "819000000", "costofGoodsAndServicesSold": "819000000", "operatingIncome": "343000000", "sellingGeneralAndAdministrative": "181000000", "researchAndDevelopment": "None", "operatingExpenses": "287000000", "investmentIncomeNet": "None", "netInterestIncome": "-31000000", "interestIncome": "0", "interestExpense": "28000000", "nonInterestIncome": "None", "otherNonOperatingIncome": "None", "depreciation": "None", "depreciationAndAmortization": "80000000", "incomeBeforeTax": "314000000", "incomeTaxExpense": "55000000", "interestAndDebtExpense": "None", "netIncomeFromContinuingOperations": "259000000", "comprehensiveIncomeNetOfTax": "None", "ebit": "343000000", "ebitda": "423000000", "netIncome": "259000000"}, {"fiscalDateEnding": "2021-09-30", "reportedCurrency": "USD", "grossProfit": "608000000", "totalRevenue": "1357000000", "costOfRevenue": "749000000", "costofGoodsAndServicesSold": "749000000", "operatingIncome": "356000000", "sellingGeneralAndAdministrative": "160000000", "researchAndDevelopment": "None", "operatingExpenses": "239000000", "investmentIncomeNet": "None", "netInterestIncome": "-33000000", "interestIncome": "0", "interestExpense": "30000000", "nonInterestIncome": "None", "otherNonOperatingIncome": "48000000", "depreciation": "None", "depreciationAndAmortization": "67000000", "incomeBeforeTax": "371000000", "incomeTaxExpense": "83000000", "interestAndDebtExpense": "None", "netIncomeFromContinuingOperations": "288000000", "comprehensiveIncomeNetOfTax": "None", "ebit": "400000000", "ebitda": "467000000", "netIncome": "288000000"}, {"fiscalDateEnding": "2021-06-30", "reportedCurrency": "USD", "grossProfit": "615000000", "totalRevenue": "1412000000", "costOfRevenue": "797000000", "costofGoodsAndServicesSold": "797000000", "operatingIncome": "376000000", "sellingGeneralAndAdministrative": "129000000", "researchAndDevelopment": "None", "operatingExpenses": "206000000", "investmentIncomeNet": "None", "netInterestIncome": "-33000000", "interestIncome": "0", "interestExpense": "33000000", "nonInterestIncome": "None", "otherNonOperatingIncome": "111000000", "depreciation": "None", "depreciationAndAmortization": "68000000", "incomeBeforeTax": "454000000", "incomeTaxExpense": "113000000", "interestAndDebtExpense": "None", "netIncomeFromContinuingOperations": "341000000", "comprehensiveIncomeNetOfTax": "None", "ebit": "436000000", "ebitda": "504000000", "netIncome": "341000000"}, {"fiscalDateEnding": "2021-03-31", "reportedCurrency": "USD", "grossProfit": "612000000", "totalRevenue": "1652000000", "costOfRevenue": "1040000000", "costofGoodsAndServicesSold": "1040000000", "operatingIncome": "365000000", "sellingGeneralAndAdministrative": "119000000", "researchAndDevelopment": "None", "operatingExpenses": "192000000", "investmentIncomeNet": "None", "netInterestIncome": "-28000000", "interestIncome": "1000000", "interestExpense": "29000000", "nonInterestIncome": "None", "otherNonOperatingIncome": "59000000", "depreciation": "None", "depreciationAndAmortization": "63000000", "incomeBeforeTax": "395000000", "incomeTaxExpense": "97000000", "interestAndDebtExpense": "None", "netIncomeFromContinuingOperations": "298000000", "comprehensiveIncomeNetOfTax": "None", "ebit": "479000000", "ebitda": "542000000", "netIncome": "298000000"}, {"fiscalDateEnding": "2020-12-31", "reportedCurrency": "USD", "grossProfit": "583000000", "totalRevenue": "1463000000", "costOfRevenue": "880000000", "costofGoodsAndServicesSold": "880000000", "operatingIncome": "318000000", "sellingGeneralAndAdministrative": "159000000", "researchAndDevelopment": "None", "operatingExpenses": "231000000", "investmentIncomeNet": "None", "netInterestIncome": "-24000000", "interestIncome": "0", "interestExpense": "24000000", "nonInterestIncome": "None", "otherNonOperatingIncome": "-27000000", "depreciation": "None", "depreciationAndAmortization": "53000000", "incomeBeforeTax": "267000000", "incomeTaxExpense": "43000000", "interestAndDebtExpense": "None", "netIncomeFromContinuingOperations": "225000000", "comprehensiveIncomeNetOfTax": "None", "ebit": "325000000", "ebitda": "378000000", "netIncome": "225000000"}, {"fiscalDateEnding": "2020-09-30", "reportedCurrency": "USD", "grossProfit": "517000000", "totalRevenue": "1414000000", "costOfRevenue": "897000000", "costofGoodsAndServicesSold": "897000000", "operatingIncome": "326000000", "sellingGeneralAndAdministrative": "121000000", "researchAndDevelopment": "None", "operatingExpenses": "179000000", "investmentIncomeNet": "None", "netInterestIncome": "-24000000", "interestIncome": "0", "interestExpense": "24000000", "nonInterestIncome": "None", "otherNonOperatingIncome": "55000000", "depreciation": "None", "depreciationAndAmortization": "51000000", "incomeBeforeTax": "357000000", "incomeTaxExpense": "93000000", "interestAndDebtExpense": "None", "netIncomeFromContinuingOperations": "264000000", "comprehensiveIncomeNetOfTax": "None", "ebit": "393000000", "ebitda": "444000000", "netIncome": "264000000"}, {"fiscalDateEnding": "2020-06-30", "reportedCurrency": "USD", "grossProfit": "510000000", "totalRevenue": "1398000000", "costOfRevenue": "888000000", "costofGoodsAndServicesSold": "888000000", "operatingIncome": "315000000", "sellingGeneralAndAdministrative": "124000000", "researchAndDevelopment": "None", "operatingExpenses": "178000000", "investmentIncomeNet": "None", "netInterestIncome": "-25000000", "interestIncome": "1000000", "interestExpense": "26000000", "nonInterestIncome": "None", "otherNonOperatingIncome": "27000000", "depreciation": "None", "depreciationAndAmortization": "50000000", "incomeBeforeTax": "316000000", "incomeTaxExpense": "75000000", "interestAndDebtExpense": "None", "netIncomeFromContinuingOperations": "241000000", "comprehensiveIncomeNetOfTax": "None", "ebit": "359000000", "ebitda": "409000000", "netIncome": "241000000"}, {"fiscalDateEnding": "2020-03-31", "reportedCurrency": "USD", "grossProfit": "506000000", "totalRevenue": "1353000000", "costOfRevenue": "847000000", "costofGoodsAndServicesSold": "847000000", "operatingIncome": "275000000", "sellingGeneralAndAdministrative": "155000000", "researchAndDevelopment": "None", "operatingExpenses": "212000000", "investmentIncomeNet": "None", "netInterestIncome": "-24000000", "interestIncome": "2000000", "interestExpense": "26000000", "nonInterestIncome": "None", "otherNonOperatingIncome": "24000000", "depreciation": "None", "depreciationAndAmortization": "48000000", "incomeBeforeTax": "273000000", "incomeTaxExpense": "70000000", "interestAndDebtExpense": "None", "netIncomeFromContinuingOperations": "203000000", "comprehensiveIncomeNetOfTax": "None", "ebit": "318000000", "ebitda": "366000000", "netIncome": "203000000"}, {"fiscalDateEnding": "2019-12-31", "reportedCurrency": "USD", "grossProfit": "457000000", "totalRevenue": "1065000000", "costOfRevenue": "608000000", "costofGoodsAndServicesSold": "608000000", "operatingIncome": "260000000", "sellingGeneralAndAdministrative": "126000000", "researchAndDevelopment": "None", "operatingExpenses": "183000000", "investmentIncomeNet": "None", "netInterestIncome": "-25000000", "interestIncome": "2000000", "interestExpense": "28000000", "nonInterestIncome": "None", "otherNonOperatingIncome": "19000000", "depreciation": "None", "depreciationAndAmortization": "47000000", "incomeBeforeTax": "252000000", "incomeTaxExpense": "50000000", "interestAndDebtExpense": "None", "netIncomeFromContinuingOperations": "203000000", "comprehensiveIncomeNetOfTax": "None", "ebit": "294000000", "ebitda": "341000000", "netIncome": "203000000"}, {"fiscalDateEnding": "2019-09-30", "reportedCurrency": "USD", "grossProfit": "457000000", "totalRevenue": "1096000000", "costOfRevenue": "639000000", "costofGoodsAndServicesSold": "639000000", "operatingIncome": "226000000", "sellingGeneralAndAdministrative": "136000000", "researchAndDevelopment": "None", "operatingExpenses": "191000000", "investmentIncomeNet": "None", "netInterestIncome": "-26000000", "interestIncome": "3000000", "interestExpense": "29000000", "nonInterestIncome": "None", "otherNonOperatingIncome": "18000000", "depreciation": "None", "depreciationAndAmortization": "47000000", "incomeBeforeTax": "215000000", "incomeTaxExpense": "65000000", "interestAndDebtExpense": "None", "netIncomeFromContinuingOperations": "150000000", "comprehensiveIncomeNetOfTax": "None", "ebit": "284000000", "ebitda": "331000000", "netIncome": "150000000"}, {"fiscalDateEnding": "2019-06-30", "reportedCurrency": "USD", "grossProfit": "454000000", "totalRevenue": "1061000000", "costOfRevenue": "607000000", "costofGoodsAndServicesSold": "607000000", "operatingIncome": "256000000", "sellingGeneralAndAdministrative": "135000000", "researchAndDevelopment": "None", "operatingExpenses": "193000000", "investmentIncomeNet": "None", "netInterestIncome": "-28000000", "interestIncome": "3000000", "interestExpense": "31000000", "nonInterestIncome": "None", "otherNonOperatingIncome": "14000000", "depreciation": "None", "depreciationAndAmortization": "48000000", "incomeBeforeTax": "239000000", "incomeTaxExpense": "65000000", "interestAndDebtExpense": "None", "netIncomeFromContinuingOperations": "174000000", "comprehensiveIncomeNetOfTax": "None", "ebit": "274000000", "ebitda": "322000000", "netIncome": "174000000"}, {"fiscalDateEnding": "2019-03-31", "reportedCurrency": "USD", "grossProfit": "459000000", "totalRevenue": "1039000000", "costOfRevenue": "580000000", "costofGoodsAndServicesSold": "580000000", "operatingIncome": "275000000", "sellingGeneralAndAdministrative": "117000000", "researchAndDevelopment": "None", "operatingExpenses": "175000000", "investmentIncomeNet": "None", "netInterestIncome": "-34000000", "interestIncome": "3000000", "interestExpense": "37000000", "nonInterestIncome": "None", "otherNonOperatingIncome": "75000000", "depreciation": "None", "depreciationAndAmortization": "48000000", "incomeBeforeTax": "313000000", "incomeTaxExpense": "66000000", "interestAndDebtExpense": "None", "netIncomeFromContinuingOperations": "247000000", "comprehensiveIncomeNetOfTax": "None", "ebit": "332000000", "ebitda": "380000000", "netIncome": "247000000"}, {"fiscalDateEnding": "2018-12-31", "reportedCurrency": "USD", "grossProfit": "466000000", "totalRevenue": "1136000000", "costOfRevenue": "670000000", "costofGoodsAndServicesSold": "670000000", "operatingIncome": "241000000", "sellingGeneralAndAdministrative": "149000000", "researchAndDevelopment": "0", "operatingExpenses": "211000000", "investmentIncomeNet": "None", "netInterestIncome": "None", "interestIncome": "None", "interestExpense": "37000000", "nonInterestIncome": "None", "otherNonOperatingIncome": "125000000", "depreciation": "None", "depreciationAndAmortization": "51000000", "incomeBeforeTax": "328000000", "incomeTaxExpense": "372000000", "interestAndDebtExpense": "None", "netIncomeFromContinuingOperations": "-44000000", "comprehensiveIncomeNetOfTax": "None", "ebit": "261000000", "ebitda": "312000000", "netIncome": "-44000000"}, {"fiscalDateEnding": "2018-09-30", "reportedCurrency": "USD", "grossProfit": "436000000", "totalRevenue": "964000000", "costOfRevenue": "528000000", "costofGoodsAndServicesSold": "528000000", "operatingIncome": "246000000", "sellingGeneralAndAdministrative": "124000000", "researchAndDevelopment": "0", "operatingExpenses": "184000000", "investmentIncomeNet": "None", "netInterestIncome": "None", "interestIncome": "None", "interestExpense": "38000000", "nonInterestIncome": "None", "otherNonOperatingIncome": "1000000", "depreciation": "None", "depreciationAndAmortization": "53000000", "incomeBeforeTax": "209000000", "incomeTaxExpense": "46000000", "interestAndDebtExpense": "None", "netIncomeFromContinuingOperations": "163000000", "comprehensiveIncomeNetOfTax": "None", "ebit": "261000000", "ebitda": "314000000", "netIncome": "163000000"}, {"fiscalDateEnding": "2018-06-30", "reportedCurrency": "USD", "grossProfit": "442000000", "totalRevenue": "1027000000", "costOfRevenue": "585000000", "costofGoodsAndServicesSold": "585000000", "operatingIncome": "269000000", "sellingGeneralAndAdministrative": "120000000", "researchAndDevelopment": "0", "operatingExpenses": "183000000", "investmentIncomeNet": "None", "netInterestIncome": "None", "interestIncome": "None", "interestExpense": "37000000", "nonInterestIncome": "None", "otherNonOperatingIncome": "56000000", "depreciation": "None", "depreciationAndAmortization": "53000000", "incomeBeforeTax": "288000000", "incomeTaxExpense": "126000000", "interestAndDebtExpense": "None", "netIncomeFromContinuingOperations": "162000000", "comprehensiveIncomeNetOfTax": "None", "ebit": "266000000", "ebitda": "319000000", "netIncome": "162000000"}, {"fiscalDateEnding": "2018-03-31", "reportedCurrency": "USD", "grossProfit": "469000000", "totalRevenue": "1151000000", "costOfRevenue": "682000000", "costofGoodsAndServicesSold": "682000000", "operatingIncome": "273000000", "sellingGeneralAndAdministrative": "124000000", "researchAndDevelopment": "0", "operatingExpenses": "186000000", "investmentIncomeNet": "None", "netInterestIncome": "None", "interestIncome": "None", "interestExpense": "38000000", "nonInterestIncome": "None", "otherNonOperatingIncome": "4000000", "depreciation": "None", "depreciationAndAmortization": "53000000", "incomeBeforeTax": "239000000", "incomeTaxExpense": "62000000", "interestAndDebtExpense": "None", "netIncomeFromContinuingOperations": "177000000", "comprehensiveIncomeNetOfTax": "None", "ebit": "287000000", "ebitda": "340000000", "netIncome": "177000000"}, {"fiscalDateEnding": "2017-12-31", "reportedCurrency": "USD", "grossProfit": "454000000", "totalRevenue": "1024000000", "costOfRevenue": "570000000", "costofGoodsAndServicesSold": "570000000", "operatingIncome": "243000000", "sellingGeneralAndAdministrative": "122000000", "researchAndDevelopment": "0", "operatingExpenses": "187000000", "investmentIncomeNet": "None", "netInterestIncome": "None", "interestIncome": "None", "interestExpense": "28000000", "nonInterestIncome": "None", "otherNonOperatingIncome": "7000000", "depreciation": "None", "depreciationAndAmortization": "49000000", "incomeBeforeTax": "213000000", "incomeTaxExpense": "-33000000", "interestAndDebtExpense": "None", "netIncomeFromContinuingOperations": "247000000", "comprehensiveIncomeNetOfTax": "None", "ebit": "240000000", "ebitda": "289000000", "netIncome": "246000000"}, {"fiscalDateEnding": "2017-09-30", "reportedCurrency": "USD", "grossProfit": "438000000", "totalRevenue": "969000000", "costOfRevenue": "531000000", "costofGoodsAndServicesSold": "531000000", "operatingIncome": "264000000", "sellingGeneralAndAdministrative": "108000000", "researchAndDevelopment": "0", "operatingExpenses": "171000000", "investmentIncomeNet": "None", "netInterestIncome": "None", "interestIncome": "None", "interestExpense": "34000000", "nonInterestIncome": "None", "otherNonOperatingIncome": "6000000", "depreciation": "None", "depreciationAndAmortization": "47000000", "incomeBeforeTax": "236000000", "incomeTaxExpense": "65000000", "interestAndDebtExpense": "None", "netIncomeFromContinuingOperations": "171000000", "comprehensiveIncomeNetOfTax": "None", "ebit": "271000000", "ebitda": "318000000", "netIncome": "170000000"}, {"fiscalDateEnding": "2017-06-30", "reportedCurrency": "USD", "grossProfit": "439000000", "totalRevenue": "1000000000", "costOfRevenue": "561000000", "costofGoodsAndServicesSold": "561000000", "operatingIncome": "244000000", "sellingGeneralAndAdministrative": "129000000", "researchAndDevelopment": "0", "operatingExpenses": "184000000", "investmentIncomeNet": "None", "netInterestIncome": "None", "interestIncome": "None", "interestExpense": "36000000", "nonInterestIncome": "None", "otherNonOperatingIncome": "5000000", "depreciation": "None", "depreciationAndAmortization": "47000000", "incomeBeforeTax": "213000000", "incomeTaxExpense": "66000000", "interestAndDebtExpense": "None", "netIncomeFromContinuingOperations": "147000000", "comprehensiveIncomeNetOfTax": "None", "ebit": "259000000", "ebitda": "306000000", "netIncome": "146000000"}, {"fiscalDateEnding": "2017-03-31", "reportedCurrency": "USD", "grossProfit": "422000000", "totalRevenue": "971000000", "costOfRevenue": "549000000", "costofGoodsAndServicesSold": "549000000", "operatingIncome": "248000000", "sellingGeneralAndAdministrative": "116000000", "researchAndDevelopment": "0", "operatingExpenses": "168000000", "investmentIncomeNet": "None", "netInterestIncome": "None", "interestIncome": "None", "interestExpense": "37000000", "nonInterestIncome": "None", "otherNonOperatingIncome": "6000000", "depreciation": "None", "depreciationAndAmortization": "45000000", "incomeBeforeTax": "217000000", "incomeTaxExpense": "48000000", "interestAndDebtExpense": "None", "netIncomeFromContinuingOperations": "169000000", "comprehensiveIncomeNetOfTax": "None", "ebit": "260000000", "ebitda": "305000000", "netIncome": "168000000"}, {"fiscalDateEnding": "2016-12-31", "reportedCurrency": "USD", "grossProfit": "419000000", "totalRevenue": "973000000", "costOfRevenue": "554000000", "costofGoodsAndServicesSold": "554000000", "operatingIncome": "213000000", "sellingGeneralAndAdministrative": "134000000", "researchAndDevelopment": "0", "operatingExpenses": "186000000", "investmentIncomeNet": "None", "netInterestIncome": "None", "interestIncome": "None", "interestExpense": "37000000", "nonInterestIncome": "None", "otherNonOperatingIncome": "-1000000", "depreciation": "None", "depreciationAndAmortization": "45000000", "incomeBeforeTax": "-404000000", "incomeTaxExpense": "-180000000", "interestAndDebtExpense": "None", "netIncomeFromContinuingOperations": "-225000000", "comprehensiveIncomeNetOfTax": "None", "ebit": "231000000", "ebitda": "276000000", "netIncome": "-224000000"}, {"fiscalDateEnding": "2016-09-30", "reportedCurrency": "USD", "grossProfit": "417000000", "totalRevenue": "929000000", "costOfRevenue": "512000000", "costofGoodsAndServicesSold": "512000000", "operatingIncome": "233000000", "sellingGeneralAndAdministrative": "118000000", "researchAndDevelopment": "0", "operatingExpenses": "172000000", "investmentIncomeNet": "None", "netInterestIncome": "None", "interestIncome": "None", "interestExpense": "37000000", "nonInterestIncome": "None", "otherNonOperatingIncome": "3000000", "depreciation": "None", "depreciationAndAmortization": "46000000", "incomeBeforeTax": "199000000", "incomeTaxExpense": "68000000", "interestAndDebtExpense": "None", "netIncomeFromContinuingOperations": "131000000", "comprehensiveIncomeNetOfTax": "None", "ebit": "248000000", "ebitda": "294000000", "netIncome": "131000000"}, {"fiscalDateEnding": "2016-06-30", "reportedCurrency": "USD", "grossProfit": "395000000", "totalRevenue": "897000000", "costOfRevenue": "502000000", "costofGoodsAndServicesSold": "502000000", "operatingIncome": "174000000", "sellingGeneralAndAdministrative": "104000000", "researchAndDevelopment": "0", "operatingExpenses": "153000000", "investmentIncomeNet": "None", "netInterestIncome": "None", "interestIncome": "None", "interestExpense": "32000000", "nonInterestIncome": "None", "otherNonOperatingIncome": "4000000", "depreciation": "None", "depreciationAndAmortization": "41000000", "incomeBeforeTax": "146000000", "incomeTaxExpense": "76000000", "interestAndDebtExpense": "None", "netIncomeFromContinuingOperations": "70000000", "comprehensiveIncomeNetOfTax": "None", "ebit": "244000000", "ebitda": "285000000", "netIncome": "70000000"}, {"fiscalDateEnding": "2016-03-31", "reportedCurrency": "USD", "grossProfit": "382000000", "totalRevenue": "905000000", "costOfRevenue": "523000000", "costofGoodsAndServicesSold": "523000000", "operatingIncome": "219000000", "sellingGeneralAndAdministrative": "101000000", "researchAndDevelopment": "0", "operatingExpenses": "145000000", "investmentIncomeNet": "None", "netInterestIncome": "None", "interestIncome": "None", "interestExpense": "28000000", "nonInterestIncome": "None", "otherNonOperatingIncome": "4000000", "depreciation": "None", "depreciationAndAmortization": "38000000", "incomeBeforeTax": "195000000", "incomeTaxExpense": "63000000", "interestAndDebtExpense": "None", "netIncomeFromContinuingOperations": "134000000", "comprehensiveIncomeNetOfTax": "None", "ebit": "240000000", "ebitda": "278000000", "netIncome": "132000000"}, {"fiscalDateEnding": "2015-12-31", "reportedCurrency": "USD", "grossProfit": "387000000", "totalRevenue": "865000000", "costOfRevenue": "478000000", "costofGoodsAndServicesSold": "478000000", "operatingIncome": "246000000", "sellingGeneralAndAdministrative": "81000000", "researchAndDevelopment": "0", "operatingExpenses": "125000000", "investmentIncomeNet": "None", "netInterestIncome": "None", "interestIncome": "None", "interestExpense": "28000000", "nonInterestIncome": "None", "otherNonOperatingIncome": "1000000", "depreciation": "None", "depreciationAndAmortization": "35000000", "incomeBeforeTax": "219000000", "incomeTaxExpense": "71000000", "interestAndDebtExpense": "None", "netIncomeFromContinuingOperations": "148000000", "comprehensiveIncomeNetOfTax": "None", "ebit": "263000000", "ebitda": "298000000", "netIncome": "148000000"}, {"fiscalDateEnding": "2015-09-30", "reportedCurrency": "USD", "grossProfit": "379000000", "totalRevenue": "871000000", "costOfRevenue": "492000000", "costofGoodsAndServicesSold": "492000000", "operatingIncome": "231000000", "sellingGeneralAndAdministrative": "96000000", "researchAndDevelopment": "0", "operatingExpenses": "136000000", "investmentIncomeNet": "None", "netInterestIncome": "None", "interestIncome": "None", "interestExpense": "28000000", "nonInterestIncome": "None", "otherNonOperatingIncome": "3000000", "depreciation": "None", "depreciationAndAmortization": "34000000", "incomeBeforeTax": "206000000", "incomeTaxExpense": "68000000", "interestAndDebtExpense": "None", "netIncomeFromContinuingOperations": "138000000", "comprehensiveIncomeNetOfTax": "None", "ebit": "246000000", "ebitda": "280000000", "netIncome": "138000000"}, {"fiscalDateEnding": "2015-06-30", "reportedCurrency": "USD", "grossProfit": "374000000", "totalRevenue": "807000000", "costOfRevenue": "433000000", "costofGoodsAndServicesSold": "433000000", "operatingIncome": "217000000", "sellingGeneralAndAdministrative": "112000000", "researchAndDevelopment": "0", "operatingExpenses": "152000000", "investmentIncomeNet": "None", "netInterestIncome": "None", "interestIncome": "None", "interestExpense": "27000000", "nonInterestIncome": "None", "otherNonOperatingIncome": "2000000", "depreciation": "None", "depreciationAndAmortization": "34000000", "incomeBeforeTax": "192000000", "incomeTaxExpense": "60000000", "interestAndDebtExpense": "None", "netIncomeFromContinuingOperations": "132000000", "comprehensiveIncomeNetOfTax": "None", "ebit": "224000000", "ebitda": "258000000", "netIncome": "133000000"}, {"fiscalDateEnding": "2015-03-31", "reportedCurrency": "USD", "grossProfit": "360000000", "totalRevenue": "858000000", "costOfRevenue": "498000000", "costofGoodsAndServicesSold": "498000000", "operatingIncome": "27000000", "sellingGeneralAndAdministrative": "142000000", "researchAndDevelopment": "0", "operatingExpenses": "183000000", "investmentIncomeNet": "None", "netInterestIncome": "None", "interestIncome": "None", "interestExpense": "28000000", "nonInterestIncome": "None", "otherNonOperatingIncome": "15000000", "depreciation": "None", "depreciationAndAmortization": "34000000", "incomeBeforeTax": "14000000", "incomeTaxExpense": "5000000", "interestAndDebtExpense": "None", "netIncomeFromContinuingOperations": "9000000", "comprehensiveIncomeNetOfTax": "None", "ebit": "192000000", "ebitda": "226000000", "netIncome": "9000000"}, {"fiscalDateEnding": "2014-12-31", "reportedCurrency": "USD", "grossProfit": "368000000", "totalRevenue": "919000000", "costOfRevenue": "551000000", "costofGoodsAndServicesSold": "551000000", "operatingIncome": "173000000", "sellingGeneralAndAdministrative": "119000000", "researchAndDevelopment": "0", "operatingExpenses": "160000000", "investmentIncomeNet": "None", "netInterestIncome": "None", "interestIncome": "None", "interestExpense": "28000000", "nonInterestIncome": "None", "otherNonOperatingIncome": "2000000", "depreciation": "None", "depreciationAndAmortization": "33000000", "incomeBeforeTax": "98000000", "incomeTaxExpense": "11000000", "interestAndDebtExpense": "None", "netIncomeFromContinuingOperations": "86000000", "comprehensiveIncomeNetOfTax": "None", "ebit": "210000000", "ebitda": "243000000", "netIncome": "86000000"}, {"fiscalDateEnding": "2014-09-30", "reportedCurrency": "USD", "grossProfit": "361000000", "totalRevenue": "818000000", "costOfRevenue": "457000000", "costofGoodsAndServicesSold": "457000000", "operatingIncome": "207000000", "sellingGeneralAndAdministrative": "110000000", "researchAndDevelopment": "0", "operatingExpenses": "149000000", "investmentIncomeNet": "None", "netInterestIncome": "None", "interestIncome": "None", "interestExpense": "29000000", "nonInterestIncome": "None", "otherNonOperatingIncome": "1000000", "depreciation": "None", "depreciationAndAmortization": "34000000", "incomeBeforeTax": "179000000", "incomeTaxExpense": "56000000", "interestAndDebtExpense": "None", "netIncomeFromContinuingOperations": "123000000", "comprehensiveIncomeNetOfTax": "None", "ebit": "213000000", "ebitda": "247000000", "netIncome": "123000000"}, {"fiscalDateEnding": "2014-06-30", "reportedCurrency": "USD", "grossProfit": "378000000", "totalRevenue": "865000000", "costOfRevenue": "487000000", "costofGoodsAndServicesSold": "487000000", "operatingIncome": "191000000", "sellingGeneralAndAdministrative": "129000000", "researchAndDevelopment": "0", "operatingExpenses": "173000000", "investmentIncomeNet": "None", "netInterestIncome": "None", "interestIncome": "None", "interestExpense": "30000000", "nonInterestIncome": "None", "otherNonOperatingIncome": "1000000", "depreciation": "None", "depreciationAndAmortization": "35000000", "incomeBeforeTax": "162000000", "incomeTaxExpense": "61000000", "interestAndDebtExpense": "None", "netIncomeFromContinuingOperations": "101000000", "comprehensiveIncomeNetOfTax": "None", "ebit": "206000000", "ebitda": "241000000", "netIncome": "101000000"}, {"fiscalDateEnding": "2014-03-31", "reportedCurrency": "USD", "grossProfit": "371000000", "totalRevenue": "898000000", "costOfRevenue": "527000000", "costofGoodsAndServicesSold": "527000000", "operatingIncome": "184000000", "sellingGeneralAndAdministrative": "116000000", "researchAndDevelopment": "0", "operatingExpenses": "159000000", "investmentIncomeNet": "None", "netInterestIncome": "None", "interestIncome": "None", "interestExpense": "30000000", "nonInterestIncome": "None", "otherNonOperatingIncome": "2000000", "depreciation": "None", "depreciationAndAmortization": "35000000", "incomeBeforeTax": "156000000", "incomeTaxExpense": "53000000", "interestAndDebtExpense": "None", "netIncomeFromContinuingOperations": "103000000", "comprehensiveIncomeNetOfTax": "None", "ebit": "214000000", "ebitda": "249000000", "netIncome": "103000000"}, {"fiscalDateEnding": "2013-12-31", "reportedCurrency": "USD", "grossProfit": "374000000", "totalRevenue": "849000000", "costOfRevenue": "475000000", "costofGoodsAndServicesSold": "475000000", "operatingIncome": "238000000", "sellingGeneralAndAdministrative": "123000000", "researchAndDevelopment": "0", "operatingExpenses": "165000000", "investmentIncomeNet": "None", "netInterestIncome": "None", "interestIncome": "None", "interestExpense": "30000000", "nonInterestIncome": "None", "otherNonOperatingIncome": "31000000", "depreciation": "None", "depreciationAndAmortization": "34000000", "incomeBeforeTax": "235000000", "incomeTaxExpense": "94000000", "interestAndDebtExpense": "None", "netIncomeFromContinuingOperations": "141000000", "comprehensiveIncomeNetOfTax": "None", "ebit": "211000000", "ebitda": "245000000", "netIncome": "141000000"}, {"fiscalDateEnding": "2013-09-30", "reportedCurrency": "USD", "grossProfit": "356000000", "totalRevenue": "805000000", "costOfRevenue": "449000000", "costofGoodsAndServicesSold": "449000000", "operatingIncome": "202000000", "sellingGeneralAndAdministrative": "114000000", "researchAndDevelopment": "0", "operatingExpenses": "154000000", "investmentIncomeNet": "None", "netInterestIncome": "None", "interestIncome": "None", "interestExpense": "32000000", "nonInterestIncome": "None", "otherNonOperatingIncome": "1000000", "depreciation": "None", "depreciationAndAmortization": "33000000", "incomeBeforeTax": "171000000", "incomeTaxExpense": "58000000", "interestAndDebtExpense": "None", "netIncomeFromContinuingOperations": "113000000", "comprehensiveIncomeNetOfTax": "None", "ebit": "203000000", "ebitda": "236000000", "netIncome": "113000000"}, {"fiscalDateEnding": "2013-06-30", "reportedCurrency": "USD", "grossProfit": "325000000", "totalRevenue": "814000000", "costOfRevenue": "489000000", "costofGoodsAndServicesSold": "489000000", "operatingIncome": "159000000", "sellingGeneralAndAdministrative": "105000000", "researchAndDevelopment": "0", "operatingExpenses": "141000000", "investmentIncomeNet": "None", "netInterestIncome": "None", "interestIncome": "None", "interestExpense": "26000000", "nonInterestIncome": "None", "otherNonOperatingIncome": "2000000", "depreciation": "None", "depreciationAndAmortization": "28000000", "incomeBeforeTax": "135000000", "incomeTaxExpense": "47000000", "interestAndDebtExpense": "None", "netIncomeFromContinuingOperations": "88000000", "comprehensiveIncomeNetOfTax": "None", "ebit": "186000000", "ebitda": "214000000", "netIncome": "88000000"}, {"fiscalDateEnding": "2013-03-31", "reportedCurrency": "USD", "grossProfit": "301000000", "totalRevenue": "744000000", "costOfRevenue": "443000000", "costofGoodsAndServicesSold": "443000000", "operatingIncome": "90000000", "sellingGeneralAndAdministrative": "98000000", "researchAndDevelopment": "0", "operatingExpenses": "132000000", "investmentIncomeNet": "None", "netInterestIncome": "None", "interestIncome": "None", "interestExpense": "24000000", "nonInterestIncome": "None", "otherNonOperatingIncome": "3000000", "depreciation": "None", "depreciationAndAmortization": "27000000", "incomeBeforeTax": "59000000", "incomeTaxExpense": "17000000", "interestAndDebtExpense": "None", "netIncomeFromContinuingOperations": "42000000", "comprehensiveIncomeNetOfTax": "None", "ebit": "172000000", "ebitda": "199000000", "netIncome": "42000000"}, {"fiscalDateEnding": "2012-12-31", "reportedCurrency": "USD", "grossProfit": "303000000", "totalRevenue": "752000000", "costOfRevenue": "449000000", "costofGoodsAndServicesSold": "449000000", "operatingIncome": "175000000", "sellingGeneralAndAdministrative": "82000000", "researchAndDevelopment": "0", "operatingExpenses": "116000000", "investmentIncomeNet": "None", "netInterestIncome": "None", "interestIncome": "None", "interestExpense": "25000000", "nonInterestIncome": "None", "otherNonOperatingIncome": "3000000", "depreciation": "None", "depreciationAndAmortization": "27000000", "incomeBeforeTax": "153000000", "incomeTaxExpense": "69000000", "interestAndDebtExpense": "None", "netIncomeFromContinuingOperations": "84000000", "comprehensiveIncomeNetOfTax": "None", "ebit": "190000000", "ebitda": "217000000", "netIncome": "86000000"}, {"fiscalDateEnding": "2012-09-30", "reportedCurrency": "USD", "grossProfit": "409000000", "totalRevenue": "743000000", "costOfRevenue": "334000000", "costofGoodsAndServicesSold": "334000000", "operatingIncome": "170000000", "sellingGeneralAndAdministrative": "200000000", "researchAndDevelopment": "0", "operatingExpenses": "232000000", "investmentIncomeNet": "None", "netInterestIncome": "None", "interestIncome": "None", "interestExpense": "24000000", "nonInterestIncome": "None", "otherNonOperatingIncome": "-12000000", "depreciation": "None", "depreciationAndAmortization": "26000000", "incomeBeforeTax": "134000000", "incomeTaxExpense": "45000000", "interestAndDebtExpense": "None", "netIncomeFromContinuingOperations": "89000000", "comprehensiveIncomeNetOfTax": "None", "ebit": "179000000", "ebitda": "205000000", "netIncome": "89000000"}, {"fiscalDateEnding": "2012-06-30", "reportedCurrency": "USD", "grossProfit": "424000000", "totalRevenue": "823000000", "costOfRevenue": "399000000", "costofGoodsAndServicesSold": "399000000", "operatingIncome": "175000000", "sellingGeneralAndAdministrative": "200000000", "researchAndDevelopment": "0", "operatingExpenses": "231000000", "investmentIncomeNet": "None", "netInterestIncome": "None", "interestIncome": "None", "interestExpense": "24000000", "nonInterestIncome": "None", "otherNonOperatingIncome": "2000000", "depreciation": "None", "depreciationAndAmortization": "25000000", "incomeBeforeTax": "125000000", "incomeTaxExpense": "33000000", "interestAndDebtExpense": "None", "netIncomeFromContinuingOperations": "92000000", "comprehensiveIncomeNetOfTax": "None", "ebit": "195000000", "ebitda": "220000000", "netIncome": "93000000"}, {"fiscalDateEnding": "2012-03-31", "reportedCurrency": "USD", "grossProfit": "411000000", "totalRevenue": "801000000", "costOfRevenue": "390000000", "costofGoodsAndServicesSold": "390000000", "operatingIncome": "171000000", "sellingGeneralAndAdministrative": "197000000", "researchAndDevelopment": "0", "operatingExpenses": "229000000", "investmentIncomeNet": "None", "netInterestIncome": "None", "interestIncome": "None", "interestExpense": "24000000", "nonInterestIncome": "None", "otherNonOperatingIncome": "2000000", "depreciation": "None", "depreciationAndAmortization": "26000000", "incomeBeforeTax": "137000000", "incomeTaxExpense": "53000000", "interestAndDebtExpense": "None", "netIncomeFromContinuingOperations": "84000000", "comprehensiveIncomeNetOfTax": "None", "ebit": "184000000", "ebitda": "210000000", "netIncome": "85000000"}, {"fiscalDateEnding": "2011-12-31", "reportedCurrency": "USD", "grossProfit": "421000000", "totalRevenue": "837000000", "costOfRevenue": "416000000", "costofGoodsAndServicesSold": "416000000", "operatingIncome": "160000000", "sellingGeneralAndAdministrative": "224000000", "researchAndDevelopment": "0", "operatingExpenses": "261000000", "investmentIncomeNet": "None", "netInterestIncome": "None", "interestIncome": "None", "interestExpense": "26000000", "nonInterestIncome": "None", "otherNonOperatingIncome": "-14000000", "depreciation": "None", "depreciationAndAmortization": "28000000", "incomeBeforeTax": "120000000", "incomeTaxExpense": "39000000", "interestAndDebtExpense": "None", "netIncomeFromContinuingOperations": "80000000", "comprehensiveIncomeNetOfTax": "None", "ebit": "163000000", "ebitda": "191000000", "netIncome": "81000000"}, {"fiscalDateEnding": "2011-09-30", "reportedCurrency": "USD", "grossProfit": "438000000", "totalRevenue": "946000000", "costOfRevenue": "508000000", "costofGoodsAndServicesSold": "508000000", "operatingIncome": "195000000", "sellingGeneralAndAdministrative": "208000000", "researchAndDevelopment": "0", "operatingExpenses": "240000000", "investmentIncomeNet": "None", "netInterestIncome": "None", "interestIncome": "None", "interestExpense": "30000000", "nonInterestIncome": "None", "otherNonOperatingIncome": "5000000", "depreciation": "None", "depreciationAndAmortization": "28000000", "incomeBeforeTax": "170000000", "incomeTaxExpense": "61000000", "interestAndDebtExpense": "None", "netIncomeFromContinuingOperations": "109000000", "comprehensiveIncomeNetOfTax": "None", "ebit": "202000000", "ebitda": "230000000", "netIncome": "110000000"}, {"fiscalDateEnding": "2011-06-30", "reportedCurrency": "USD", "grossProfit": "416000000", "totalRevenue": "838000000", "costOfRevenue": "422000000", "costofGoodsAndServicesSold": "422000000", "operatingIncome": "158000000", "sellingGeneralAndAdministrative": "227000000", "researchAndDevelopment": "0", "operatingExpenses": "258000000", "investmentIncomeNet": "None", "netInterestIncome": "None", "interestIncome": "None", "interestExpense": "31000000", "nonInterestIncome": "None", "otherNonOperatingIncome": "4000000", "depreciation": "None", "depreciationAndAmortization": "26000000", "incomeBeforeTax": "131000000", "incomeTaxExpense": "40000000", "interestAndDebtExpense": "None", "netIncomeFromContinuingOperations": "91000000", "comprehensiveIncomeNetOfTax": "None", "ebit": "162000000", "ebitda": "188000000", "netIncome": "92000000"}, {"fiscalDateEnding": "2011-03-31", "reportedCurrency": "USD", "grossProfit": "415000000", "totalRevenue": "817000000", "costOfRevenue": "402000000", "costofGoodsAndServicesSold": "402000000", "operatingIncome": "181000000", "sellingGeneralAndAdministrative": "197000000", "researchAndDevelopment": "0", "operatingExpenses": "229000000", "investmentIncomeNet": "None", "netInterestIncome": "None", "interestIncome": "None", "interestExpense": "30000000", "nonInterestIncome": "None", "otherNonOperatingIncome": "1000000", "depreciation": "None", "depreciationAndAmortization": "27000000", "incomeBeforeTax": "152000000", "incomeTaxExpense": "49000000", "interestAndDebtExpense": "None", "netIncomeFromContinuingOperations": "103000000", "comprehensiveIncomeNetOfTax": "None", "ebit": "188000000", "ebitda": "215000000", "netIncome": "104000000"}, {"fiscalDateEnding": "2010-12-31", "reportedCurrency": "USD", "grossProfit": "401000000", "totalRevenue": "806000000", "costOfRevenue": "405000000", "costofGoodsAndServicesSold": "405000000", "operatingIncome": "175000000", "sellingGeneralAndAdministrative": "216000000", "researchAndDevelopment": "0", "operatingExpenses": "250000000", "investmentIncomeNet": "None", "netInterestIncome": "None", "interestIncome": "None", "interestExpense": "26000000", "nonInterestIncome": "None", "otherNonOperatingIncome": "None", "depreciation": "None", "depreciationAndAmortization": "17000000", "incomeBeforeTax": "148000000", "incomeTaxExpense": "13000000", "interestAndDebtExpense": "None", "netIncomeFromContinuingOperations": "0", "comprehensiveIncomeNetOfTax": "None", "ebit": "166000000", "ebitda": "183000000", "netIncome": "137000000"}, {"fiscalDateEnding": "2010-09-30", "reportedCurrency": "USD", "grossProfit": "372000000", "totalRevenue": "751000000", "costOfRevenue": "379000000", "costofGoodsAndServicesSold": "379000000", "operatingIncome": "165000000", "sellingGeneralAndAdministrative": "167000000", "researchAndDevelopment": "0", "operatingExpenses": "197000000", "investmentIncomeNet": "None", "netInterestIncome": "None", "interestIncome": "None", "interestExpense": "25000000", "nonInterestIncome": "None", "otherNonOperatingIncome": "3000000", "depreciation": "None", "depreciationAndAmortization": "36000000", "incomeBeforeTax": "143000000", "incomeTaxExpense": "43000000", "interestAndDebtExpense": "None", "netIncomeFromContinuingOperations": "100000000", "comprehensiveIncomeNetOfTax": "None", "ebit": "177000000", "ebitda": "213000000", "netIncome": "101000000"}, {"fiscalDateEnding": "2010-06-30", "reportedCurrency": "USD", "grossProfit": "390000000", "totalRevenue": "876000000", "costOfRevenue": "486000000", "costofGoodsAndServicesSold": "486000000", "operatingIncome": "179000000", "sellingGeneralAndAdministrative": "171000000", "researchAndDevelopment": "0", "operatingExpenses": "202000000", "investmentIncomeNet": "None", "netInterestIncome": "None", "interestIncome": "None", "interestExpense": "26000000", "nonInterestIncome": "None", "otherNonOperatingIncome": "-7000000", "depreciation": "None", "depreciationAndAmortization": "25000000", "incomeBeforeTax": "146000000", "incomeTaxExpense": "51000000", "interestAndDebtExpense": "None", "netIncomeFromContinuingOperations": "95000000", "comprehensiveIncomeNetOfTax": "None", "ebit": "179000000", "ebitda": "204000000", "netIncome": "96000000"}, {"fiscalDateEnding": "2010-03-31", "reportedCurrency": "USD", "grossProfit": "360000000", "totalRevenue": "764000000", "costOfRevenue": "404000000", "costofGoodsAndServicesSold": "404000000", "operatingIncome": "112000000", "sellingGeneralAndAdministrative": "210000000", "researchAndDevelopment": "0", "operatingExpenses": "239000000", "investmentIncomeNet": "None", "netInterestIncome": "None", "interestIncome": "None", "interestExpense": "25000000", "nonInterestIncome": "None", "otherNonOperatingIncome": "None", "depreciation": "None", "depreciationAndAmortization": "25000000", "incomeBeforeTax": "89000000", "incomeTaxExpense": "29000000", "interestAndDebtExpense": "None", "netIncomeFromContinuingOperations": "0", "comprehensiveIncomeNetOfTax": "None", "ebit": "123000000", "ebitda": "148000000", "netIncome": "61000000"}, {"fiscalDateEnding": "2009-12-31", "reportedCurrency": "USD", "grossProfit": "369000000", "totalRevenue": "816000000", "costOfRevenue": "447000000", "costofGoodsAndServicesSold": "447000000", "operatingIncome": "148000000", "sellingGeneralAndAdministrative": "183000000", "researchAndDevelopment": "0", "operatingExpenses": "217000000", "investmentIncomeNet": "None", "netInterestIncome": "None", "interestIncome": "None", "interestExpense": "25000000", "nonInterestIncome": "None", "otherNonOperatingIncome": "None", "depreciation": "None", "depreciationAndAmortization": "16000000", "incomeBeforeTax": "51000000", "incomeTaxExpense": "9000000", "interestAndDebtExpense": "None", "netIncomeFromContinuingOperations": "0", "comprehensiveIncomeNetOfTax": "None", "ebit": "165000000", "ebitda": "181000000", "netIncome": "43000000"}, {"fiscalDateEnding": "2009-09-30", "reportedCurrency": "USD", "grossProfit": "349000000", "totalRevenue": "810000000", "costOfRevenue": "461000000", "costofGoodsAndServicesSold": "461000000", "operatingIncome": "131000000", "sellingGeneralAndAdministrative": "173000000", "researchAndDevelopment": "0", "operatingExpenses": "203000000", "investmentIncomeNet": "None", "netInterestIncome": "None", "interestIncome": "None", "interestExpense": "26000000", "nonInterestIncome": "None", "otherNonOperatingIncome": "None", "depreciation": "None", "depreciationAndAmortization": "38000000", "incomeBeforeTax": "84000000", "incomeTaxExpense": "25000000", "interestAndDebtExpense": "None", "netIncomeFromContinuingOperations": "0", "comprehensiveIncomeNetOfTax": "None", "ebit": "149000000", "ebitda": "187000000", "netIncome": "60000000"}, {"fiscalDateEnding": "2009-06-30", "reportedCurrency": "USD", "grossProfit": "367000000", "totalRevenue": "889000000", "costOfRevenue": "522000000", "costofGoodsAndServicesSold": "522000000", "operatingIncome": "159000000", "sellingGeneralAndAdministrative": "165000000", "researchAndDevelopment": "0", "operatingExpenses": "195000000", "investmentIncomeNet": "None", "netInterestIncome": "None", "interestIncome": "None", "interestExpense": "25000000", "nonInterestIncome": "None", "otherNonOperatingIncome": "None", "depreciation": "None", "depreciationAndAmortization": "27000000", "incomeBeforeTax": "114000000", "incomeTaxExpense": "46000000", "interestAndDebtExpense": "None", "netIncomeFromContinuingOperations": "0", "comprehensiveIncomeNetOfTax": "None", "ebit": "174000000", "ebitda": "201000000", "netIncome": "69000000"}, {"fiscalDateEnding": "2009-03-31", "reportedCurrency": "USD", "grossProfit": "369000000", "totalRevenue": "895000000", "costOfRevenue": "526000000", "costofGoodsAndServicesSold": "526000000", "operatingIncome": "166000000", "sellingGeneralAndAdministrative": "160000000", "researchAndDevelopment": "0", "operatingExpenses": "186000000", "investmentIncomeNet": "None", "netInterestIncome": "None", "interestIncome": "None", "interestExpense": "27000000", "nonInterestIncome": "None", "otherNonOperatingIncome": "None", "depreciation": "None", "depreciationAndAmortization": "24000000", "incomeBeforeTax": "142000000", "incomeTaxExpense": "48000000", "interestAndDebtExpense": "None", "netIncomeFromContinuingOperations": "0", "comprehensiveIncomeNetOfTax": "None", "ebit": "188000000", "ebitda": "212000000", "netIncome": "94000000"}, {"fiscalDateEnding": "2008-12-31", "reportedCurrency": "USD", "grossProfit": "402555000", "totalRevenue": "1023009000", "costOfRevenue": "620454000", "costofGoodsAndServicesSold": "620454000", "operatingIncome": "187288000", "sellingGeneralAndAdministrative": "173235000", "researchAndDevelopment": "0", "operatingExpenses": "205772000", "investmentIncomeNet": "None", "netInterestIncome": "None", "interestIncome": "None", "interestExpense": "34000000", "nonInterestIncome": "None", "otherNonOperatingIncome": "None", "depreciation": "None", "depreciationAndAmortization": "26849000", "incomeBeforeTax": "76517000", "incomeTaxExpense": "39753000", "interestAndDebtExpense": "None", "netIncomeFromContinuingOperations": "0", "comprehensiveIncomeNetOfTax": "None", "ebit": "264797000", "ebitda": "291646000", "netIncome": "36764000"}, {"fiscalDateEnding": "2008-09-30", "reportedCurrency": "USD", "grossProfit": "399038000", "totalRevenue": "990380000", "costOfRevenue": "591342000", "costofGoodsAndServicesSold": "591342000", "operatingIncome": "165056000", "sellingGeneralAndAdministrative": "190569000", "researchAndDevelopment": "0", "operatingExpenses": "225507000", "investmentIncomeNet": "None", "netInterestIncome": "None", "interestIncome": "None", "interestExpense": "29000000", "nonInterestIncome": "None", "otherNonOperatingIncome": "None", "depreciation": "None", "depreciationAndAmortization": "27624000", "incomeBeforeTax": "99219000", "incomeTaxExpense": "39103000", "interestAndDebtExpense": "None", "netIncomeFromContinuingOperations": "0", "comprehensiveIncomeNetOfTax": "None", "ebit": "247841000", "ebitda": "275465000", "netIncome": "58000000"}, {"fiscalDateEnding": "2008-06-30", "reportedCurrency": "USD", "grossProfit": "380153000", "totalRevenue": "821478000", "costOfRevenue": "441325000", "costofGoodsAndServicesSold": "441325000", "operatingIncome": "154822000", "sellingGeneralAndAdministrative": "193474000", "researchAndDevelopment": "0", "operatingExpenses": "219627000", "investmentIncomeNet": "None", "netInterestIncome": "None", "interestIncome": "None", "interestExpense": "24000000", "nonInterestIncome": "None", "otherNonOperatingIncome": "None", "depreciation": "None", "depreciationAndAmortization": "22193000", "incomeBeforeTax": "150217000", "incomeTaxExpense": "48580000", "interestAndDebtExpense": "None", "netIncomeFromContinuingOperations": "0", "comprehensiveIncomeNetOfTax": "None", "ebit": "157152000", "ebitda": "179345000", "netIncome": "100000000"}, {"fiscalDateEnding": "2008-03-31", "reportedCurrency": "USD", "grossProfit": "278332000", "totalRevenue": "813826000", "costOfRevenue": "535494000", "costofGoodsAndServicesSold": "535494000", "operatingIncome": "133019000", "sellingGeneralAndAdministrative": "126042000", "researchAndDevelopment": "0", "operatingExpenses": "143852000", "investmentIncomeNet": "None", "netInterestIncome": "None", "interestIncome": "None", "interestExpense": "10000000", "nonInterestIncome": "None", "otherNonOperatingIncome": "None", "depreciation": "None", "depreciationAndAmortization": "15912000", "incomeBeforeTax": "196212000", "incomeTaxExpense": "74849000", "interestAndDebtExpense": "None", "netIncomeFromContinuingOperations": "0", "comprehensiveIncomeNetOfTax": "None", "ebit": "73954000", "ebitda": "89866000", "netIncome": "121000000"}, {"fiscalDateEnding": "2007-12-31", "reportedCurrency": "USD", "grossProfit": "211550000", "totalRevenue": "664486000", "costOfRevenue": "452936000", "costofGoodsAndServicesSold": "452936000", "operatingIncome": "101514000", "sellingGeneralAndAdministrative": "92867000", "researchAndDevelopment": "0", "operatingExpenses": "110036000", "investmentIncomeNet": "None", "netInterestIncome": "None", "interestIncome": "None", "interestExpense": "72863000", "nonInterestIncome": "None", "otherNonOperatingIncome": "None", "depreciation": "None", "depreciationAndAmortization": "9594000", "incomeBeforeTax": "132141000", "incomeTaxExpense": "53178000", "interestAndDebtExpense": "None", "netIncomeFromContinuingOperations": "0", "comprehensiveIncomeNetOfTax": "None", "ebit": "83312000", "ebitda": "92906000", "netIncome": "78963000"}, {"fiscalDateEnding": "2007-09-30", "reportedCurrency": "USD", "grossProfit": "209944000", "totalRevenue": "651961000", "costOfRevenue": "442017000", "costofGoodsAndServicesSold": "442017000", "operatingIncome": "83848000", "sellingGeneralAndAdministrative": "112288000", "researchAndDevelopment": "0", "operatingExpenses": "126096000", "investmentIncomeNet": "None", "netInterestIncome": "None", "interestIncome": "None", "interestExpense": "23434000", "nonInterestIncome": "None", "otherNonOperatingIncome": "None", "depreciation": "None", "depreciationAndAmortization": "9661000", "incomeBeforeTax": "536581000", "incomeTaxExpense": "171588000", "interestAndDebtExpense": "None", "netIncomeFromContinuingOperations": "0", "comprehensiveIncomeNetOfTax": "None", "ebit": "-382791000", "ebitda": "-373130000", "netIncome": "364993000"}, {"fiscalDateEnding": "2007-06-30", "reportedCurrency": "USD", "grossProfit": "198680000", "totalRevenue": "558201000", "costOfRevenue": "359521000", "costofGoodsAndServicesSold": "359521000", "operatingIncome": "98936000", "sellingGeneralAndAdministrative": "85721000", "researchAndDevelopment": "0", "operatingExpenses": "99744000", "investmentIncomeNet": "None", "netInterestIncome": "None", "interestIncome": "None", "interestExpense": "23586000", "nonInterestIncome": "None", "otherNonOperatingIncome": "None", "depreciation": "None", "depreciationAndAmortization": "9796000", "incomeBeforeTax": "94333000", "incomeTaxExpense": "38205000", "interestAndDebtExpense": "None", "netIncomeFromContinuingOperations": "0", "comprehensiveIncomeNetOfTax": "None", "ebit": "87648000", "ebitda": "97444000", "netIncome": "56128000"}, {"fiscalDateEnding": "2007-03-31", "reportedCurrency": "USD", "grossProfit": "192067000", "totalRevenue": "561947000", "costOfRevenue": "369880000", "costofGoodsAndServicesSold": "369880000", "operatingIncome": "81364000", "sellingGeneralAndAdministrative": "95989000", "researchAndDevelopment": "0", "operatingExpenses": "110703000", "investmentIncomeNet": "None", "netInterestIncome": "None", "interestIncome": "None", "interestExpense": "23468000", "nonInterestIncome": "None", "otherNonOperatingIncome": "None", "depreciation": "None", "depreciationAndAmortization": "9839000", "incomeBeforeTax": "30848000", "incomeTaxExpense": "12532000", "interestAndDebtExpense": "None", "netIncomeFromContinuingOperations": "0", "comprehensiveIncomeNetOfTax": "None", "ebit": "114132000", "ebitda": "123971000", "netIncome": "18316000"}, {"fiscalDateEnding": "2006-12-31", "reportedCurrency": "USD", "grossProfit": "183050000", "totalRevenue": "447440000", "costOfRevenue": "264390000", "costofGoodsAndServicesSold": "264390000", "operatingIncome": "68091000", "sellingGeneralAndAdministrative": "121980000", "researchAndDevelopment": "0", "operatingExpenses": "114959000", "investmentIncomeNet": "None", "netInterestIncome": "None", "interestIncome": "None", "interestExpense": "91097000", "nonInterestIncome": "None", "otherNonOperatingIncome": "None", "depreciation": "None", "depreciationAndAmortization": "10584000", "incomeBeforeTax": "105522000", "incomeTaxExpense": "42487000", "interestAndDebtExpense": "None", "netIncomeFromContinuingOperations": "0", "comprehensiveIncomeNetOfTax": "None", "ebit": "-12682000", "ebitda": "-2098000", "netIncome": "63125000"}, {"fiscalDateEnding": "2006-09-30", "reportedCurrency": "USD", "grossProfit": "171150000", "totalRevenue": "402859000", "costOfRevenue": "231709000", "costofGoodsAndServicesSold": "231709000", "operatingIncome": "67859000", "sellingGeneralAndAdministrative": "76925000", "researchAndDevelopment": "0", "operatingExpenses": "103291000", "investmentIncomeNet": "None", "netInterestIncome": "None", "interestIncome": "None", "interestExpense": "25655000", "nonInterestIncome": "None", "otherNonOperatingIncome": "None", "depreciation": "None", "depreciationAndAmortization": "14313000", "incomeBeforeTax": "49904000", "incomeTaxExpense": "19678000", "interestAndDebtExpense": "None", "netIncomeFromContinuingOperations": "0", "comprehensiveIncomeNetOfTax": "None", "ebit": "76346000", "ebitda": "90659000", "netIncome": "30226000"}, {"fiscalDateEnding": "2006-06-30", "reportedCurrency": "USD", "grossProfit": "171151000", "totalRevenue": "411032000", "costOfRevenue": "239881000", "costofGoodsAndServicesSold": "239881000", "operatingIncome": "36330000", "sellingGeneralAndAdministrative": "100425000", "researchAndDevelopment": "0", "operatingExpenses": "134821000", "investmentIncomeNet": "None", "netInterestIncome": "None", "interestIncome": "None", "interestExpense": "24406000", "nonInterestIncome": "None", "otherNonOperatingIncome": "None", "depreciation": "None", "depreciationAndAmortization": "21470000", "incomeBeforeTax": "27739000", "incomeTaxExpense": "11095000", "interestAndDebtExpense": "None", "netIncomeFromContinuingOperations": "0", "comprehensiveIncomeNetOfTax": "None", "ebit": "36213000", "ebitda": "57683000", "netIncome": "16644000"}, {"fiscalDateEnding": "2006-03-31", "reportedCurrency": "USD", "grossProfit": "162018000", "totalRevenue": "396239000", "costOfRevenue": "234221000", "costofGoodsAndServicesSold": "234221000", "operatingIncome": "41811000", "sellingGeneralAndAdministrative": "82510000", "researchAndDevelopment": "0", "operatingExpenses": "120207000", "investmentIncomeNet": "None", "netInterestIncome": "None", "interestIncome": "None", "interestExpense": "16444000", "nonInterestIncome": "None", "otherNonOperatingIncome": "None", "depreciation": "None", "depreciationAndAmortization": "24549000", "incomeBeforeTax": "29980000", "incomeTaxExpense": "11992000", "interestAndDebtExpense": "None", "netIncomeFromContinuingOperations": "0", "comprehensiveIncomeNetOfTax": "None", "ebit": "49928000", "ebitda": "74477000", "netIncome": "17298000"}, {"fiscalDateEnding": "2005-12-31", "reportedCurrency": "USD", "grossProfit": "138628000", "totalRevenue": "259575000", "costOfRevenue": "120947000", "costofGoodsAndServicesSold": "120947000", "operatingIncome": "33220000", "sellingGeneralAndAdministrative": "70525000", "researchAndDevelopment": "0", "operatingExpenses": "105408000", "investmentIncomeNet": "None", "netInterestIncome": "None", "interestIncome": "None", "interestExpense": "20338000", "nonInterestIncome": "None", "otherNonOperatingIncome": "None", "depreciation": "None", "depreciationAndAmortization": "20267000", "incomeBeforeTax": "29462000", "incomeTaxExpense": "12316000", "interestAndDebtExpense": "None", "netIncomeFromContinuingOperations": "0", "comprehensiveIncomeNetOfTax": "None", "ebit": "43688000", "ebitda": "63955000", "netIncome": "16102000"}, {"fiscalDateEnding": "2005-09-30", "reportedCurrency": "USD", "grossProfit": "130644000", "totalRevenue": "220465000", "costOfRevenue": "89821000", "costofGoodsAndServicesSold": "89821000", "operatingIncome": "31362000", "sellingGeneralAndAdministrative": "73674000", "researchAndDevelopment": "0", "operatingExpenses": "99282000", "investmentIncomeNet": "None", "netInterestIncome": "None", "interestIncome": "None", "interestExpense": "4740000", "nonInterestIncome": "None", "otherNonOperatingIncome": "None", "depreciation": "None", "depreciationAndAmortization": "14171000", "incomeBeforeTax": "30693000", "incomeTaxExpense": "12891000", "interestAndDebtExpense": "None", "netIncomeFromContinuingOperations": "0", "comprehensiveIncomeNetOfTax": "None", "ebit": "41861000", "ebitda": "56032000", "netIncome": "16426000"}, {"fiscalDateEnding": "2005-06-30", "reportedCurrency": "USD", "grossProfit": "130461000", "totalRevenue": "219686000", "costOfRevenue": "89225000", "costofGoodsAndServicesSold": "89225000", "operatingIncome": "26323000", "sellingGeneralAndAdministrative": "76738000", "researchAndDevelopment": "0", "operatingExpenses": "104138000", "investmentIncomeNet": "None", "netInterestIncome": "None", "interestIncome": "None", "interestExpense": "4634000", "nonInterestIncome": "None", "otherNonOperatingIncome": "None", "depreciation": "None", "depreciationAndAmortization": "15396000", "incomeBeforeTax": "24786000", "incomeTaxExpense": "10815000", "interestAndDebtExpense": "None", "netIncomeFromContinuingOperations": "0", "comprehensiveIncomeNetOfTax": "None", "ebit": "36764000", "ebitda": "52160000", "netIncome": "11727000"}, {"fiscalDateEnding": "2005-03-31", "reportedCurrency": "USD", "grossProfit": "126278000", "totalRevenue": "180193000", "costOfRevenue": "53915000", "costofGoodsAndServicesSold": "53915000", "operatingIncome": "22758000", "sellingGeneralAndAdministrative": "73609000", "researchAndDevelopment": "0", "operatingExpenses": "103520000", "investmentIncomeNet": "None", "netInterestIncome": "None", "interestIncome": "None", "interestExpense": "2862000", "nonInterestIncome": "None", "otherNonOperatingIncome": "None", "depreciation": "None", "depreciationAndAmortization": "18510000", "incomeBeforeTax": "21321000", "incomeTaxExpense": "8550000", "interestAndDebtExpense": "None", "netIncomeFromContinuingOperations": "0", "comprehensiveIncomeNetOfTax": "None", "ebit": "33130000", "ebitda": "51640000", "netIncome": "10844000"}, {"fiscalDateEnding": "2004-12-31", "reportedCurrency": "USD", "grossProfit": "121386000", "totalRevenue": "168054000", "costOfRevenue": "46668000", "costofGoodsAndServicesSold": "46668000", "operatingIncome": "-18000", "sellingGeneralAndAdministrative": "84976000", "researchAndDevelopment": "0", "operatingExpenses": "121404000", "investmentIncomeNet": "None", "netInterestIncome": "None", "interestIncome": "None", "interestExpense": "11484000", "nonInterestIncome": "None", "otherNonOperatingIncome": "None", "depreciation": "None", "depreciationAndAmortization": "21471000", "incomeBeforeTax": "-1613000", "incomeTaxExpense": "514000", "interestAndDebtExpense": "None", "netIncomeFromContinuingOperations": "0", "comprehensiveIncomeNetOfTax": "None", "ebit": "11277000", "ebitda": "32748000", "netIncome": "7431000"}]}