{"symbol": "PH", "annualReports": [{"fiscalDateEnding": "2024-06-30", "reportedCurrency": "USD", "grossProfit": "7127790000", "totalRevenue": "19929606000", "costOfRevenue": "12801816000", "costofGoodsAndServicesSold": "12801816000", "operatingIncome": "3676613000", "sellingGeneralAndAdministrative": "3315177000", "researchAndDevelopment": "298000000", "operatingExpenses": "3315177000", "investmentIncomeNet": "None", "netInterestIncome": "-491495000", "interestIncome": "15000000", "interestExpense": "506495000", "nonInterestIncome": "None", "otherNonOperatingIncome": "None", "depreciation": "None", "depreciationAndAmortization": "927131000", "incomeBeforeTax": "3594603000", "incomeTaxExpense": "749667000", "interestAndDebtExpense": "None", "netIncomeFromContinuingOperations": "2844936000", "comprehensiveIncomeNetOfTax": "None", "ebit": "4101098000", "ebitda": "5028229000", "netIncome": "2844215000"}, {"fiscalDateEnding": "2023-06-30", "reportedCurrency": "USD", "grossProfit": "6429302000", "totalRevenue": "19065194000", "costOfRevenue": "12635892000", "costofGoodsAndServicesSold": "12635892000", "operatingIncome": "1614226000", "sellingGeneralAndAdministrative": "3287103000", "researchAndDevelopment": "258000000", "operatingExpenses": "3354103000", "investmentIncomeNet": "None", "netInterestIncome": "-573894000", "interestIncome": "573894000", "interestExpense": "573894000", "nonInterestIncome": "None", "otherNonOperatingIncome": "178359000", "depreciation": "None", "depreciationAndAmortization": "818129000", "incomeBeforeTax": "2679664000", "incomeTaxExpense": "596128000", "interestAndDebtExpense": "None", "netIncomeFromContinuingOperations": "2083536000", "comprehensiveIncomeNetOfTax": "None", "ebit": "3253558000", "ebitda": "4071687000", "netIncome": "2082936000"}, {"fiscalDateEnding": "2022-06-30", "reportedCurrency": "USD", "grossProfit": "4474341000", "totalRevenue": "15861608000", "costOfRevenue": "11387267000", "costofGoodsAndServicesSold": "11387267000", "operatingIncome": "1869478000", "sellingGeneralAndAdministrative": "1631116000", "researchAndDevelopment": "191000000", "operatingExpenses": "1627116000", "investmentIncomeNet": "None", "netInterestIncome": "-255252000", "interestIncome": "179252000", "interestExpense": "255252000", "nonInterestIncome": "None", "otherNonOperatingIncome": "-977747000", "depreciation": "None", "depreciationAndAmortization": "571764000", "incomeBeforeTax": "1614226000", "incomeTaxExpense": "298040000", "interestAndDebtExpense": "None", "netIncomeFromContinuingOperations": "1316186000", "comprehensiveIncomeNetOfTax": "None", "ebit": "1869478000", "ebitda": "2441242000", "netIncome": "1315605000"}, {"fiscalDateEnding": "2021-06-30", "reportedCurrency": "USD", "grossProfit": "3897960000", "totalRevenue": "14347640000", "costOfRevenue": "10449680000", "costofGoodsAndServicesSold": "10449680000", "operatingIncome": "2496993000", "sellingGeneralAndAdministrative": "1576302000", "researchAndDevelopment": "259039000", "operatingExpenses": "1527302000", "investmentIncomeNet": "None", "netInterestIncome": "-250036000", "interestIncome": "7000000", "interestExpense": "250036000", "nonInterestIncome": "None", "otherNonOperatingIncome": "126335000", "depreciation": "None", "depreciationAndAmortization": "595390000", "incomeBeforeTax": "2246957000", "incomeTaxExpense": "500096000", "interestAndDebtExpense": "None", "netIncomeFromContinuingOperations": "1746861000", "comprehensiveIncomeNetOfTax": "None", "ebit": "2496993000", "ebitda": "3092383000", "netIncome": "1746100000"}, {"fiscalDateEnding": "2020-06-30", "reportedCurrency": "USD", "grossProfit": "3409002000", "totalRevenue": "13695520000", "costOfRevenue": "10286518000", "costofGoodsAndServicesSold": "10286518000", "operatingIncome": "1820788000", "sellingGeneralAndAdministrative": "1705553000", "researchAndDevelopment": "293837000", "operatingExpenses": "1656553000", "investmentIncomeNet": "None", "netInterestIncome": "-277161000", "interestIncome": "31000000", "interestExpense": "308161000", "nonInterestIncome": "None", "otherNonOperatingIncome": "68339000", "depreciation": "None", "depreciationAndAmortization": "537531000", "incomeBeforeTax": "1512627000", "incomeTaxExpense": "305924000", "interestAndDebtExpense": "None", "netIncomeFromContinuingOperations": "1206703000", "comprehensiveIncomeNetOfTax": "None", "ebit": "1893969000", "ebitda": "2431500000", "netIncome": "1201970000"}, {"fiscalDateEnding": "2019-06-30", "reportedCurrency": "USD", "grossProfit": "3616840000", "totalRevenue": "14320324000", "costOfRevenue": "10703484000", "costofGoodsAndServicesSold": "10703484000", "operatingIncome": "2123563000", "sellingGeneralAndAdministrative": "1543939000", "researchAndDevelopment": "294852000", "operatingExpenses": "1543939000", "investmentIncomeNet": "None", "netInterestIncome": "-190138000", "interestIncome": "190138000", "interestExpense": "190138000", "nonInterestIncome": "None", "otherNonOperatingIncome": "50662000", "depreciation": "None", "depreciationAndAmortization": "436189000", "incomeBeforeTax": "1933425000", "incomeTaxExpense": "420494000", "interestAndDebtExpense": "None", "netIncomeFromContinuingOperations": "1512931000", "comprehensiveIncomeNetOfTax": "None", "ebit": "2077279000", "ebitda": "2513468000", "netIncome": "1512364000"}, {"fiscalDateEnding": "2018-06-30", "reportedCurrency": "USD", "grossProfit": "3539551000", "totalRevenue": "14302392000", "costOfRevenue": "10762841000", "costofGoodsAndServicesSold": "10762841000", "operatingIncome": "1882399000", "sellingGeneralAndAdministrative": "1657152000", "researchAndDevelopment": "327877000", "operatingExpenses": "1657152000", "investmentIncomeNet": "None", "netInterestIncome": "-213873000", "interestIncome": "278173000", "interestExpense": "213873000", "nonInterestIncome": "None", "otherNonOperatingIncome": "33751000", "depreciation": "None", "depreciationAndAmortization": "466085000", "incomeBeforeTax": "1702277000", "incomeTaxExpense": "640962000", "interestAndDebtExpense": "None", "netIncomeFromContinuingOperations": "1061315000", "comprehensiveIncomeNetOfTax": "None", "ebit": "1916150000", "ebitda": "2382235000", "netIncome": "1060801000"}, {"fiscalDateEnding": "2017-06-30", "reportedCurrency": "USD", "grossProfit": "2840350000", "totalRevenue": "12029312000", "costOfRevenue": "9188962000", "costofGoodsAndServicesSold": "9188962000", "operatingIncome": "1386415000", "sellingGeneralAndAdministrative": "1453935000", "researchAndDevelopment": "336675000", "operatingExpenses": "1453935000", "investmentIncomeNet": "None", "netInterestIncome": "-162436000", "interestIncome": "162436000", "interestExpense": "162436000", "nonInterestIncome": "None", "otherNonOperatingIncome": "104662000", "depreciation": "None", "depreciationAndAmortization": "355229000", "incomeBeforeTax": "1328641000", "incomeTaxExpense": "344797000", "interestAndDebtExpense": "None", "netIncomeFromContinuingOperations": "983844000", "comprehensiveIncomeNetOfTax": "None", "ebit": "1491077000", "ebitda": "1846306000", "netIncome": "983412000"}, {"fiscalDateEnding": "2016-06-30", "reportedCurrency": "USD", "grossProfit": "2537369000", "totalRevenue": "11360753000", "costOfRevenue": "8823384000", "costofGoodsAndServicesSold": "8823384000", "operatingIncome": "1178009000", "sellingGeneralAndAdministrative": "1359360000", "researchAndDevelopment": "359796000", "operatingExpenses": "1359360000", "investmentIncomeNet": "None", "netInterestIncome": "-136517000", "interestIncome": "None", "interestExpense": "136517000", "nonInterestIncome": "None", "otherNonOperatingIncome": "73236000", "depreciation": "None", "depreciationAndAmortization": "306843000", "incomeBeforeTax": "1114728000", "incomeTaxExpense": "307512000", "interestAndDebtExpense": "None", "netIncomeFromContinuingOperations": "807216000", "comprehensiveIncomeNetOfTax": "None", "ebit": "1251245000", "ebitda": "1558088000", "netIncome": "806840000"}, {"fiscalDateEnding": "2015-06-30", "reportedCurrency": "USD", "grossProfit": "3056499000", "totalRevenue": "12711744000", "costOfRevenue": "9655245000", "costofGoodsAndServicesSold": "9655245000", "operatingIncome": "1511753000", "sellingGeneralAndAdministrative": "1544746000", "researchAndDevelopment": "403085000", "operatingExpenses": "1544746000", "investmentIncomeNet": "None", "netInterestIncome": "None", "interestIncome": "None", "interestExpense": "118406000", "nonInterestIncome": "None", "otherNonOperatingIncome": "38893000", "depreciation": "None", "depreciationAndAmortization": "317491000", "incomeBeforeTax": "1432240000", "incomeTaxExpense": "419687000", "interestAndDebtExpense": "None", "netIncomeFromContinuingOperations": "1012553000", "comprehensiveIncomeNetOfTax": "None", "ebit": "1544060000", "ebitda": "1861551000", "netIncome": "1012140000"}, {"fiscalDateEnding": "2014-06-30", "reportedCurrency": "USD", "grossProfit": "3027744000", "totalRevenue": "13215971000", "costOfRevenue": "10188227000", "costofGoodsAndServicesSold": "10188227000", "operatingIncome": "1393752000", "sellingGeneralAndAdministrative": "1633992000", "researchAndDevelopment": "410132000", "operatingExpenses": "1633992000", "investmentIncomeNet": "None", "netInterestIncome": "None", "interestIncome": "None", "interestExpense": "82566000", "nonInterestIncome": "None", "otherNonOperatingIncome": "434404000", "depreciation": "None", "depreciationAndAmortization": "336702000", "incomeBeforeTax": "1556720000", "incomeTaxExpense": "515302000", "interestAndDebtExpense": "None", "netIncomeFromContinuingOperations": "1041418000", "comprehensiveIncomeNetOfTax": "None", "ebit": "1496201000", "ebitda": "1832903000", "netIncome": "1041048000"}, {"fiscalDateEnding": "2013-06-30", "reportedCurrency": "USD", "grossProfit": "2929029000", "totalRevenue": "13015704000", "costOfRevenue": "10086675000", "costofGoodsAndServicesSold": "10086675000", "operatingIncome": "1374056000", "sellingGeneralAndAdministrative": "1554973000", "researchAndDevelopment": "406613000", "operatingExpenses": "1554973000", "investmentIncomeNet": "None", "netInterestIncome": "None", "interestIncome": "None", "interestExpense": "91552000", "nonInterestIncome": "None", "otherNonOperatingIncome": "28497000", "depreciation": "None", "depreciationAndAmortization": "335624000", "incomeBeforeTax": "1311001000", "incomeTaxExpense": "362217000", "interestAndDebtExpense": "None", "netIncomeFromContinuingOperations": "948784000", "comprehensiveIncomeNetOfTax": "None", "ebit": "1402553000", "ebitda": "1738177000", "netIncome": "948427000"}, {"fiscalDateEnding": "2012-06-30", "reportedCurrency": "USD", "grossProfit": "3187605000", "totalRevenue": "13145942000", "costOfRevenue": "9958337000", "costofGoodsAndServicesSold": "9958337000", "operatingIncome": "1668289000", "sellingGeneralAndAdministrative": "1519316000", "researchAndDevelopment": "322045000", "operatingExpenses": "1519316000", "investmentIncomeNet": "None", "netInterestIncome": "None", "interestIncome": "None", "interestExpense": "92790000", "nonInterestIncome": "None", "otherNonOperatingIncome": "1199000", "depreciation": "None", "depreciationAndAmortization": "321929000", "incomeBeforeTax": "1576698000", "incomeTaxExpense": "421206000", "interestAndDebtExpense": "None", "netIncomeFromContinuingOperations": "1155492000", "comprehensiveIncomeNetOfTax": "None", "ebit": "1669488000", "ebitda": "1991417000", "netIncome": "1151823000"}, {"fiscalDateEnding": "2011-06-30", "reportedCurrency": "USD", "grossProfit": "2958413000", "totalRevenue": "12345870000", "costOfRevenue": "9387457000", "costofGoodsAndServicesSold": "9387457000", "operatingIncome": "1490640000", "sellingGeneralAndAdministrative": "1467773000", "researchAndDevelopment": "298129000", "operatingExpenses": "1467773000", "investmentIncomeNet": "None", "netInterestIncome": "None", "interestIncome": "None", "interestExpense": "99704000", "nonInterestIncome": "None", "otherNonOperatingIncome": "22785000", "depreciation": "None", "depreciationAndAmortization": "339800000", "incomeBeforeTax": "1413721000", "incomeTaxExpense": "356571000", "interestAndDebtExpense": "None", "netIncomeFromContinuingOperations": "1057150000", "comprehensiveIncomeNetOfTax": "None", "ebit": "1513425000", "ebitda": "1853225000", "netIncome": "1049130000"}, {"fiscalDateEnding": "2010-06-30", "reportedCurrency": "USD", "grossProfit": "2146099000", "totalRevenue": "9993166000", "costOfRevenue": "7847067000", "costofGoodsAndServicesSold": "7847067000", "operatingIncome": "869019000", "sellingGeneralAndAdministrative": "1277080000", "researchAndDevelopment": "275904000", "operatingExpenses": "1277080000", "investmentIncomeNet": "None", "netInterestIncome": "None", "interestIncome": "None", "interestExpense": "103599000", "nonInterestIncome": "None", "otherNonOperatingIncome": "-10603000", "depreciation": "None", "depreciationAndAmortization": "362509000", "incomeBeforeTax": "754817000", "incomeTaxExpense": "198452000", "interestAndDebtExpense": "None", "netIncomeFromContinuingOperations": "556365000", "comprehensiveIncomeNetOfTax": "None", "ebit": "858416000", "ebitda": "1220925000", "netIncome": "554065000"}, {"fiscalDateEnding": "2009-06-30", "reportedCurrency": "USD", "grossProfit": "2127667000", "totalRevenue": "10309015000", "costOfRevenue": "8181348000", "costofGoodsAndServicesSold": "8181348000", "operatingIncome": "837288000", "sellingGeneralAndAdministrative": "1290379000", "researchAndDevelopment": "288169000", "operatingExpenses": "1290379000", "investmentIncomeNet": "None", "netInterestIncome": "None", "interestIncome": "None", "interestExpense": "112071000", "nonInterestIncome": "None", "otherNonOperatingIncome": "None", "depreciation": "None", "depreciationAndAmortization": "357737000", "incomeBeforeTax": "681454000", "incomeTaxExpense": "172939000", "interestAndDebtExpense": "None", "netIncomeFromContinuingOperations": "None", "comprehensiveIncomeNetOfTax": "None", "ebit": "790327000", "ebitda": "1148064000", "netIncome": "508515000"}, {"fiscalDateEnding": "2008-06-30", "reportedCurrency": "USD", "grossProfit": "2806533000", "totalRevenue": "12145605000", "costOfRevenue": "9339072000", "costofGoodsAndServicesSold": "9339072000", "operatingIncome": "1442451000", "sellingGeneralAndAdministrative": "1364082000", "researchAndDevelopment": "255341000", "operatingExpenses": "1364082000", "investmentIncomeNet": "None", "netInterestIncome": "None", "interestIncome": "None", "interestExpense": "98996000", "nonInterestIncome": "None", "otherNonOperatingIncome": "None", "depreciation": "None", "depreciationAndAmortization": "326724000", "incomeBeforeTax": "1326524000", "incomeTaxExpense": "377058000", "interestAndDebtExpense": "None", "netIncomeFromContinuingOperations": "None", "comprehensiveIncomeNetOfTax": "None", "ebit": "1425756000", "ebitda": "1752480000", "netIncome": "949466000"}, {"fiscalDateEnding": "2007-06-30", "reportedCurrency": "USD", "grossProfit": "2445110000", "totalRevenue": "10718059000", "costOfRevenue": "8272949000", "costofGoodsAndServicesSold": "8272949000", "operatingIncome": "1218249000", "sellingGeneralAndAdministrative": "1226861000", "researchAndDevelopment": "212197000", "operatingExpenses": "1226861000", "investmentIncomeNet": "None", "netInterestIncome": "None", "interestIncome": "None", "interestExpense": "0", "nonInterestIncome": "None", "otherNonOperatingIncome": "None", "depreciation": "None", "depreciationAndAmortization": "294566000", "incomeBeforeTax": "1159282000", "incomeTaxExpense": "329236000", "interestAndDebtExpense": "None", "netIncomeFromContinuingOperations": "None", "comprehensiveIncomeNetOfTax": "None", "ebit": "1218249000", "ebitda": "1512815000", "netIncome": "830046000"}, {"fiscalDateEnding": "2006-06-30", "reportedCurrency": "USD", "grossProfit": "2018270000", "totalRevenue": "9385888000", "costOfRevenue": "7367618000", "costofGoodsAndServicesSold": "7367618000", "operatingIncome": "981624000", "sellingGeneralAndAdministrative": "1036646000", "researchAndDevelopment": "166170000", "operatingExpenses": "1036646000", "investmentIncomeNet": "None", "netInterestIncome": "None", "interestIncome": "None", "interestExpense": "0", "nonInterestIncome": "None", "otherNonOperatingIncome": "None", "depreciation": "None", "depreciationAndAmortization": "280971000", "incomeBeforeTax": "899958000", "incomeTaxExpense": "261682000", "interestAndDebtExpense": "None", "netIncomeFromContinuingOperations": "None", "comprehensiveIncomeNetOfTax": "None", "ebit": "981624000", "ebitda": "1262595000", "netIncome": "673167000"}, {"fiscalDateEnding": "2005-06-30", "reportedCurrency": "USD", "grossProfit": "1706984000", "totalRevenue": "8215095000", "costOfRevenue": "6508111000", "costofGoodsAndServicesSold": "6508111000", "operatingIncome": "834871000", "sellingGeneralAndAdministrative": "872113000", "researchAndDevelopment": "130574000", "operatingExpenses": "872113000", "investmentIncomeNet": "None", "netInterestIncome": "None", "interestIncome": "None", "interestExpense": "0", "nonInterestIncome": "None", "otherNonOperatingIncome": "None", "depreciation": "None", "depreciationAndAmortization": "264699000", "incomeBeforeTax": "756473000", "incomeTaxExpense": "208500000", "interestAndDebtExpense": "None", "netIncomeFromContinuingOperations": "None", "comprehensiveIncomeNetOfTax": "None", "ebit": "805140000", "ebitda": "1069839000", "netIncome": "604692000"}], "quarterlyReports": [{"fiscalDateEnding": "2024-12-31", "reportedCurrency": "USD", "grossProfit": "1720364000", "totalRevenue": "4742593000", "costOfRevenue": "3022229000", "costofGoodsAndServicesSold": "3022229000", "operatingIncome": "1282141000", "sellingGeneralAndAdministrative": "782421000", "researchAndDevelopment": "None", "operatingExpenses": "782421000", "investmentIncomeNet": "None", "netInterestIncome": "-98371000", "interestIncome": "2431000", "interestExpense": "100802000", "nonInterestIncome": "None", "otherNonOperatingIncome": "None", "depreciation": "None", "depreciationAndAmortization": "225823000", "incomeBeforeTax": "1165857000", "incomeTaxExpense": "217208000", "interestAndDebtExpense": "None", "netIncomeFromContinuingOperations": "948649000", "comprehensiveIncomeNetOfTax": "None", "ebit": "1266659000", "ebitda": "1492482000", "netIncome": "948542000"}, {"fiscalDateEnding": "2024-09-30", "reportedCurrency": "USD", "grossProfit": "1806265000", "totalRevenue": "4903984000", "costOfRevenue": "3097719000", "costofGoodsAndServicesSold": "3097719000", "operatingIncome": "972795000", "sellingGeneralAndAdministrative": "848789000", "researchAndDevelopment": "None", "operatingExpenses": "838910000", "investmentIncomeNet": "None", "netInterestIncome": "-110274000", "interestIncome": "2817000", "interestExpense": "113091000", "nonInterestIncome": "None", "otherNonOperatingIncome": "None", "depreciation": "None", "depreciationAndAmortization": "229046000", "incomeBeforeTax": "875186000", "incomeTaxExpense": "176658000", "interestAndDebtExpense": "None", "netIncomeFromContinuingOperations": "698528000", "comprehensiveIncomeNetOfTax": "None", "ebit": "988277000", "ebitda": "1217323000", "netIncome": "698420000"}, {"fiscalDateEnding": "2024-06-30", "reportedCurrency": "USD", "grossProfit": "1875080000", "totalRevenue": "5186815000", "costOfRevenue": "3311735000", "costofGoodsAndServicesSold": "3311735000", "operatingIncome": "1071409000", "sellingGeneralAndAdministrative": "798347000", "researchAndDevelopment": "298000000", "operatingExpenses": "803671000", "investmentIncomeNet": "None", "netInterestIncome": "-112266000", "interestIncome": "7000000", "interestExpense": "119266000", "nonInterestIncome": "None", "otherNonOperatingIncome": "None", "depreciation": "None", "depreciationAndAmortization": "230668000", "incomeBeforeTax": "985960000", "incomeTaxExpense": "200887000", "interestAndDebtExpense": "None", "netIncomeFromContinuingOperations": "785073000", "comprehensiveIncomeNetOfTax": "None", "ebit": "1090350000", "ebitda": "1321018000", "netIncome": "784963000"}, {"fiscalDateEnding": "2024-03-31", "reportedCurrency": "USD", "grossProfit": "1797720000", "totalRevenue": "5074356000", "costOfRevenue": "3276636000", "costofGoodsAndServicesSold": "3276636000", "operatingIncome": "1005507000", "sellingGeneralAndAdministrative": "798337000", "researchAndDevelopment": "None", "operatingExpenses": "792213000", "investmentIncomeNet": "None", "netInterestIncome": "-120732000", "interestIncome": "3000000", "interestExpense": "123732000", "nonInterestIncome": "None", "otherNonOperatingIncome": "None", "depreciation": "None", "depreciationAndAmortization": "228298000", "incomeBeforeTax": "920043000", "incomeTaxExpense": "193309000", "interestAndDebtExpense": "None", "netIncomeFromContinuingOperations": "726734000", "comprehensiveIncomeNetOfTax": "None", "ebit": "1005507000", "ebitda": "1233805000", "netIncome": "726574000"}, {"fiscalDateEnding": "2023-12-31", "reportedCurrency": "USD", "grossProfit": "1718985000", "totalRevenue": "4820947000", "costOfRevenue": "3101962000", "costofGoodsAndServicesSold": "3101962000", "operatingIncome": "868165000", "sellingGeneralAndAdministrative": "789802000", "researchAndDevelopment": "None", "operatingExpenses": "789802000", "investmentIncomeNet": "None", "netInterestIncome": "-127029000", "interestIncome": "2000000", "interestExpense": "129029000", "nonInterestIncome": "None", "otherNonOperatingIncome": "None", "depreciation": "None", "depreciationAndAmortization": "227778000", "incomeBeforeTax": "868165000", "incomeTaxExpense": "186108000", "interestAndDebtExpense": "None", "netIncomeFromContinuingOperations": "682057000", "comprehensiveIncomeNetOfTax": "None", "ebit": "952737000", "ebitda": "1180515000", "netIncome": "681851000"}, {"fiscalDateEnding": "2023-09-30", "reportedCurrency": "USD", "grossProfit": "1750139000", "totalRevenue": "4847488000", "costOfRevenue": "3097349000", "costofGoodsAndServicesSold": "3097349000", "operatingIncome": "820435000", "sellingGeneralAndAdministrative": "873691000", "researchAndDevelopment": "None", "operatingExpenses": "873691000", "investmentIncomeNet": "None", "netInterestIncome": "-134468000", "interestIncome": "134468000", "interestExpense": "134468000", "nonInterestIncome": "None", "otherNonOperatingIncome": "None", "depreciation": "None", "depreciationAndAmortization": "240387000", "incomeBeforeTax": "820435000", "incomeTaxExpense": "169608000", "interestAndDebtExpense": "None", "netIncomeFromContinuingOperations": "651072000", "comprehensiveIncomeNetOfTax": "None", "ebit": "915331000", "ebitda": "1155718000", "netIncome": "650827000"}, {"fiscalDateEnding": "2023-06-30", "reportedCurrency": "USD", "grossProfit": "1833083000", "totalRevenue": "5095943000", "costOfRevenue": "3262860000", "costofGoodsAndServicesSold": "3262860000", "operatingIncome": "1060371000", "sellingGeneralAndAdministrative": "800966000", "researchAndDevelopment": "331000000", "operatingExpenses": "834940000", "investmentIncomeNet": "None", "netInterestIncome": "-157176000", "interestIncome": "157176000", "interestExpense": "157176000", "nonInterestIncome": "None", "otherNonOperatingIncome": "62228000", "depreciation": "None", "depreciationAndAmortization": "209063000", "incomeBeforeTax": "903195000", "incomeTaxExpense": "194117000", "interestAndDebtExpense": "None", "netIncomeFromContinuingOperations": "709078000", "comprehensiveIncomeNetOfTax": "None", "ebit": "1060371000", "ebitda": "1269434000", "netIncome": "708956000"}, {"fiscalDateEnding": "2023-03-31", "reportedCurrency": "USD", "grossProfit": "1720901000", "totalRevenue": "5061665000", "costOfRevenue": "3340764000", "costofGoodsAndServicesSold": "3340764000", "operatingIncome": "908374000", "sellingGeneralAndAdministrative": "868393000", "researchAndDevelopment": "None", "operatingExpenses": "868393000", "investmentIncomeNet": "None", "netInterestIncome": "-151993000", "interestIncome": "105993000", "interestExpense": "151993000", "nonInterestIncome": "None", "otherNonOperatingIncome": "55866000", "depreciation": "None", "depreciationAndAmortization": "225341000", "incomeBeforeTax": "756381000", "incomeTaxExpense": "165421000", "interestAndDebtExpense": "None", "netIncomeFromContinuingOperations": "590960000", "comprehensiveIncomeNetOfTax": "None", "ebit": "908374000", "ebitda": "1133715000", "netIncome": "590889000"}, {"fiscalDateEnding": "2022-12-31", "reportedCurrency": "USD", "grossProfit": "1437999000", "totalRevenue": "4674811000", "costOfRevenue": "3236812000", "costofGoodsAndServicesSold": "3236812000", "operatingIncome": "623033000", "sellingGeneralAndAdministrative": "814966000", "researchAndDevelopment": "None", "operatingExpenses": "814966000", "investmentIncomeNet": "None", "netInterestIncome": "-146931000", "interestIncome": "146931000", "interestExpense": "146931000", "nonInterestIncome": "None", "otherNonOperatingIncome": "40641000", "depreciation": "None", "depreciationAndAmortization": "229744000", "incomeBeforeTax": "516743000", "incomeTaxExpense": "121282000", "interestAndDebtExpense": "None", "netIncomeFromContinuingOperations": "395461000", "comprehensiveIncomeNetOfTax": "None", "ebit": "663450000", "ebitda": "893194000", "netIncome": "395461000"}, {"fiscalDateEnding": "2022-09-30", "reportedCurrency": "USD", "grossProfit": "1437319000", "totalRevenue": "4232775000", "costOfRevenue": "2795456000", "costofGoodsAndServicesSold": "2795456000", "operatingIncome": "601515000", "sellingGeneralAndAdministrative": "835804000", "researchAndDevelopment": "None", "operatingExpenses": "835804000", "investmentIncomeNet": "None", "netInterestIncome": "-117794000", "interestIncome": "489794000", "interestExpense": "117794000", "nonInterestIncome": "None", "otherNonOperatingIncome": "19624000", "depreciation": "None", "depreciationAndAmortization": "153981000", "incomeBeforeTax": "503345000", "incomeTaxExpense": "115308000", "interestAndDebtExpense": "None", "netIncomeFromContinuingOperations": "388037000", "comprehensiveIncomeNetOfTax": "None", "ebit": "620956000", "ebitda": "774937000", "netIncome": "388037000"}, {"fiscalDateEnding": "2022-06-30", "reportedCurrency": "USD", "grossProfit": "1207178000", "totalRevenue": "4187832000", "costOfRevenue": "2980654000", "costofGoodsAndServicesSold": "2980654000", "operatingIncome": "189438000", "sellingGeneralAndAdministrative": "427210000", "researchAndDevelopment": "265000000", "operatingExpenses": "426210000", "investmentIncomeNet": "None", "netInterestIncome": "-71270000", "interestIncome": "47270000", "interestExpense": "71270000", "nonInterestIncome": "None", "otherNonOperatingIncome": "-591530000", "depreciation": "None", "depreciationAndAmortization": "139442000", "incomeBeforeTax": "118168000", "incomeTaxExpense": "-10738000", "interestAndDebtExpense": "None", "netIncomeFromContinuingOperations": "128906000", "comprehensiveIncomeNetOfTax": "None", "ebit": "189438000", "ebitda": "328880000", "netIncome": "128831000"}, {"fiscalDateEnding": "2022-03-31", "reportedCurrency": "USD", "grossProfit": "1158396000", "totalRevenue": "4086387000", "costOfRevenue": "2927991000", "costofGoodsAndServicesSold": "2927991000", "operatingIncome": "745965000", "sellingGeneralAndAdministrative": "412431000", "researchAndDevelopment": "None", "operatingExpenses": "412431000", "investmentIncomeNet": "None", "netInterestIncome": "-63272000", "interestIncome": "46272000", "interestExpense": "63272000", "nonInterestIncome": "None", "otherNonOperatingIncome": "-248704000", "depreciation": "None", "depreciationAndAmortization": "142697000", "incomeBeforeTax": "433989000", "incomeTaxExpense": "85901000", "interestAndDebtExpense": "None", "netIncomeFromContinuingOperations": "348088000", "comprehensiveIncomeNetOfTax": "None", "ebit": "497190000", "ebitda": "639887000", "netIncome": "348088000"}, {"fiscalDateEnding": "2021-12-31", "reportedCurrency": "USD", "grossProfit": "1059855000", "totalRevenue": "3824580000", "costOfRevenue": "2764725000", "costofGoodsAndServicesSold": "2764725000", "operatingIncome": "679145000", "sellingGeneralAndAdministrative": "585858000", "researchAndDevelopment": "None", "operatingExpenses": "585858000", "investmentIncomeNet": "None", "netInterestIncome": "-61360000", "interestIncome": "61360000", "interestExpense": "61360000", "nonInterestIncome": "None", "otherNonOperatingIncome": "-127461000", "depreciation": "None", "depreciationAndAmortization": "144103000", "incomeBeforeTax": "490324000", "incomeTaxExpense": "102595000", "interestAndDebtExpense": "None", "netIncomeFromContinuingOperations": "387729000", "comprehensiveIncomeNetOfTax": "None", "ebit": "551555000", "ebitda": "695658000", "netIncome": "387729000"}, {"fiscalDateEnding": "2021-09-30", "reportedCurrency": "USD", "grossProfit": "1258427000", "totalRevenue": "3762809000", "costOfRevenue": "2504382000", "costofGoodsAndServicesSold": "2504382000", "operatingIncome": "641147000", "sellingGeneralAndAdministrative": "626479000", "researchAndDevelopment": "None", "operatingExpenses": "626479000", "investmentIncomeNet": "None", "netInterestIncome": "-59350000", "interestIncome": "40350000", "interestExpense": "59350000", "nonInterestIncome": "None", "otherNonOperatingIncome": "-10052000", "depreciation": "None", "depreciationAndAmortization": "145522000", "incomeBeforeTax": "571745000", "incomeTaxExpense": "120282000", "interestAndDebtExpense": "None", "netIncomeFromContinuingOperations": "451463000", "comprehensiveIncomeNetOfTax": "None", "ebit": "630789000", "ebitda": "776311000", "netIncome": "451157000"}, {"fiscalDateEnding": "2021-06-30", "reportedCurrency": "USD", "grossProfit": "1126588000", "totalRevenue": "3958869000", "costOfRevenue": "2832281000", "costofGoodsAndServicesSold": "2832281000", "operatingIncome": "713787000", "sellingGeneralAndAdministrative": "426048000", "researchAndDevelopment": "259000000", "operatingExpenses": "414048000", "investmentIncomeNet": "None", "netInterestIncome": "-60258000", "interestIncome": "2000000", "interestExpense": "60258000", "nonInterestIncome": "None", "otherNonOperatingIncome": "4269000", "depreciation": "None", "depreciationAndAmortization": "146582000", "incomeBeforeTax": "656551000", "incomeTaxExpense": "151582000", "interestAndDebtExpense": "None", "netIncomeFromContinuingOperations": "504969000", "comprehensiveIncomeNetOfTax": "None", "ebit": "709675000", "ebitda": "856257000", "netIncome": "504793000"}, {"fiscalDateEnding": "2021-03-31", "reportedCurrency": "USD", "grossProfit": "1033541000", "totalRevenue": "3746326000", "costOfRevenue": "2712785000", "costofGoodsAndServicesSold": "2712785000", "operatingIncome": "644722000", "sellingGeneralAndAdministrative": "386831000", "researchAndDevelopment": "None", "operatingExpenses": "386831000", "investmentIncomeNet": "None", "netInterestIncome": "-60830000", "interestIncome": "2000000", "interestExpense": "60830000", "nonInterestIncome": "None", "otherNonOperatingIncome": "13460000", "depreciation": "None", "depreciationAndAmortization": "150548000", "incomeBeforeTax": "597352000", "incomeTaxExpense": "125619000", "interestAndDebtExpense": "None", "netIncomeFromContinuingOperations": "471733000", "comprehensiveIncomeNetOfTax": "None", "ebit": "658096000", "ebitda": "808644000", "netIncome": "473239000"}, {"fiscalDateEnding": "2020-12-31", "reportedCurrency": "USD", "grossProfit": "892360000", "totalRevenue": "3411905000", "costOfRevenue": "2519545000", "costofGoodsAndServicesSold": "2519545000", "operatingIncome": "535788000", "sellingGeneralAndAdministrative": "356572000", "researchAndDevelopment": "None", "operatingExpenses": "356572000", "investmentIncomeNet": "None", "netInterestIncome": "-62990000", "interestIncome": "50990000", "interestExpense": "62990000", "nonInterestIncome": "None", "otherNonOperatingIncome": "103714000", "depreciation": "None", "depreciationAndAmortization": "149818000", "incomeBeforeTax": "576512000", "incomeTaxExpense": "129015000", "interestAndDebtExpense": "None", "netIncomeFromContinuingOperations": "447497000", "comprehensiveIncomeNetOfTax": "None", "ebit": "545941000", "ebitda": "695759000", "netIncome": "447306000"}, {"fiscalDateEnding": "2020-09-30", "reportedCurrency": "USD", "grossProfit": "846212000", "totalRevenue": "3230540000", "costOfRevenue": "2384328000", "costofGoodsAndServicesSold": "2384328000", "operatingIncome": "476361000", "sellingGeneralAndAdministrative": "382851000", "researchAndDevelopment": "None", "operatingExpenses": "369851000", "investmentIncomeNet": "None", "netInterestIncome": "-65958000", "interestIncome": "2000000", "interestExpense": "65958000", "nonInterestIncome": "None", "otherNonOperatingIncome": "4892000", "depreciation": "None", "depreciationAndAmortization": "148442000", "incomeBeforeTax": "415295000", "incomeTaxExpense": "93578000", "interestAndDebtExpense": "None", "netIncomeFromContinuingOperations": "321717000", "comprehensiveIncomeNetOfTax": "None", "ebit": "480796000", "ebitda": "629238000", "netIncome": "321409000"}, {"fiscalDateEnding": "2020-06-30", "reportedCurrency": "USD", "grossProfit": "803284000", "totalRevenue": "3160603000", "costOfRevenue": "2357319000", "costofGoodsAndServicesSold": "2357319000", "operatingIncome": "450491000", "sellingGeneralAndAdministrative": "352793000", "researchAndDevelopment": "293837000", "operatingExpenses": "352793000", "investmentIncomeNet": "None", "netInterestIncome": "-43549000", "interestIncome": "None", "interestExpense": "74549000", "nonInterestIncome": "None", "otherNonOperatingIncome": "-5374000", "depreciation": "None", "depreciationAndAmortization": "146582000", "incomeBeforeTax": "370568000", "incomeTaxExpense": "74873000", "interestAndDebtExpense": "None", "netIncomeFromContinuingOperations": "295695000", "comprehensiveIncomeNetOfTax": "None", "ebit": "445117000", "ebitda": "591699000", "netIncome": "295716000"}, {"fiscalDateEnding": "2020-03-31", "reportedCurrency": "USD", "grossProfit": "935739000", "totalRevenue": "3702432000", "costOfRevenue": "2766693000", "costofGoodsAndServicesSold": "2766693000", "operatingIncome": "522279000", "sellingGeneralAndAdministrative": "413460000", "researchAndDevelopment": "None", "operatingExpenses": "413460000", "investmentIncomeNet": "None", "netInterestIncome": "-80765000", "interestIncome": "None", "interestExpense": "80765000", "nonInterestIncome": "None", "otherNonOperatingIncome": "12643000", "depreciation": "None", "depreciationAndAmortization": "137649000", "incomeBeforeTax": "454157000", "incomeTaxExpense": "86788000", "interestAndDebtExpense": "None", "netIncomeFromContinuingOperations": "367369000", "comprehensiveIncomeNetOfTax": "None", "ebit": "534922000", "ebitda": "672571000", "netIncome": "367253000"}, {"fiscalDateEnding": "2019-12-31", "reportedCurrency": "USD", "grossProfit": "815209000", "totalRevenue": "3497974000", "costOfRevenue": "2682765000", "costofGoodsAndServicesSold": "2682765000", "operatingIncome": "324088000", "sellingGeneralAndAdministrative": "491121000", "researchAndDevelopment": "None", "operatingExpenses": "491121000", "investmentIncomeNet": "None", "netInterestIncome": "-82891000", "interestIncome": "None", "interestExpense": "82891000", "nonInterestIncome": "None", "otherNonOperatingIncome": "13549000", "depreciation": "None", "depreciationAndAmortization": "144229000", "incomeBeforeTax": "254746000", "incomeTaxExpense": "50148000", "interestAndDebtExpense": "None", "netIncomeFromContinuingOperations": "204598000", "comprehensiveIncomeNetOfTax": "None", "ebit": "337637000", "ebitda": "481866000", "netIncome": "204474000"}, {"fiscalDateEnding": "2019-09-30", "reportedCurrency": "USD", "grossProfit": "854770000", "totalRevenue": "3334511000", "costOfRevenue": "2479741000", "costofGoodsAndServicesSold": "2479741000", "operatingIncome": "455591000", "sellingGeneralAndAdministrative": "399179000", "researchAndDevelopment": "None", "operatingExpenses": "399179000", "investmentIncomeNet": "None", "netInterestIncome": "-69956000", "interestIncome": "None", "interestExpense": "69956000", "nonInterestIncome": "None", "otherNonOperatingIncome": "47521000", "depreciation": "None", "depreciationAndAmortization": "109071000", "incomeBeforeTax": "433156000", "incomeTaxExpense": "94115000", "interestAndDebtExpense": "None", "netIncomeFromContinuingOperations": "339041000", "comprehensiveIncomeNetOfTax": "None", "ebit": "503112000", "ebitda": "612183000", "netIncome": "338898000"}, {"fiscalDateEnding": "2019-06-30", "reportedCurrency": "USD", "grossProfit": "941889000", "totalRevenue": "3681467000", "costOfRevenue": "2739578000", "costofGoodsAndServicesSold": "2739578000", "operatingIncome": "550396000", "sellingGeneralAndAdministrative": "391493000", "researchAndDevelopment": "294852000", "operatingExpenses": "391493000", "investmentIncomeNet": "None", "netInterestIncome": "-50072000", "interestIncome": "None", "interestExpense": "50072000", "nonInterestIncome": "None", "otherNonOperatingIncome": "13024000", "depreciation": "None", "depreciationAndAmortization": "105388000", "incomeBeforeTax": "513348000", "incomeTaxExpense": "99610000", "interestAndDebtExpense": "None", "netIncomeFromContinuingOperations": "413738000", "comprehensiveIncomeNetOfTax": "None", "ebit": "562716000", "ebitda": "668104000", "netIncome": "413668000"}, {"fiscalDateEnding": "2019-03-31", "reportedCurrency": "USD", "grossProfit": "920774000", "totalRevenue": "3687518000", "costOfRevenue": "2766744000", "costofGoodsAndServicesSold": "2766744000", "operatingIncome": "559909000", "sellingGeneralAndAdministrative": "360865000", "researchAndDevelopment": "None", "operatingExpenses": "360865000", "investmentIncomeNet": "None", "netInterestIncome": "-48209000", "interestIncome": "None", "interestExpense": "48209000", "nonInterestIncome": "None", "otherNonOperatingIncome": "17500000", "depreciation": "None", "depreciationAndAmortization": "108258000", "incomeBeforeTax": "529200000", "incomeTaxExpense": "117819000", "interestAndDebtExpense": "None", "netIncomeFromContinuingOperations": "411381000", "comprehensiveIncomeNetOfTax": "None", "ebit": "555858000", "ebitda": "664116000", "netIncome": "411248000"}, {"fiscalDateEnding": "2018-12-31", "reportedCurrency": "USD", "grossProfit": "869706000", "totalRevenue": "3472045000", "costOfRevenue": "2602339000", "costofGoodsAndServicesSold": "2602339000", "operatingIncome": "472447000", "sellingGeneralAndAdministrative": "397259000", "researchAndDevelopment": "0", "operatingExpenses": "397259000", "investmentIncomeNet": "None", "netInterestIncome": "None", "interestIncome": "None", "interestExpense": "47518000", "nonInterestIncome": "None", "otherNonOperatingIncome": "6225000", "depreciation": "None", "depreciationAndAmortization": "110052000", "incomeBeforeTax": "431154000", "incomeTaxExpense": "119241000", "interestAndDebtExpense": "None", "netIncomeFromContinuingOperations": "311913000", "comprehensiveIncomeNetOfTax": "None", "ebit": "468975000", "ebitda": "579027000", "netIncome": "311737000"}, {"fiscalDateEnding": "2018-09-30", "reportedCurrency": "USD", "grossProfit": "884471000", "totalRevenue": "3479294000", "costOfRevenue": "2594823000", "costofGoodsAndServicesSold": "2594823000", "operatingIncome": "490149000", "sellingGeneralAndAdministrative": "394322000", "researchAndDevelopment": "0", "operatingExpenses": "394322000", "investmentIncomeNet": "None", "netInterestIncome": "None", "interestIncome": "None", "interestExpense": "44339000", "nonInterestIncome": "None", "otherNonOperatingIncome": "13913000", "depreciation": "None", "depreciationAndAmortization": "112491000", "incomeBeforeTax": "459723000", "incomeTaxExpense": "83824000", "interestAndDebtExpense": "None", "netIncomeFromContinuingOperations": "375899000", "comprehensiveIncomeNetOfTax": "None", "ebit": "490123000", "ebitda": "602614000", "netIncome": "375711000"}, {"fiscalDateEnding": "2018-06-30", "reportedCurrency": "USD", "grossProfit": "981592000", "totalRevenue": "3817477000", "costOfRevenue": "2835885000", "costofGoodsAndServicesSold": "2835885000", "operatingIncome": "559169000", "sellingGeneralAndAdministrative": "422423000", "researchAndDevelopment": "327877000", "operatingExpenses": "422423000", "investmentIncomeNet": "None", "netInterestIncome": "None", "interestIncome": "None", "interestExpense": "53040000", "nonInterestIncome": "None", "otherNonOperatingIncome": "-8202000", "depreciation": "None", "depreciationAndAmortization": "114769000", "incomeBeforeTax": "497927000", "incomeTaxExpense": "144599000", "interestAndDebtExpense": "None", "netIncomeFromContinuingOperations": "353328000", "comprehensiveIncomeNetOfTax": "None", "ebit": "584595000", "ebitda": "699364000", "netIncome": "353256000"}, {"fiscalDateEnding": "2018-03-31", "reportedCurrency": "USD", "grossProfit": "924583000", "totalRevenue": "3749591000", "costOfRevenue": "2825008000", "costofGoodsAndServicesSold": "2825008000", "operatingIncome": "503988000", "sellingGeneralAndAdministrative": "420595000", "researchAndDevelopment": "0", "operatingExpenses": "420595000", "investmentIncomeNet": "None", "netInterestIncome": "None", "interestIncome": "None", "interestExpense": "54145000", "nonInterestIncome": "None", "otherNonOperatingIncome": "19984000", "depreciation": "None", "depreciationAndAmortization": "117100000", "incomeBeforeTax": "469827000", "incomeTaxExpense": "103697000", "interestAndDebtExpense": "None", "netIncomeFromContinuingOperations": "366130000", "comprehensiveIncomeNetOfTax": "None", "ebit": "521264000", "ebitda": "638364000", "netIncome": "365989000"}, {"fiscalDateEnding": "2017-12-31", "reportedCurrency": "USD", "grossProfit": "801603000", "totalRevenue": "3370673000", "costOfRevenue": "2569070000", "costofGoodsAndServicesSold": "2569070000", "operatingIncome": "389141000", "sellingGeneralAndAdministrative": "412462000", "researchAndDevelopment": "0", "operatingExpenses": "412462000", "investmentIncomeNet": "None", "netInterestIncome": "None", "interestIncome": "None", "interestExpense": "53133000", "nonInterestIncome": "None", "otherNonOperatingIncome": "24213000", "depreciation": "None", "depreciationAndAmortization": "118109000", "incomeBeforeTax": "360221000", "incomeTaxExpense": "303899000", "interestAndDebtExpense": "None", "netIncomeFromContinuingOperations": "56322000", "comprehensiveIncomeNetOfTax": "None", "ebit": "413354000", "ebitda": "531463000", "netIncome": "56159000"}, {"fiscalDateEnding": "2017-09-30", "reportedCurrency": "USD", "grossProfit": "831773000", "totalRevenue": "3364651000", "costOfRevenue": "2532878000", "costofGoodsAndServicesSold": "2532878000", "operatingIncome": "430101000", "sellingGeneralAndAdministrative": "401672000", "researchAndDevelopment": "0", "operatingExpenses": "401672000", "investmentIncomeNet": "None", "netInterestIncome": "None", "interestIncome": "None", "interestExpense": "53555000", "nonInterestIncome": "None", "otherNonOperatingIncome": "-2244000", "depreciation": "None", "depreciationAndAmortization": "116107000", "incomeBeforeTax": "374302000", "incomeTaxExpense": "88767000", "interestAndDebtExpense": "None", "netIncomeFromContinuingOperations": "285535000", "comprehensiveIncomeNetOfTax": "None", "ebit": "427857000", "ebitda": "543964000", "netIncome": "285397000"}, {"fiscalDateEnding": "2017-06-30", "reportedCurrency": "USD", "grossProfit": "841556000", "totalRevenue": "3496238000", "costOfRevenue": "2654682000", "costofGoodsAndServicesSold": "2654682000", "operatingIncome": "439204000", "sellingGeneralAndAdministrative": "402352000", "researchAndDevelopment": "336675000", "operatingExpenses": "402352000", "investmentIncomeNet": "None", "netInterestIncome": "None", "interestIncome": "None", "interestExpense": "52787000", "nonInterestIncome": "None", "otherNonOperatingIncome": "14194000", "depreciation": "None", "depreciationAndAmortization": "118686000", "incomeBeforeTax": "400611000", "incomeTaxExpense": "107252000", "interestAndDebtExpense": "None", "netIncomeFromContinuingOperations": "293359000", "comprehensiveIncomeNetOfTax": "None", "ebit": "453398000", "ebitda": "572084000", "netIncome": "293305000"}, {"fiscalDateEnding": "2017-03-31", "reportedCurrency": "USD", "grossProfit": "735349000", "totalRevenue": "3119139000", "costOfRevenue": "2383790000", "costofGoodsAndServicesSold": "2383790000", "operatingIncome": "343313000", "sellingGeneralAndAdministrative": "392036000", "researchAndDevelopment": "0", "operatingExpenses": "392036000", "investmentIncomeNet": "None", "netInterestIncome": "None", "interestIncome": "None", "interestExpense": "42057000", "nonInterestIncome": "None", "otherNonOperatingIncome": "13807000", "depreciation": "None", "depreciationAndAmortization": "87458000", "incomeBeforeTax": "315063000", "incomeTaxExpense": "76216000", "interestAndDebtExpense": "None", "netIncomeFromContinuingOperations": "238847000", "comprehensiveIncomeNetOfTax": "None", "ebit": "357120000", "ebitda": "444578000", "netIncome": "238673000"}, {"fiscalDateEnding": "2016-12-31", "reportedCurrency": "USD", "grossProfit": "626320000", "totalRevenue": "2670804000", "costOfRevenue": "2044484000", "costofGoodsAndServicesSold": "2044484000", "operatingIncome": "289742000", "sellingGeneralAndAdministrative": "336578000", "researchAndDevelopment": "0", "operatingExpenses": "336578000", "investmentIncomeNet": "None", "netInterestIncome": "None", "interestIncome": "None", "interestExpense": "33444000", "nonInterestIncome": "None", "otherNonOperatingIncome": "64424000", "depreciation": "None", "depreciationAndAmortization": "73752000", "incomeBeforeTax": "320722000", "incomeTaxExpense": "79322000", "interestAndDebtExpense": "None", "netIncomeFromContinuingOperations": "241400000", "comprehensiveIncomeNetOfTax": "None", "ebit": "354166000", "ebitda": "427918000", "netIncome": "241305000"}, {"fiscalDateEnding": "2016-09-30", "reportedCurrency": "USD", "grossProfit": "637125000", "totalRevenue": "2743131000", "costOfRevenue": "2106006000", "costofGoodsAndServicesSold": "2106006000", "operatingIncome": "314156000", "sellingGeneralAndAdministrative": "322969000", "researchAndDevelopment": "0", "operatingExpenses": "322969000", "investmentIncomeNet": "None", "netInterestIncome": "None", "interestIncome": "None", "interestExpense": "34148000", "nonInterestIncome": "None", "otherNonOperatingIncome": "12237000", "depreciation": "None", "depreciationAndAmortization": "75333000", "incomeBeforeTax": "292245000", "incomeTaxExpense": "82007000", "interestAndDebtExpense": "None", "netIncomeFromContinuingOperations": "210238000", "comprehensiveIncomeNetOfTax": "None", "ebit": "326393000", "ebitda": "401726000", "netIncome": "210129000"}, {"fiscalDateEnding": "2016-06-30", "reportedCurrency": "USD", "grossProfit": "684695000", "totalRevenue": "2957150000", "costOfRevenue": "2272455000", "costofGoodsAndServicesSold": "2272455000", "operatingIncome": "313408000", "sellingGeneralAndAdministrative": "338572000", "researchAndDevelopment": "359796000", "operatingExpenses": "338572000", "investmentIncomeNet": "None", "netInterestIncome": "None", "interestIncome": "None", "interestExpense": "32715000", "nonInterestIncome": "None", "otherNonOperatingIncome": "22798000", "depreciation": "None", "depreciationAndAmortization": "75066000", "incomeBeforeTax": "336206000", "incomeTaxExpense": "94295000", "interestAndDebtExpense": "None", "netIncomeFromContinuingOperations": "241911000", "comprehensiveIncomeNetOfTax": "None", "ebit": "371233000", "ebitda": "446299000", "netIncome": "241796000"}, {"fiscalDateEnding": "2016-03-31", "reportedCurrency": "USD", "grossProfit": "619264000", "totalRevenue": "2828665000", "costOfRevenue": "2209401000", "costofGoodsAndServicesSold": "2209401000", "operatingIncome": "283356000", "sellingGeneralAndAdministrative": "335908000", "researchAndDevelopment": "0", "operatingExpenses": "335908000", "investmentIncomeNet": "None", "netInterestIncome": "None", "interestIncome": "None", "interestExpense": "33745000", "nonInterestIncome": "None", "otherNonOperatingIncome": "23382000", "depreciation": "None", "depreciationAndAmortization": "75684000", "incomeBeforeTax": "272993000", "incomeTaxExpense": "85851000", "interestAndDebtExpense": "None", "netIncomeFromContinuingOperations": "187084000", "comprehensiveIncomeNetOfTax": "None", "ebit": "310435000", "ebitda": "386119000", "netIncome": "187084000"}, {"fiscalDateEnding": "2015-12-31", "reportedCurrency": "USD", "grossProfit": "564966000", "totalRevenue": "2705590000", "costOfRevenue": "2140624000", "costofGoodsAndServicesSold": "2140624000", "operatingIncome": "250300000", "sellingGeneralAndAdministrative": "314666000", "researchAndDevelopment": "0", "operatingExpenses": "314666000", "investmentIncomeNet": "None", "netInterestIncome": "None", "interestIncome": "None", "interestExpense": "34297000", "nonInterestIncome": "None", "otherNonOperatingIncome": "13877000", "depreciation": "None", "depreciationAndAmortization": "77871000", "incomeBeforeTax": "229880000", "incomeTaxExpense": "46743000", "interestAndDebtExpense": "None", "netIncomeFromContinuingOperations": "183137000", "comprehensiveIncomeNetOfTax": "None", "ebit": "273571000", "ebitda": "351442000", "netIncome": "182982000"}, {"fiscalDateEnding": "2015-09-30", "reportedCurrency": "USD", "grossProfit": "668444000", "totalRevenue": "2869348000", "costOfRevenue": "2200904000", "costofGoodsAndServicesSold": "2200904000", "operatingIncome": "298230000", "sellingGeneralAndAdministrative": "370214000", "researchAndDevelopment": "0", "operatingExpenses": "370214000", "investmentIncomeNet": "None", "netInterestIncome": "None", "interestIncome": "None", "interestExpense": "35760000", "nonInterestIncome": "None", "otherNonOperatingIncome": "13179000", "depreciation": "None", "depreciationAndAmortization": "78222000", "incomeBeforeTax": "275649000", "incomeTaxExpense": "80623000", "interestAndDebtExpense": "None", "netIncomeFromContinuingOperations": "195026000", "comprehensiveIncomeNetOfTax": "None", "ebit": "320018000", "ebitda": "398240000", "netIncome": "194978000"}, {"fiscalDateEnding": "2015-06-30", "reportedCurrency": "USD", "grossProfit": "723728000", "totalRevenue": "3144508000", "costOfRevenue": "2420780000", "costofGoodsAndServicesSold": "2420780000", "operatingIncome": "297135000", "sellingGeneralAndAdministrative": "391796000", "researchAndDevelopment": "403085000", "operatingExpenses": "391796000", "investmentIncomeNet": "None", "netInterestIncome": "None", "interestIncome": "None", "interestExpense": "34797000", "nonInterestIncome": "None", "otherNonOperatingIncome": "6838000", "depreciation": "None", "depreciationAndAmortization": "80259000", "incomeBeforeTax": "303973000", "incomeTaxExpense": "124388000", "interestAndDebtExpense": "None", "netIncomeFromContinuingOperations": "179585000", "comprehensiveIncomeNetOfTax": "None", "ebit": "341540000", "ebitda": "421799000", "netIncome": "179454000"}, {"fiscalDateEnding": "2015-03-31", "reportedCurrency": "USD", "grossProfit": "789295000", "totalRevenue": "3162311000", "costOfRevenue": "2373016000", "costofGoodsAndServicesSold": "2373016000", "operatingIncome": "416989000", "sellingGeneralAndAdministrative": "372306000", "researchAndDevelopment": "0", "operatingExpenses": "372306000", "investmentIncomeNet": "None", "netInterestIncome": "None", "interestIncome": "None", "interestExpense": "35003000", "nonInterestIncome": "None", "otherNonOperatingIncome": "6380000", "depreciation": "None", "depreciationAndAmortization": "76607000", "incomeBeforeTax": "388366000", "incomeTaxExpense": "102904000", "interestAndDebtExpense": "None", "netIncomeFromContinuingOperations": "285462000", "comprehensiveIncomeNetOfTax": "None", "ebit": "424755000", "ebitda": "501362000", "netIncome": "285345000"}, {"fiscalDateEnding": "2014-12-31", "reportedCurrency": "USD", "grossProfit": "733409000", "totalRevenue": "3134993000", "costOfRevenue": "2401584000", "costofGoodsAndServicesSold": "2401584000", "operatingIncome": "353605000", "sellingGeneralAndAdministrative": "379804000", "researchAndDevelopment": "0", "operatingExpenses": "379804000", "investmentIncomeNet": "None", "netInterestIncome": "None", "interestIncome": "None", "interestExpense": "27645000", "nonInterestIncome": "None", "otherNonOperatingIncome": "17306000", "depreciation": "None", "depreciationAndAmortization": "78857000", "incomeBeforeTax": "343266000", "incomeTaxExpense": "75931000", "interestAndDebtExpense": "None", "netIncomeFromContinuingOperations": "267335000", "comprehensiveIncomeNetOfTax": "None", "ebit": "362689000", "ebitda": "441546000", "netIncome": "267252000"}, {"fiscalDateEnding": "2014-09-30", "reportedCurrency": "USD", "grossProfit": "810067000", "totalRevenue": "3269932000", "costOfRevenue": "2459865000", "costofGoodsAndServicesSold": "2459865000", "operatingIncome": "409227000", "sellingGeneralAndAdministrative": "400840000", "researchAndDevelopment": "0", "operatingExpenses": "400840000", "investmentIncomeNet": "None", "netInterestIncome": "None", "interestIncome": "None", "interestExpense": "20961000", "nonInterestIncome": "None", "otherNonOperatingIncome": "8369000", "depreciation": "None", "depreciationAndAmortization": "81768000", "incomeBeforeTax": "396635000", "incomeTaxExpense": "116464000", "interestAndDebtExpense": "None", "netIncomeFromContinuingOperations": "280171000", "comprehensiveIncomeNetOfTax": "None", "ebit": "415076000", "ebitda": "496844000", "netIncome": "280089000"}, {"fiscalDateEnding": "2014-06-30", "reportedCurrency": "USD", "grossProfit": "839461000", "totalRevenue": "3525415000", "costOfRevenue": "2685954000", "costofGoodsAndServicesSold": "2685954000", "operatingIncome": "418276000", "sellingGeneralAndAdministrative": "421185000", "researchAndDevelopment": "410132000", "operatingExpenses": "421185000", "investmentIncomeNet": "None", "netInterestIncome": "None", "interestIncome": "None", "interestExpense": "20163000", "nonInterestIncome": "None", "otherNonOperatingIncome": "9711000", "depreciation": "None", "depreciationAndAmortization": "83552000", "incomeBeforeTax": "407824000", "incomeTaxExpense": "106648000", "interestAndDebtExpense": "None", "netIncomeFromContinuingOperations": "301176000", "comprehensiveIncomeNetOfTax": "None", "ebit": "436380000", "ebitda": "519932000", "netIncome": "301038000"}, {"fiscalDateEnding": "2014-03-31", "reportedCurrency": "USD", "grossProfit": "752513000", "totalRevenue": "3358406000", "costOfRevenue": "2605893000", "costofGoodsAndServicesSold": "2605893000", "operatingIncome": "345272000", "sellingGeneralAndAdministrative": "407241000", "researchAndDevelopment": "0", "operatingExpenses": "407241000", "investmentIncomeNet": "None", "netInterestIncome": "None", "interestIncome": "None", "interestExpense": "20594000", "nonInterestIncome": "None", "otherNonOperatingIncome": "4812000", "depreciation": "None", "depreciationAndAmortization": "83060000", "incomeBeforeTax": "329490000", "incomeTaxExpense": "86972000", "interestAndDebtExpense": "None", "netIncomeFromContinuingOperations": "242518000", "comprehensiveIncomeNetOfTax": "None", "ebit": "405153000", "ebitda": "488213000", "netIncome": "242406000"}, {"fiscalDateEnding": "2013-12-31", "reportedCurrency": "USD", "grossProfit": "686035000", "totalRevenue": "3106006000", "costOfRevenue": "2419971000", "costofGoodsAndServicesSold": "2419971000", "operatingIncome": "287399000", "sellingGeneralAndAdministrative": "398636000", "researchAndDevelopment": "0", "operatingExpenses": "398636000", "investmentIncomeNet": "None", "netInterestIncome": "None", "interestIncome": "None", "interestExpense": "20851000", "nonInterestIncome": "None", "otherNonOperatingIncome": "417638000", "depreciation": "None", "depreciationAndAmortization": "84510000", "incomeBeforeTax": "495316000", "incomeTaxExpense": "241912000", "interestAndDebtExpense": "None", "netIncomeFromContinuingOperations": "253404000", "comprehensiveIncomeNetOfTax": "None", "ebit": "300614000", "ebitda": "385124000", "netIncome": "253288000"}, {"fiscalDateEnding": "2013-09-30", "reportedCurrency": "USD", "grossProfit": "749735000", "totalRevenue": "3226144000", "costOfRevenue": "2476409000", "costofGoodsAndServicesSold": "2476409000", "operatingIncome": "342805000", "sellingGeneralAndAdministrative": "406930000", "researchAndDevelopment": "0", "operatingExpenses": "406930000", "investmentIncomeNet": "None", "netInterestIncome": "None", "interestIncome": "None", "interestExpense": "20958000", "nonInterestIncome": "None", "otherNonOperatingIncome": "2243000", "depreciation": "None", "depreciationAndAmortization": "85580000", "incomeBeforeTax": "324090000", "incomeTaxExpense": "79770000", "interestAndDebtExpense": "None", "netIncomeFromContinuingOperations": "244320000", "comprehensiveIncomeNetOfTax": "None", "ebit": "354054000", "ebitda": "439634000", "netIncome": "244316000"}, {"fiscalDateEnding": "2013-06-30", "reportedCurrency": "USD", "grossProfit": "810166000", "totalRevenue": "3428233000", "costOfRevenue": "2618067000", "costofGoodsAndServicesSold": "2618067000", "operatingIncome": "376328000", "sellingGeneralAndAdministrative": "413061000", "researchAndDevelopment": "406613000", "operatingExpenses": "413061000", "investmentIncomeNet": "None", "netInterestIncome": "None", "interestIncome": "None", "interestExpense": "20777000", "nonInterestIncome": "None", "otherNonOperatingIncome": "-2565000", "depreciation": "None", "depreciationAndAmortization": "85050000", "incomeBeforeTax": "373763000", "incomeTaxExpense": "102633000", "interestAndDebtExpense": "None", "netIncomeFromContinuingOperations": "271130000", "comprehensiveIncomeNetOfTax": "None", "ebit": "394540000", "ebitda": "479590000", "netIncome": "271164000"}, {"fiscalDateEnding": "2013-03-31", "reportedCurrency": "USD", "grossProfit": "737852000", "totalRevenue": "3307041000", "costOfRevenue": "2569189000", "costofGoodsAndServicesSold": "2569189000", "operatingIncome": "358162000", "sellingGeneralAndAdministrative": "379690000", "researchAndDevelopment": "0", "operatingExpenses": "379690000", "investmentIncomeNet": "None", "netInterestIncome": "None", "interestIncome": "None", "interestExpense": "23050000", "nonInterestIncome": "None", "otherNonOperatingIncome": "3439000", "depreciation": "None", "depreciationAndAmortization": "86747000", "incomeBeforeTax": "338551000", "incomeTaxExpense": "81959000", "interestAndDebtExpense": "None", "netIncomeFromContinuingOperations": "256592000", "comprehensiveIncomeNetOfTax": "None", "ebit": "361601000", "ebitda": "448348000", "netIncome": "256560000"}, {"fiscalDateEnding": "2012-12-31", "reportedCurrency": "USD", "grossProfit": "643523000", "totalRevenue": "3065495000", "costOfRevenue": "2421972000", "costofGoodsAndServicesSold": "2421972000", "operatingIncome": "262423000", "sellingGeneralAndAdministrative": "381100000", "researchAndDevelopment": "0", "operatingExpenses": "381100000", "investmentIncomeNet": "None", "netInterestIncome": "None", "interestIncome": "None", "interestExpense": "24216000", "nonInterestIncome": "None", "otherNonOperatingIncome": "24422000", "depreciation": "None", "depreciationAndAmortization": "82655000", "incomeBeforeTax": "262629000", "incomeTaxExpense": "81515000", "interestAndDebtExpense": "None", "netIncomeFromContinuingOperations": "181114000", "comprehensiveIncomeNetOfTax": "None", "ebit": "286845000", "ebitda": "369500000", "netIncome": "180962000"}, {"fiscalDateEnding": "2012-09-30", "reportedCurrency": "USD", "grossProfit": "737488000", "totalRevenue": "3214935000", "costOfRevenue": "2477447000", "costofGoodsAndServicesSold": "2477447000", "operatingIncome": "356366000", "sellingGeneralAndAdministrative": "381122000", "researchAndDevelopment": "0", "operatingExpenses": "381122000", "investmentIncomeNet": "None", "netInterestIncome": "None", "interestIncome": "None", "interestExpense": "23509000", "nonInterestIncome": "None", "otherNonOperatingIncome": "3201000", "depreciation": "None", "depreciationAndAmortization": "81172000", "incomeBeforeTax": "336058000", "incomeTaxExpense": "96110000", "interestAndDebtExpense": "None", "netIncomeFromContinuingOperations": "239948000", "comprehensiveIncomeNetOfTax": "None", "ebit": "359567000", "ebitda": "440739000", "netIncome": "239741000"}, {"fiscalDateEnding": "2012-06-30", "reportedCurrency": "USD", "grossProfit": "839408000", "totalRevenue": "3411666000", "costOfRevenue": "2572258000", "costofGoodsAndServicesSold": "2572258000", "operatingIncome": "429240000", "sellingGeneralAndAdministrative": "386681000", "researchAndDevelopment": "322045000", "operatingExpenses": "386681000", "investmentIncomeNet": "None", "netInterestIncome": "None", "interestIncome": "None", "interestExpense": "23487000", "nonInterestIncome": "None", "otherNonOperatingIncome": "-3901000", "depreciation": "None", "depreciationAndAmortization": "77526000", "incomeBeforeTax": "425339000", "incomeTaxExpense": "123037000", "interestAndDebtExpense": "None", "netIncomeFromContinuingOperations": "302302000", "comprehensiveIncomeNetOfTax": "None", "ebit": "448826000", "ebitda": "526352000", "netIncome": "301965000"}, {"fiscalDateEnding": "2012-03-31", "reportedCurrency": "USD", "grossProfit": "803248000", "totalRevenue": "3393563000", "costOfRevenue": "2590315000", "costofGoodsAndServicesSold": "2590315000", "operatingIncome": "425769000", "sellingGeneralAndAdministrative": "377479000", "researchAndDevelopment": "0", "operatingExpenses": "377479000", "investmentIncomeNet": "None", "netInterestIncome": "None", "interestIncome": "None", "interestExpense": "22313000", "nonInterestIncome": "None", "otherNonOperatingIncome": "-2629000", "depreciation": "None", "depreciationAndAmortization": "80272000", "incomeBeforeTax": "400827000", "incomeTaxExpense": "88138000", "interestAndDebtExpense": "None", "netIncomeFromContinuingOperations": "312689000", "comprehensiveIncomeNetOfTax": "None", "ebit": "423140000", "ebitda": "503412000", "netIncome": "312074000"}, {"fiscalDateEnding": "2011-12-31", "reportedCurrency": "USD", "grossProfit": "725510000", "totalRevenue": "3106832000", "costOfRevenue": "2381322000", "costofGoodsAndServicesSold": "2381322000", "operatingIncome": "356820000", "sellingGeneralAndAdministrative": "368690000", "researchAndDevelopment": "0", "operatingExpenses": "368690000", "investmentIncomeNet": "None", "netInterestIncome": "None", "interestIncome": "None", "interestExpense": "23769000", "nonInterestIncome": "None", "otherNonOperatingIncome": "5896000", "depreciation": "None", "depreciationAndAmortization": "79299000", "incomeBeforeTax": "338947000", "incomeTaxExpense": "96604000", "interestAndDebtExpense": "None", "netIncomeFromContinuingOperations": "242343000", "comprehensiveIncomeNetOfTax": "None", "ebit": "362716000", "ebitda": "442015000", "netIncome": "240766000"}, {"fiscalDateEnding": "2011-09-30", "reportedCurrency": "USD", "grossProfit": "819439000", "totalRevenue": "3233881000", "costOfRevenue": "2414442000", "costofGoodsAndServicesSold": "2414442000", "operatingIncome": "432973000", "sellingGeneralAndAdministrative": "386466000", "researchAndDevelopment": "0", "operatingExpenses": "386466000", "investmentIncomeNet": "None", "netInterestIncome": "None", "interestIncome": "None", "interestExpense": "23221000", "nonInterestIncome": "None", "otherNonOperatingIncome": "1833000", "depreciation": "None", "depreciationAndAmortization": "84832000", "incomeBeforeTax": "411585000", "incomeTaxExpense": "113427000", "interestAndDebtExpense": "None", "netIncomeFromContinuingOperations": "298158000", "comprehensiveIncomeNetOfTax": "None", "ebit": "434806000", "ebitda": "519638000", "netIncome": "297018000"}, {"fiscalDateEnding": "2011-06-30", "reportedCurrency": "USD", "grossProfit": "819058000", "totalRevenue": "3409830000", "costOfRevenue": "2590772000", "costofGoodsAndServicesSold": "2590772000", "operatingIncome": "405617000", "sellingGeneralAndAdministrative": "413441000", "researchAndDevelopment": "298129000", "operatingExpenses": "413441000", "investmentIncomeNet": "None", "netInterestIncome": "None", "interestIncome": "None", "interestExpense": "24821000", "nonInterestIncome": "None", "otherNonOperatingIncome": "594000", "depreciation": "None", "depreciationAndAmortization": "85675000", "incomeBeforeTax": "381390000", "incomeTaxExpense": "86736000", "interestAndDebtExpense": "None", "netIncomeFromContinuingOperations": "294654000", "comprehensiveIncomeNetOfTax": "None", "ebit": "406211000", "ebitda": "491886000", "netIncome": "292190000"}, {"fiscalDateEnding": "2011-03-31", "reportedCurrency": "USD", "grossProfit": "777020000", "totalRevenue": "3240103000", "costOfRevenue": "2463083000", "costofGoodsAndServicesSold": "2463083000", "operatingIncome": "401951000", "sellingGeneralAndAdministrative": "375069000", "researchAndDevelopment": "0", "operatingExpenses": "375069000", "investmentIncomeNet": "None", "netInterestIncome": "None", "interestIncome": "None", "interestExpense": "24619000", "nonInterestIncome": "None", "otherNonOperatingIncome": "12385000", "depreciation": "None", "depreciationAndAmortization": "83832000", "incomeBeforeTax": "389717000", "incomeTaxExpense": "108069000", "interestAndDebtExpense": "None", "netIncomeFromContinuingOperations": "281648000", "comprehensiveIncomeNetOfTax": "None", "ebit": "414336000", "ebitda": "498168000", "netIncome": "279589000"}, {"fiscalDateEnding": "2010-12-31", "reportedCurrency": "USD", "grossProfit": "670936000", "totalRevenue": "2866664000", "costOfRevenue": "2195728000", "costofGoodsAndServicesSold": "2195728000", "operatingIncome": "325257000", "sellingGeneralAndAdministrative": "345679000", "researchAndDevelopment": "0", "operatingExpenses": "345679000", "investmentIncomeNet": "None", "netInterestIncome": "None", "interestIncome": "None", "interestExpense": "25631000", "nonInterestIncome": "None", "otherNonOperatingIncome": "6624000", "depreciation": "None", "depreciationAndAmortization": "85307000", "incomeBeforeTax": "306250000", "incomeTaxExpense": "74432000", "interestAndDebtExpense": "None", "netIncomeFromContinuingOperations": "231818000", "comprehensiveIncomeNetOfTax": "None", "ebit": "331881000", "ebitda": "417188000", "netIncome": "230180000"}, {"fiscalDateEnding": "2010-09-30", "reportedCurrency": "USD", "grossProfit": "691399000", "totalRevenue": "2829273000", "costOfRevenue": "2137874000", "costofGoodsAndServicesSold": "2137874000", "operatingIncome": "357815000", "sellingGeneralAndAdministrative": "333584000", "researchAndDevelopment": "0", "operatingExpenses": "333584000", "investmentIncomeNet": "None", "netInterestIncome": "None", "interestIncome": "None", "interestExpense": "24633000", "nonInterestIncome": "None", "otherNonOperatingIncome": "3182000", "depreciation": "None", "depreciationAndAmortization": "84986000", "incomeBeforeTax": "336364000", "incomeTaxExpense": "87334000", "interestAndDebtExpense": "None", "netIncomeFromContinuingOperations": "249030000", "comprehensiveIncomeNetOfTax": "None", "ebit": "360997000", "ebitda": "445983000", "netIncome": "247171000"}, {"fiscalDateEnding": "2010-06-30", "reportedCurrency": "USD", "grossProfit": "672280000", "totalRevenue": "2786470000", "costOfRevenue": "2114190000", "costofGoodsAndServicesSold": "2114190000", "operatingIncome": "322952000", "sellingGeneralAndAdministrative": "349328000", "researchAndDevelopment": "275904000", "operatingExpenses": "349328000", "investmentIncomeNet": "None", "netInterestIncome": "None", "interestIncome": "None", "interestExpense": "26896000", "nonInterestIncome": "None", "otherNonOperatingIncome": "-3896000", "depreciation": "None", "depreciationAndAmortization": "84494000", "incomeBeforeTax": "292160000", "incomeTaxExpense": "69108000", "interestAndDebtExpense": "None", "netIncomeFromContinuingOperations": "223052000", "comprehensiveIncomeNetOfTax": "None", "ebit": "319056000", "ebitda": "403550000", "netIncome": "222163000"}, {"fiscalDateEnding": "2010-03-31", "reportedCurrency": "USD", "grossProfit": "552372000", "totalRevenue": "2614823000", "costOfRevenue": "2062451000", "costofGoodsAndServicesSold": "2062451000", "operatingIncome": "236303000", "sellingGeneralAndAdministrative": "316069000", "researchAndDevelopment": "0", "operatingExpenses": "316069000", "investmentIncomeNet": "None", "netInterestIncome": "None", "interestIncome": "None", "interestExpense": "25951000", "nonInterestIncome": "None", "otherNonOperatingIncome": "-3959000", "depreciation": "None", "depreciationAndAmortization": "88078000", "incomeBeforeTax": "206393000", "incomeTaxExpense": "52013000", "interestAndDebtExpense": "None", "netIncomeFromContinuingOperations": "154380000", "comprehensiveIncomeNetOfTax": "None", "ebit": "232344000", "ebitda": "320422000", "netIncome": "153863000"}, {"fiscalDateEnding": "2009-12-31", "reportedCurrency": "USD", "grossProfit": "485227000", "totalRevenue": "2354708000", "costOfRevenue": "1869481000", "costofGoodsAndServicesSold": "1869481000", "operatingIncome": "175387000", "sellingGeneralAndAdministrative": "309840000", "researchAndDevelopment": "0", "operatingExpenses": "309840000", "investmentIncomeNet": "None", "netInterestIncome": "None", "interestIncome": "None", "interestExpense": "25029000", "nonInterestIncome": "None", "otherNonOperatingIncome": "-8123000", "depreciation": "None", "depreciationAndAmortization": "96974000", "incomeBeforeTax": "142235000", "incomeTaxExpense": "37272000", "interestAndDebtExpense": "None", "netIncomeFromContinuingOperations": "104963000", "comprehensiveIncomeNetOfTax": "None", "ebit": "167264000", "ebitda": "264238000", "netIncome": "104546000"}, {"fiscalDateEnding": "2009-09-30", "reportedCurrency": "USD", "grossProfit": "436220000", "totalRevenue": "2237165000", "costOfRevenue": "1800945000", "costofGoodsAndServicesSold": "1800945000", "operatingIncome": "134377000", "sellingGeneralAndAdministrative": "301843000", "researchAndDevelopment": "0", "operatingExpenses": "301843000", "investmentIncomeNet": "None", "netInterestIncome": "None", "interestIncome": "None", "interestExpense": "25723000", "nonInterestIncome": "None", "otherNonOperatingIncome": "5375000", "depreciation": "None", "depreciationAndAmortization": "92963000", "incomeBeforeTax": "114029000", "incomeTaxExpense": "40059000", "interestAndDebtExpense": "None", "netIncomeFromContinuingOperations": "73970000", "comprehensiveIncomeNetOfTax": "None", "ebit": "139752000", "ebitda": "232715000", "netIncome": "73493000"}, {"fiscalDateEnding": "2009-06-30", "reportedCurrency": "USD", "grossProfit": "396889000", "totalRevenue": "2210958000", "costOfRevenue": "1814069000", "costofGoodsAndServicesSold": "1814069000", "operatingIncome": "94368000", "sellingGeneralAndAdministrative": "302521000", "researchAndDevelopment": "288169000", "operatingExpenses": "302521000", "investmentIncomeNet": "None", "netInterestIncome": "None", "interestIncome": "None", "interestExpense": "25275000", "nonInterestIncome": "None", "otherNonOperatingIncome": "None", "depreciation": "None", "depreciationAndAmortization": "93400000", "incomeBeforeTax": "64317000", "incomeTaxExpense": "14801000", "interestAndDebtExpense": "None", "netIncomeFromContinuingOperations": "0", "comprehensiveIncomeNetOfTax": "None", "ebit": "94368000", "ebitda": "187768000", "netIncome": "49516000"}, {"fiscalDateEnding": "2009-03-31", "reportedCurrency": "USD", "grossProfit": "436106000", "totalRevenue": "2344713000", "costOfRevenue": "1908607000", "costofGoodsAndServicesSold": "1908607000", "operatingIncome": "118114000", "sellingGeneralAndAdministrative": "317992000", "researchAndDevelopment": "0", "operatingExpenses": "317992000", "investmentIncomeNet": "None", "netInterestIncome": "None", "interestIncome": "None", "interestExpense": "28393000", "nonInterestIncome": "None", "otherNonOperatingIncome": "None", "depreciation": "None", "depreciationAndAmortization": "88452000", "incomeBeforeTax": "62535000", "incomeTaxExpense": "9113000", "interestAndDebtExpense": "None", "netIncomeFromContinuingOperations": "0", "comprehensiveIncomeNetOfTax": "None", "ebit": "90661000", "ebitda": "179113000", "netIncome": "53422000"}, {"fiscalDateEnding": "2008-12-31", "reportedCurrency": "USD", "grossProfit": "567206000", "totalRevenue": "2688656000", "costOfRevenue": "2121450000", "costofGoodsAndServicesSold": "2121450000", "operatingIncome": "230023000", "sellingGeneralAndAdministrative": "337183000", "researchAndDevelopment": "0", "operatingExpenses": "337183000", "investmentIncomeNet": "None", "netInterestIncome": "None", "interestIncome": "None", "interestExpense": "30307000", "nonInterestIncome": "None", "otherNonOperatingIncome": "None", "depreciation": "None", "depreciationAndAmortization": "89719000", "incomeBeforeTax": "197873000", "incomeTaxExpense": "42472000", "interestAndDebtExpense": "None", "netIncomeFromContinuingOperations": "0", "comprehensiveIncomeNetOfTax": "None", "ebit": "229540000", "ebitda": "319259000", "netIncome": "155401000"}, {"fiscalDateEnding": "2008-09-30", "reportedCurrency": "USD", "grossProfit": "727466000", "totalRevenue": "3064688000", "costOfRevenue": "2337222000", "costofGoodsAndServicesSold": "2337222000", "operatingIncome": "394783000", "sellingGeneralAndAdministrative": "332683000", "researchAndDevelopment": "0", "operatingExpenses": "332683000", "investmentIncomeNet": "None", "netInterestIncome": "None", "interestIncome": "None", "interestExpense": "28096000", "nonInterestIncome": "None", "otherNonOperatingIncome": "None", "depreciation": "None", "depreciationAndAmortization": "86166000", "incomeBeforeTax": "356729000", "incomeTaxExpense": "106553000", "interestAndDebtExpense": "None", "netIncomeFromContinuingOperations": "0", "comprehensiveIncomeNetOfTax": "None", "ebit": "308617000", "ebitda": "394783000", "netIncome": "250176000"}, {"fiscalDateEnding": "2008-06-30", "reportedCurrency": "USD", "grossProfit": "771330000", "totalRevenue": "3346752000", "costOfRevenue": "2575422000", "costofGoodsAndServicesSold": "2575422000", "operatingIncome": "398192000", "sellingGeneralAndAdministrative": "373138000", "researchAndDevelopment": "255341000", "operatingExpenses": "373138000", "investmentIncomeNet": "None", "netInterestIncome": "None", "interestIncome": "None", "interestExpense": "25019000", "nonInterestIncome": "None", "otherNonOperatingIncome": "None", "depreciation": "None", "depreciationAndAmortization": "95044000", "incomeBeforeTax": "354818000", "incomeTaxExpense": "102253000", "interestAndDebtExpense": "None", "netIncomeFromContinuingOperations": "0", "comprehensiveIncomeNetOfTax": "None", "ebit": "398192000", "ebitda": "493236000", "netIncome": "252565000"}, {"fiscalDateEnding": "2008-03-31", "reportedCurrency": "USD", "grossProfit": "735321000", "totalRevenue": "3182537000", "costOfRevenue": "2447216000", "costofGoodsAndServicesSold": "2447216000", "operatingIncome": "388299000", "sellingGeneralAndAdministrative": "347022000", "researchAndDevelopment": "0", "operatingExpenses": "347022000", "investmentIncomeNet": "None", "netInterestIncome": "None", "interestIncome": "None", "interestExpense": "25540000", "nonInterestIncome": "None", "otherNonOperatingIncome": "None", "depreciation": "None", "depreciationAndAmortization": "76534000", "incomeBeforeTax": "357794000", "incomeTaxExpense": "102353000", "interestAndDebtExpense": "None", "netIncomeFromContinuingOperations": "0", "comprehensiveIncomeNetOfTax": "None", "ebit": "311765000", "ebitda": "388299000", "netIncome": "255441000"}, {"fiscalDateEnding": "2007-12-31", "reportedCurrency": "USD", "grossProfit": "634923000", "totalRevenue": "2829060000", "costOfRevenue": "2194137000", "costofGoodsAndServicesSold": "2194137000", "operatingIncome": "315962000", "sellingGeneralAndAdministrative": "318961000", "researchAndDevelopment": "0", "operatingExpenses": "318961000", "investmentIncomeNet": "None", "netInterestIncome": "None", "interestIncome": "None", "interestExpense": "26016000", "nonInterestIncome": "None", "otherNonOperatingIncome": "None", "depreciation": "None", "depreciationAndAmortization": "78970000", "incomeBeforeTax": "296170000", "incomeTaxExpense": "84307000", "interestAndDebtExpense": "None", "netIncomeFromContinuingOperations": "0", "comprehensiveIncomeNetOfTax": "None", "ebit": "236992000", "ebitda": "315962000", "netIncome": "211863000"}, {"fiscalDateEnding": "2007-09-30", "reportedCurrency": "USD", "grossProfit": "664959000", "totalRevenue": "2787256000", "costOfRevenue": "2122297000", "costofGoodsAndServicesSold": "2122297000", "operatingIncome": "339998000", "sellingGeneralAndAdministrative": "324961000", "researchAndDevelopment": "0", "operatingExpenses": "324961000", "investmentIncomeNet": "None", "netInterestIncome": "None", "interestIncome": "None", "interestExpense": "22421000", "nonInterestIncome": "None", "otherNonOperatingIncome": "None", "depreciation": "None", "depreciationAndAmortization": "76176000", "incomeBeforeTax": "317742000", "incomeTaxExpense": "88145000", "interestAndDebtExpense": "None", "netIncomeFromContinuingOperations": "0", "comprehensiveIncomeNetOfTax": "None", "ebit": "263822000", "ebitda": "339998000", "netIncome": "229597000"}, {"fiscalDateEnding": "2007-06-30", "reportedCurrency": "USD", "grossProfit": "650609000", "totalRevenue": "2874365000", "costOfRevenue": "2223756000", "costofGoodsAndServicesSold": "2223756000", "operatingIncome": "317175000", "sellingGeneralAndAdministrative": "333434000", "researchAndDevelopment": "212197000", "operatingExpenses": "333434000", "investmentIncomeNet": "None", "netInterestIncome": "None", "interestIncome": "None", "interestExpense": "61879000", "nonInterestIncome": "None", "otherNonOperatingIncome": "None", "depreciation": "None", "depreciationAndAmortization": "72547000", "incomeBeforeTax": "297934000", "incomeTaxExpense": "80748000", "interestAndDebtExpense": "None", "netIncomeFromContinuingOperations": "0", "comprehensiveIncomeNetOfTax": "None", "ebit": "317175000", "ebitda": "389722000", "netIncome": "217186000"}, {"fiscalDateEnding": "2007-03-31", "reportedCurrency": "USD", "grossProfit": "617141000", "totalRevenue": "2780969000", "costOfRevenue": "2163828000", "costofGoodsAndServicesSold": "2163828000", "operatingIncome": "308579000", "sellingGeneralAndAdministrative": "308562000", "researchAndDevelopment": "0", "operatingExpenses": "308562000", "investmentIncomeNet": "None", "netInterestIncome": "None", "interestIncome": "None", "interestExpense": "22403000", "nonInterestIncome": "None", "otherNonOperatingIncome": "None", "depreciation": "None", "depreciationAndAmortization": "73821000", "incomeBeforeTax": "294926000", "incomeTaxExpense": "85617000", "interestAndDebtExpense": "None", "netIncomeFromContinuingOperations": "0", "comprehensiveIncomeNetOfTax": "None", "ebit": "308579000", "ebitda": "382400000", "netIncome": "209309000"}, {"fiscalDateEnding": "2006-12-31", "reportedCurrency": "USD", "grossProfit": "573145000", "totalRevenue": "2511152000", "costOfRevenue": "1938007000", "costofGoodsAndServicesSold": "1938007000", "operatingIncome": "280290000", "sellingGeneralAndAdministrative": "292855000", "researchAndDevelopment": "0", "operatingExpenses": "292855000", "investmentIncomeNet": "None", "netInterestIncome": "None", "interestIncome": "None", "interestExpense": "22304000", "nonInterestIncome": "None", "otherNonOperatingIncome": "None", "depreciation": "None", "depreciationAndAmortization": "73958000", "incomeBeforeTax": "264763000", "incomeTaxExpense": "71796000", "interestAndDebtExpense": "None", "netIncomeFromContinuingOperations": "0", "comprehensiveIncomeNetOfTax": "None", "ebit": "280290000", "ebitda": "354248000", "netIncome": "192967000"}, {"fiscalDateEnding": "2006-09-30", "reportedCurrency": "USD", "grossProfit": "604215000", "totalRevenue": "2551573000", "costOfRevenue": "1947358000", "costofGoodsAndServicesSold": "1947358000", "operatingIncome": "312205000", "sellingGeneralAndAdministrative": "292010000", "researchAndDevelopment": "0", "operatingExpenses": "292010000", "investmentIncomeNet": "None", "netInterestIncome": "None", "interestIncome": "None", "interestExpense": "17172000", "nonInterestIncome": "None", "otherNonOperatingIncome": "None", "depreciation": "None", "depreciationAndAmortization": "74240000", "incomeBeforeTax": "301659000", "incomeTaxExpense": "91075000", "interestAndDebtExpense": "None", "netIncomeFromContinuingOperations": "0", "comprehensiveIncomeNetOfTax": "None", "ebit": "312205000", "ebitda": "386445000", "netIncome": "210584000"}, {"fiscalDateEnding": "2006-06-30", "reportedCurrency": "USD", "grossProfit": "562741000", "totalRevenue": "2616732000", "costOfRevenue": "2053991000", "costofGoodsAndServicesSold": "2053991000", "operatingIncome": "285654000", "sellingGeneralAndAdministrative": "277087000", "researchAndDevelopment": "166170000", "operatingExpenses": "277087000", "investmentIncomeNet": "None", "netInterestIncome": "None", "interestIncome": "None", "interestExpense": "18667000", "nonInterestIncome": "None", "otherNonOperatingIncome": "None", "depreciation": "None", "depreciationAndAmortization": "71702000", "incomeBeforeTax": "265326000", "incomeTaxExpense": "77445000", "interestAndDebtExpense": "None", "netIncomeFromContinuingOperations": "0", "comprehensiveIncomeNetOfTax": "None", "ebit": "285654000", "ebitda": "357356000", "netIncome": "193888000"}, {"fiscalDateEnding": "2006-03-31", "reportedCurrency": "USD", "grossProfit": "545877000", "totalRevenue": "2498068000", "costOfRevenue": "1952191000", "costofGoodsAndServicesSold": "1952191000", "operatingIncome": "269177000", "sellingGeneralAndAdministrative": "276700000", "researchAndDevelopment": "0", "operatingExpenses": "276700000", "investmentIncomeNet": "None", "netInterestIncome": "None", "interestIncome": "None", "interestExpense": "21038000", "nonInterestIncome": "None", "otherNonOperatingIncome": "None", "depreciation": "None", "depreciationAndAmortization": "72591000", "incomeBeforeTax": "255068000", "incomeTaxExpense": "77545000", "interestAndDebtExpense": "None", "netIncomeFromContinuingOperations": "0", "comprehensiveIncomeNetOfTax": "None", "ebit": "269177000", "ebitda": "341768000", "netIncome": "177523000"}, {"fiscalDateEnding": "2005-12-31", "reportedCurrency": "USD", "grossProfit": "451854000", "totalRevenue": "2157537000", "costOfRevenue": "1705683000", "costofGoodsAndServicesSold": "1705683000", "operatingIncome": "206009000", "sellingGeneralAndAdministrative": "245845000", "researchAndDevelopment": "0", "operatingExpenses": "245845000", "investmentIncomeNet": "None", "netInterestIncome": "None", "interestIncome": "None", "interestExpense": "19587000", "nonInterestIncome": "None", "otherNonOperatingIncome": "None", "depreciation": "None", "depreciationAndAmortization": "71325000", "incomeBeforeTax": "175524000", "incomeTaxExpense": "46500000", "interestAndDebtExpense": "None", "netIncomeFromContinuingOperations": "0", "comprehensiveIncomeNetOfTax": "None", "ebit": "206009000", "ebitda": "277334000", "netIncome": "129024000"}, {"fiscalDateEnding": "2005-09-30", "reportedCurrency": "USD", "grossProfit": "457798000", "totalRevenue": "2113551000", "costOfRevenue": "1655753000", "costofGoodsAndServicesSold": "1655753000", "operatingIncome": "220784000", "sellingGeneralAndAdministrative": "237014000", "researchAndDevelopment": "0", "operatingExpenses": "237014000", "investmentIncomeNet": "None", "netInterestIncome": "None", "interestIncome": "None", "interestExpense": "16471000", "nonInterestIncome": "None", "otherNonOperatingIncome": "None", "depreciation": "None", "depreciationAndAmortization": "65353000", "incomeBeforeTax": "204040000", "incomeTaxExpense": "60192000", "interestAndDebtExpense": "None", "netIncomeFromContinuingOperations": "0", "comprehensiveIncomeNetOfTax": "None", "ebit": "220784000", "ebitda": "286137000", "netIncome": "172732000"}, {"fiscalDateEnding": "2005-06-30", "reportedCurrency": "USD", "grossProfit": "472061000", "totalRevenue": "2210532000", "costOfRevenue": "1738471000", "costofGoodsAndServicesSold": "1738471000", "operatingIncome": "236135000", "sellingGeneralAndAdministrative": "235926000", "researchAndDevelopment": "129472000", "operatingExpenses": "235926000", "investmentIncomeNet": "None", "netInterestIncome": "None", "interestIncome": "None", "interestExpense": "16375000", "nonInterestIncome": "None", "otherNonOperatingIncome": "None", "depreciation": "None", "depreciationAndAmortization": "67415000", "incomeBeforeTax": "219458000", "incomeTaxExpense": "58046000", "interestAndDebtExpense": "None", "netIncomeFromContinuingOperations": "0", "comprehensiveIncomeNetOfTax": "None", "ebit": "236135000", "ebitda": "303550000", "netIncome": "161412000"}, {"fiscalDateEnding": "2005-03-31", "reportedCurrency": "USD", "grossProfit": "428824000", "totalRevenue": "2141708000", "costOfRevenue": "1712884000", "costofGoodsAndServicesSold": "1712884000", "operatingIncome": "210617000", "sellingGeneralAndAdministrative": "218207000", "researchAndDevelopment": "0", "operatingExpenses": "218207000", "investmentIncomeNet": "None", "netInterestIncome": "None", "interestIncome": "None", "interestExpense": "17116000", "nonInterestIncome": "None", "otherNonOperatingIncome": "None", "depreciation": "None", "depreciationAndAmortization": "65178000", "incomeBeforeTax": "191629000", "incomeTaxExpense": "49454000", "interestAndDebtExpense": "None", "netIncomeFromContinuingOperations": "0", "comprehensiveIncomeNetOfTax": "None", "ebit": "207903000", "ebitda": "273081000", "netIncome": "139370000"}, {"fiscalDateEnding": "2004-12-31", "reportedCurrency": "USD", "grossProfit": "396530000", "totalRevenue": "1942887000", "costOfRevenue": "1546357000", "costofGoodsAndServicesSold": "1546357000", "operatingIncome": "175684000", "sellingGeneralAndAdministrative": "220846000", "researchAndDevelopment": "0", "operatingExpenses": "220846000", "investmentIncomeNet": "None", "netInterestIncome": "None", "interestIncome": "None", "interestExpense": "17288000", "nonInterestIncome": "None", "otherNonOperatingIncome": "None", "depreciation": "None", "depreciationAndAmortization": "67968000", "incomeBeforeTax": "160014000", "incomeTaxExpense": "46161000", "interestAndDebtExpense": "None", "netIncomeFromContinuingOperations": "0", "comprehensiveIncomeNetOfTax": "None", "ebit": "170898000", "ebitda": "238866000", "netIncome": "171127000"}]}