{"symbol": "MNST", "annualReports": [{"fiscalDateEnding": "2024-12-31", "reportedCurrency": "USD", "grossProfit": "4048878000", "totalRevenue": "7492709000", "costOfRevenue": "3443831000", "costofGoodsAndServicesSold": "3443831000", "operatingIncome": "1930294000", "sellingGeneralAndAdministrative": "None", "researchAndDevelopment": "None", "operatingExpenses": "2118584000", "investmentIncomeNet": "None", "netInterestIncome": "59165000", "interestIncome": "None", "interestExpense": "59165000", "nonInterestIncome": "None", "otherNonOperatingIncome": "None", "depreciation": "None", "depreciationAndAmortization": "80434000", "incomeBeforeTax": "1989459000", "incomeTaxExpense": "480411000", "interestAndDebtExpense": "None", "netIncomeFromContinuingOperations": "1509048000", "comprehensiveIncomeNetOfTax": "None", "ebit": "1930294000", "ebitda": "2010728000", "netIncome": "1509048000"}, {"fiscalDateEnding": "2023-12-31", "reportedCurrency": "USD", "grossProfit": "3794206000", "totalRevenue": "7140027000", "costOfRevenue": "3345821000", "costofGoodsAndServicesSold": "3345821000", "operatingIncome": "1953355000", "sellingGeneralAndAdministrative": "1072051000", "researchAndDevelopment": "None", "operatingExpenses": "1840851000", "investmentIncomeNet": "None", "netInterestIncome": "115127000", "interestIncome": "None", "interestExpense": "115127000", "nonInterestIncome": "None", "otherNonOperatingIncome": "None", "depreciation": "None", "depreciationAndAmortization": "68898000", "incomeBeforeTax": "2068482000", "incomeTaxExpense": "437494000", "interestAndDebtExpense": "None", "netIncomeFromContinuingOperations": "1630988000", "comprehensiveIncomeNetOfTax": "None", "ebit": "1884457000", "ebitda": "1953355000", "netIncome": "1630988000"}, {"fiscalDateEnding": "2022-12-31", "reportedCurrency": "USD", "grossProfit": "3174567000", "totalRevenue": "6311050000", "costOfRevenue": "3136483000", "costofGoodsAndServicesSold": "3136483000", "operatingIncome": "1584721000", "sellingGeneralAndAdministrative": "None", "researchAndDevelopment": "None", "operatingExpenses": "1589846000", "investmentIncomeNet": "None", "netInterestIncome": "-12757000", "interestIncome": "None", "interestExpense": "12757000", "nonInterestIncome": "None", "otherNonOperatingIncome": "-12757000", "depreciation": "None", "depreciationAndAmortization": "61241000", "incomeBeforeTax": "1571964000", "incomeTaxExpense": "380340000", "interestAndDebtExpense": "None", "netIncomeFromContinuingOperations": "1191624000", "comprehensiveIncomeNetOfTax": "None", "ebit": "1584721000", "ebitda": "1645962000", "netIncome": "1191624000"}, {"fiscalDateEnding": "2021-12-31", "reportedCurrency": "USD", "grossProfit": "3108513000", "totalRevenue": "5541352000", "costOfRevenue": "2432839000", "costofGoodsAndServicesSold": "2432839000", "operatingIncome": "1797467000", "sellingGeneralAndAdministrative": "674246000", "researchAndDevelopment": "None", "operatingExpenses": "1311046000", "investmentIncomeNet": "None", "netInterestIncome": "3952000", "interestIncome": "None", "interestExpense": "54107000", "nonInterestIncome": "None", "otherNonOperatingIncome": "3952000", "depreciation": "None", "depreciationAndAmortization": "50155000", "incomeBeforeTax": "1801419000", "incomeTaxExpense": "423944000", "interestAndDebtExpense": "None", "netIncomeFromContinuingOperations": "1377475000", "comprehensiveIncomeNetOfTax": "None", "ebit": "1797467000", "ebitda": "1847622000", "netIncome": "1377475000"}, {"fiscalDateEnding": "2020-12-31", "reportedCurrency": "USD", "grossProfit": "2723880000", "totalRevenue": "4598638000", "costOfRevenue": "1874758000", "costofGoodsAndServicesSold": "1874758000", "operatingIncome": "1633153000", "sellingGeneralAndAdministrative": "610727000", "researchAndDevelopment": "None", "operatingExpenses": "1090727000", "investmentIncomeNet": "None", "netInterestIncome": "-6996000", "interestIncome": "None", "interestExpense": "53977000", "nonInterestIncome": "None", "otherNonOperatingIncome": "-6996000", "depreciation": "None", "depreciationAndAmortization": "60973000", "incomeBeforeTax": "1626157000", "incomeTaxExpense": "216563000", "interestAndDebtExpense": "None", "netIncomeFromContinuingOperations": "1409594000", "comprehensiveIncomeNetOfTax": "None", "ebit": "1633153000", "ebitda": "1694126000", "netIncome": "1409594000"}, {"fiscalDateEnding": "2019-12-31", "reportedCurrency": "USD", "grossProfit": "2518585000", "totalRevenue": "4200819000", "costOfRevenue": "1682234000", "costofGoodsAndServicesSold": "1682234000", "operatingIncome": "1402939000", "sellingGeneralAndAdministrative": "625045000", "researchAndDevelopment": "None", "operatingExpenses": "1115646000", "investmentIncomeNet": "None", "netInterestIncome": "13023000", "interestIncome": "13023000", "interestExpense": "77837000", "nonInterestIncome": "None", "otherNonOperatingIncome": "13023000", "depreciation": "None", "depreciationAndAmortization": "64814000", "incomeBeforeTax": "1415962000", "incomeTaxExpense": "308127000", "interestAndDebtExpense": "None", "netIncomeFromContinuingOperations": "1107835000", "comprehensiveIncomeNetOfTax": "None", "ebit": "1402939000", "ebitda": "1467753000", "netIncome": "1107835000"}, {"fiscalDateEnding": "2018-12-31", "reportedCurrency": "USD", "grossProfit": "2295375000", "totalRevenue": "3807183000", "costOfRevenue": "1511808000", "costofGoodsAndServicesSold": "1511808000", "operatingIncome": "1283619000", "sellingGeneralAndAdministrative": "531300000", "researchAndDevelopment": "0", "operatingExpenses": "1011756000", "investmentIncomeNet": "None", "netInterestIncome": "9653000", "interestIncome": "9653000", "interestExpense": "9653000", "nonInterestIncome": "None", "otherNonOperatingIncome": "9653000", "depreciation": "None", "depreciationAndAmortization": "56979000", "incomeBeforeTax": "1293272000", "incomeTaxExpense": "300268000", "interestAndDebtExpense": "None", "netIncomeFromContinuingOperations": "993004000", "comprehensiveIncomeNetOfTax": "None", "ebit": "1283619000", "ebitda": "1340598000", "netIncome": "993004000"}, {"fiscalDateEnding": "2017-12-31", "reportedCurrency": "USD", "grossProfit": "2137690000", "totalRevenue": "3369045000", "costOfRevenue": "1231355000", "costofGoodsAndServicesSold": "1231355000", "operatingIncome": "1198787000", "sellingGeneralAndAdministrative": "485800000", "researchAndDevelopment": "0", "operatingExpenses": "938903000", "investmentIncomeNet": "None", "netInterestIncome": "2836000", "interestIncome": "2836000", "interestExpense": "2836000", "nonInterestIncome": "None", "otherNonOperatingIncome": "2836000", "depreciation": "None", "depreciationAndAmortization": "48887000", "incomeBeforeTax": "1201623000", "incomeTaxExpense": "380945000", "interestAndDebtExpense": "None", "netIncomeFromContinuingOperations": "820678000", "comprehensiveIncomeNetOfTax": "None", "ebit": "1198787000", "ebitda": "1247674000", "netIncome": "820678000"}, {"fiscalDateEnding": "2016-12-31", "reportedCurrency": "USD", "grossProfit": "1942000000", "totalRevenue": "3049393000", "costOfRevenue": "1107393000", "costofGoodsAndServicesSold": "1107393000", "operatingIncome": "1085338000", "sellingGeneralAndAdministrative": "425100000", "researchAndDevelopment": "0", "operatingExpenses": "856662000", "investmentIncomeNet": "None", "netInterestIncome": "None", "interestIncome": "5653000", "interestExpense": "5653000", "nonInterestIncome": "None", "otherNonOperatingIncome": "-5653000", "depreciation": "None", "depreciationAndAmortization": "40845000", "incomeBeforeTax": "1079685000", "incomeTaxExpense": "367000000", "interestAndDebtExpense": "None", "netIncomeFromContinuingOperations": "712685000", "comprehensiveIncomeNetOfTax": "None", "ebit": "1085338000", "ebitda": "1126183000", "netIncome": "712685000"}, {"fiscalDateEnding": "2015-12-31", "reportedCurrency": "USD", "grossProfit": "1632301000", "totalRevenue": "2722564000", "costOfRevenue": "1090263000", "costofGoodsAndServicesSold": "1090263000", "operatingIncome": "1050913000", "sellingGeneralAndAdministrative": "354600000", "researchAndDevelopment": "0", "operatingExpenses": "900118000", "investmentIncomeNet": "None", "netInterestIncome": "None", "interestIncome": "2105000", "interestExpense": "320835000", "nonInterestIncome": "None", "otherNonOperatingIncome": "-2105000", "depreciation": "None", "depreciationAndAmortization": "30860000", "incomeBeforeTax": "891548000", "incomeTaxExpense": "344815000", "interestAndDebtExpense": "None", "netIncomeFromContinuingOperations": "546733000", "comprehensiveIncomeNetOfTax": "None", "ebit": "971679000", "ebitda": "1002539000", "netIncome": "546733000"}, {"fiscalDateEnding": "2014-12-31", "reportedCurrency": "USD", "grossProfit": "1339810000", "totalRevenue": "2464867000", "costOfRevenue": "1125057000", "costofGoodsAndServicesSold": "1125057000", "operatingIncome": "747505000", "sellingGeneralAndAdministrative": "592305000", "researchAndDevelopment": "0", "operatingExpenses": "592305000", "investmentIncomeNet": "None", "netInterestIncome": "None", "interestIncome": "None", "interestExpense": "1758000", "nonInterestIncome": "None", "otherNonOperatingIncome": "-1717000", "depreciation": "None", "depreciationAndAmortization": "25692000", "incomeBeforeTax": "745788000", "incomeTaxExpense": "262603000", "interestAndDebtExpense": "None", "netIncomeFromContinuingOperations": "483185000", "comprehensiveIncomeNetOfTax": "None", "ebit": "747464000", "ebitda": "773156000", "netIncome": "483185000"}, {"fiscalDateEnding": "2013-12-31", "reportedCurrency": "USD", "grossProfit": "1172931000", "totalRevenue": "2246428000", "costOfRevenue": "1073497000", "costofGoodsAndServicesSold": "1073497000", "operatingIncome": "572916000", "sellingGeneralAndAdministrative": "334215000", "researchAndDevelopment": "0", "operatingExpenses": "600015000", "investmentIncomeNet": "None", "netInterestIncome": "None", "interestIncome": "None", "interestExpense": "6307000", "nonInterestIncome": "None", "otherNonOperatingIncome": "-9022000", "depreciation": "None", "depreciationAndAmortization": "20047000", "incomeBeforeTax": "563894000", "incomeTaxExpense": "225233000", "interestAndDebtExpense": "None", "netIncomeFromContinuingOperations": "338661000", "comprehensiveIncomeNetOfTax": "None", "ebit": "575631000", "ebitda": "595678000", "netIncome": "338661000"}, {"fiscalDateEnding": "2012-12-31", "reportedCurrency": "USD", "grossProfit": "1065656000", "totalRevenue": "2060702000", "costOfRevenue": "995046000", "costofGoodsAndServicesSold": "995046000", "operatingIncome": "550623000", "sellingGeneralAndAdministrative": "515033000", "researchAndDevelopment": "0", "operatingExpenses": "515033000", "investmentIncomeNet": "None", "netInterestIncome": "None", "interestIncome": "None", "interestExpense": "682000", "nonInterestIncome": "None", "otherNonOperatingIncome": "-1469000", "depreciation": "None", "depreciationAndAmortization": "19775000", "incomeBeforeTax": "549154000", "incomeTaxExpense": "209134000", "interestAndDebtExpense": "None", "netIncomeFromContinuingOperations": "340020000", "comprehensiveIncomeNetOfTax": "None", "ebit": "551410000", "ebitda": "571185000", "netIncome": "340020000"}, {"fiscalDateEnding": "2011-12-31", "reportedCurrency": "USD", "grossProfit": "894309000", "totalRevenue": "1703230000", "costOfRevenue": "808921000", "costofGoodsAndServicesSold": "808921000", "operatingIncome": "456423000", "sellingGeneralAndAdministrative": "437886000", "researchAndDevelopment": "0", "operatingExpenses": "437886000", "investmentIncomeNet": "None", "netInterestIncome": "None", "interestIncome": "None", "interestExpense": "772000", "nonInterestIncome": "None", "otherNonOperatingIncome": "847000", "depreciation": "None", "depreciationAndAmortization": "17084000", "incomeBeforeTax": "457270000", "incomeTaxExpense": "171051000", "interestAndDebtExpense": "None", "netIncomeFromContinuingOperations": "286219000", "comprehensiveIncomeNetOfTax": "None", "ebit": "456423000", "ebitda": "473507000", "netIncome": "286219000"}, {"fiscalDateEnding": "2010-12-31", "reportedCurrency": "USD", "grossProfit": "680240000", "totalRevenue": "1303942000", "costOfRevenue": "623702000", "costofGoodsAndServicesSold": "623702000", "operatingIncome": "347814000", "sellingGeneralAndAdministrative": "332426000", "researchAndDevelopment": "0", "operatingExpenses": "332426000", "investmentIncomeNet": "None", "netInterestIncome": "None", "interestIncome": "None", "interestExpense": "758000", "nonInterestIncome": "None", "otherNonOperatingIncome": "1488000", "depreciation": "None", "depreciationAndAmortization": "11776000", "incomeBeforeTax": "349302000", "incomeTaxExpense": "137273000", "interestAndDebtExpense": "None", "netIncomeFromContinuingOperations": "212029000", "comprehensiveIncomeNetOfTax": "None", "ebit": "347814000", "ebitda": "359590000", "netIncome": "212029000"}, {"fiscalDateEnding": "2009-12-31", "reportedCurrency": "USD", "grossProfit": "612316000", "totalRevenue": "1143299000", "costOfRevenue": "530983000", "costofGoodsAndServicesSold": "530983000", "operatingIncome": "337309000", "sellingGeneralAndAdministrative": "279707000", "researchAndDevelopment": "None", "operatingExpenses": "275007000", "investmentIncomeNet": "None", "netInterestIncome": "None", "interestIncome": "None", "interestExpense": "3228000", "nonInterestIncome": "None", "otherNonOperatingIncome": "None", "depreciation": "None", "depreciationAndAmortization": "5907000", "incomeBeforeTax": "335695000", "incomeTaxExpense": "126979000", "interestAndDebtExpense": "None", "netIncomeFromContinuingOperations": "None", "comprehensiveIncomeNetOfTax": "None", "ebit": "337309000", "ebitda": "343216000", "netIncome": "208716000"}, {"fiscalDateEnding": "2008-12-31", "reportedCurrency": "USD", "grossProfit": "538794000", "totalRevenue": "1033780000", "costOfRevenue": "494986000", "costofGoodsAndServicesSold": "494986000", "operatingIncome": "163591000", "sellingGeneralAndAdministrative": "375403000", "researchAndDevelopment": "None", "operatingExpenses": "375203000", "investmentIncomeNet": "None", "netInterestIncome": "None", "interestIncome": "None", "interestExpense": "19772000", "nonInterestIncome": "None", "otherNonOperatingIncome": "None", "depreciation": "None", "depreciationAndAmortization": "3472000", "incomeBeforeTax": "173477000", "incomeTaxExpense": "65445000", "interestAndDebtExpense": "None", "netIncomeFromContinuingOperations": "None", "comprehensiveIncomeNetOfTax": "None", "ebit": "163591000", "ebitda": "167063000", "netIncome": "108032000"}, {"fiscalDateEnding": "2007-12-31", "reportedCurrency": "USD", "grossProfit": "468013000", "totalRevenue": "904465000", "costOfRevenue": "436452000", "costofGoodsAndServicesSold": "436452000", "operatingIncome": "230986000", "sellingGeneralAndAdministrative": "237027000", "researchAndDevelopment": "None", "operatingExpenses": "237027000", "investmentIncomeNet": "None", "netInterestIncome": "None", "interestIncome": "None", "interestExpense": "8770000", "nonInterestIncome": "None", "otherNonOperatingIncome": "None", "depreciation": "None", "depreciationAndAmortization": "2184000", "incomeBeforeTax": "239756000", "incomeTaxExpense": "90350000", "interestAndDebtExpense": "None", "netIncomeFromContinuingOperations": "None", "comprehensiveIncomeNetOfTax": "None", "ebit": "230986000", "ebitda": "233170000", "netIncome": "149406000"}, {"fiscalDateEnding": "2006-12-31", "reportedCurrency": "USD", "grossProfit": "316594000", "totalRevenue": "605774000", "costOfRevenue": "289180000", "costofGoodsAndServicesSold": "289180000", "operatingIncome": "158579000", "sellingGeneralAndAdministrative": "158015000", "researchAndDevelopment": "None", "operatingExpenses": "158015000", "investmentIncomeNet": "None", "netInterestIncome": "None", "interestIncome": "None", "interestExpense": "3660000", "nonInterestIncome": "None", "otherNonOperatingIncome": "None", "depreciation": "None", "depreciationAndAmortization": "1594000", "incomeBeforeTax": "162239000", "incomeTaxExpense": "64290000", "interestAndDebtExpense": "None", "netIncomeFromContinuingOperations": "None", "comprehensiveIncomeNetOfTax": "None", "ebit": "158579000", "ebitda": "160173000", "netIncome": "97949000"}, {"fiscalDateEnding": "2005-12-31", "reportedCurrency": "USD", "grossProfit": "182543000", "totalRevenue": "348886000", "costOfRevenue": "166343000", "costofGoodsAndServicesSold": "166343000", "operatingIncome": "103443000", "sellingGeneralAndAdministrative": "79030000", "researchAndDevelopment": "None", "operatingExpenses": "79100000", "investmentIncomeNet": "None", "netInterestIncome": "None", "interestIncome": "None", "interestExpense": "77000", "nonInterestIncome": "None", "otherNonOperatingIncome": "None", "depreciation": "None", "depreciationAndAmortization": "1079000", "incomeBeforeTax": "104795000", "incomeTaxExpense": "42019000", "interestAndDebtExpense": "None", "netIncomeFromContinuingOperations": "None", "comprehensiveIncomeNetOfTax": "None", "ebit": "103443000", "ebitda": "104522000", "netIncome": "62776000"}], "quarterlyReports": [{"fiscalDateEnding": "2024-12-31", "reportedCurrency": "USD", "grossProfit": "1002445000", "totalRevenue": "1812041000", "costOfRevenue": "809596000", "costofGoodsAndServicesSold": "809596000", "operatingIncome": "381224000", "sellingGeneralAndAdministrative": "None", "researchAndDevelopment": "None", "operatingExpenses": "621221000", "investmentIncomeNet": "None", "netInterestIncome": "4854000", "interestIncome": "None", "interestExpense": "None", "nonInterestIncome": "None", "otherNonOperatingIncome": "None", "depreciation": "None", "depreciationAndAmortization": "20612000", "incomeBeforeTax": "386078000", "incomeTaxExpense": "115367000", "interestAndDebtExpense": "None", "netIncomeFromContinuingOperations": "270711000", "comprehensiveIncomeNetOfTax": "None", "ebit": "396478000", "ebitda": "417090000", "netIncome": "270711000"}, {"fiscalDateEnding": "2024-09-30", "reportedCurrency": "USD", "grossProfit": "999799000", "totalRevenue": "1880973000", "costOfRevenue": "881174000", "costofGoodsAndServicesSold": "881174000", "operatingIncome": "479916000", "sellingGeneralAndAdministrative": "None", "researchAndDevelopment": "None", "operatingExpenses": "519883000", "investmentIncomeNet": "None", "netInterestIncome": "-5820000", "interestIncome": "None", "interestExpense": "5820000", "nonInterestIncome": "None", "otherNonOperatingIncome": "None", "depreciation": "None", "depreciationAndAmortization": "19909000", "incomeBeforeTax": "474096000", "incomeTaxExpense": "103177000", "interestAndDebtExpense": "None", "netIncomeFromContinuingOperations": "370919000", "comprehensiveIncomeNetOfTax": "None", "ebit": "479916000", "ebitda": "499825000", "netIncome": "370919000"}, {"fiscalDateEnding": "2024-06-30", "reportedCurrency": "USD", "grossProfit": "1019506000", "totalRevenue": "1900597000", "costOfRevenue": "881091000", "costofGoodsAndServicesSold": "881091000", "operatingIncome": "527163000", "sellingGeneralAndAdministrative": "212800000", "researchAndDevelopment": "None", "operatingExpenses": "492343000", "investmentIncomeNet": "None", "netInterestIncome": "24376000", "interestIncome": "24376000", "interestExpense": "None", "nonInterestIncome": "None", "otherNonOperatingIncome": "None", "depreciation": "None", "depreciationAndAmortization": "19438000", "incomeBeforeTax": "551539000", "incomeTaxExpense": "126170000", "interestAndDebtExpense": "None", "netIncomeFromContinuingOperations": "425369000", "comprehensiveIncomeNetOfTax": "None", "ebit": "527163000", "ebitda": "546601000", "netIncome": "425369000"}, {"fiscalDateEnding": "2024-03-31", "reportedCurrency": "USD", "grossProfit": "1027129000", "totalRevenue": "1899098000", "costOfRevenue": "871969000", "costofGoodsAndServicesSold": "871969000", "operatingIncome": "541991000", "sellingGeneralAndAdministrative": "216300000", "researchAndDevelopment": "None", "operatingExpenses": "485138000", "investmentIncomeNet": "None", "netInterestIncome": "35754000", "interestIncome": "35754000", "interestExpense": "None", "nonInterestIncome": "None", "otherNonOperatingIncome": "None", "depreciation": "None", "depreciationAndAmortization": "20475000", "incomeBeforeTax": "577745000", "incomeTaxExpense": "135696000", "interestAndDebtExpense": "None", "netIncomeFromContinuingOperations": "442049000", "comprehensiveIncomeNetOfTax": "None", "ebit": "541991000", "ebitda": "562466000", "netIncome": "442049000"}, {"fiscalDateEnding": "2023-12-31", "reportedCurrency": "USD", "grossProfit": "938373000", "totalRevenue": "1730108000", "costOfRevenue": "791735000", "costofGoodsAndServicesSold": "791735000", "operatingIncome": "433959000", "sellingGeneralAndAdministrative": "456436000", "researchAndDevelopment": "None", "operatingExpenses": "1296149000", "investmentIncomeNet": "None", "netInterestIncome": "16117000", "interestIncome": "None", "interestExpense": "16115000", "nonInterestIncome": "None", "otherNonOperatingIncome": "None", "depreciation": "None", "depreciationAndAmortization": "-50364000", "incomeBeforeTax": "450076000", "incomeTaxExpense": "83097000", "interestAndDebtExpense": "None", "netIncomeFromContinuingOperations": "366979000", "comprehensiveIncomeNetOfTax": "None", "ebit": "466189000", "ebitda": "415825000", "netIncome": "366979000"}, {"fiscalDateEnding": "2023-09-30", "reportedCurrency": "USD", "grossProfit": "983763000", "totalRevenue": "1856028000", "costOfRevenue": "872265000", "costofGoodsAndServicesSold": "872265000", "operatingIncome": "510527000", "sellingGeneralAndAdministrative": "456436000", "researchAndDevelopment": "None", "operatingExpenses": "473236000", "investmentIncomeNet": "None", "netInterestIncome": "71357000", "interestIncome": "None", "interestExpense": "71357000", "nonInterestIncome": "None", "otherNonOperatingIncome": "None", "depreciation": "None", "depreciationAndAmortization": "17980000", "incomeBeforeTax": "581884000", "incomeTaxExpense": "129190000", "interestAndDebtExpense": "None", "netIncomeFromContinuingOperations": "452694000", "comprehensiveIncomeNetOfTax": "None", "ebit": "510527000", "ebitda": "528507000", "netIncome": "452694000"}, {"fiscalDateEnding": "2023-06-30", "reportedCurrency": "USD", "grossProfit": "974222000", "totalRevenue": "1854961000", "costOfRevenue": "880739000", "costofGoodsAndServicesSold": "880739000", "operatingIncome": "523805000", "sellingGeneralAndAdministrative": "None", "researchAndDevelopment": "None", "operatingExpenses": "450417000", "investmentIncomeNet": "None", "netInterestIncome": "15159000", "interestIncome": "15159000", "interestExpense": "15159000", "nonInterestIncome": "None", "otherNonOperatingIncome": "15159000", "depreciation": "None", "depreciationAndAmortization": "16244000", "incomeBeforeTax": "538964000", "incomeTaxExpense": "125093000", "interestAndDebtExpense": "None", "netIncomeFromContinuingOperations": "413871000", "comprehensiveIncomeNetOfTax": "None", "ebit": "523137000", "ebitda": "539381000", "netIncome": "413871000"}, {"fiscalDateEnding": "2023-03-31", "reportedCurrency": "USD", "grossProfit": "897849000", "totalRevenue": "1698930000", "costOfRevenue": "801081000", "costofGoodsAndServicesSold": "801081000", "operatingIncome": "485064000", "sellingGeneralAndAdministrative": "None", "researchAndDevelopment": "None", "operatingExpenses": "412785000", "investmentIncomeNet": "None", "netInterestIncome": "12496000", "interestIncome": "12496000", "interestExpense": "12496000", "nonInterestIncome": "None", "otherNonOperatingIncome": "12496000", "depreciation": "None", "depreciationAndAmortization": "18968000", "incomeBeforeTax": "497560000", "incomeTaxExpense": "100116000", "interestAndDebtExpense": "None", "netIncomeFromContinuingOperations": "397444000", "comprehensiveIncomeNetOfTax": "None", "ebit": "482904000", "ebitda": "501872000", "netIncome": "397444000"}, {"fiscalDateEnding": "2022-12-31", "reportedCurrency": "USD", "grossProfit": "784315000", "totalRevenue": "1512931000", "costOfRevenue": "728616000", "costofGoodsAndServicesSold": "728616000", "operatingIncome": "394351000", "sellingGeneralAndAdministrative": "295536000", "researchAndDevelopment": "None", "operatingExpenses": "389963000", "investmentIncomeNet": "None", "netInterestIncome": "None", "interestIncome": "None", "interestExpense": "825000", "nonInterestIncome": "None", "otherNonOperatingIncome": "-8125000", "depreciation": "None", "depreciationAndAmortization": "17358000", "incomeBeforeTax": "393526000", "incomeTaxExpense": "91853000", "interestAndDebtExpense": "None", "netIncomeFromContinuingOperations": "301674000", "comprehensiveIncomeNetOfTax": "None", "ebit": "393526000", "ebitda": "410884000", "netIncome": "301674000"}, {"fiscalDateEnding": "2022-09-30", "reportedCurrency": "USD", "grossProfit": "833725000", "totalRevenue": "1624286000", "costOfRevenue": "790561000", "costofGoodsAndServicesSold": "790561000", "operatingIncome": "417930000", "sellingGeneralAndAdministrative": "None", "researchAndDevelopment": "None", "operatingExpenses": "415795000", "investmentIncomeNet": "None", "netInterestIncome": "2149000", "interestIncome": "None", "interestExpense": "2149000", "nonInterestIncome": "None", "otherNonOperatingIncome": "2149000", "depreciation": "None", "depreciationAndAmortization": "17566000", "incomeBeforeTax": "420079000", "incomeTaxExpense": "97692000", "interestAndDebtExpense": "None", "netIncomeFromContinuingOperations": "322387000", "comprehensiveIncomeNetOfTax": "None", "ebit": "400364000", "ebitda": "417930000", "netIncome": "322387000"}, {"fiscalDateEnding": "2022-06-30", "reportedCurrency": "USD", "grossProfit": "779861000", "totalRevenue": "1655260000", "costOfRevenue": "875399000", "costofGoodsAndServicesSold": "875399000", "operatingIncome": "372951000", "sellingGeneralAndAdministrative": "None", "researchAndDevelopment": "None", "operatingExpenses": "406910000", "investmentIncomeNet": "None", "netInterestIncome": "-6781000", "interestIncome": "None", "interestExpense": "6781000", "nonInterestIncome": "None", "otherNonOperatingIncome": "-6781000", "depreciation": "None", "depreciationAndAmortization": "17574000", "incomeBeforeTax": "366170000", "incomeTaxExpense": "92810000", "interestAndDebtExpense": "None", "netIncomeFromContinuingOperations": "273360000", "comprehensiveIncomeNetOfTax": "None", "ebit": "355377000", "ebitda": "372951000", "netIncome": "273360000"}, {"fiscalDateEnding": "2022-03-31", "reportedCurrency": "USD", "grossProfit": "776667000", "totalRevenue": "1518574000", "costOfRevenue": "741907000", "costofGoodsAndServicesSold": "741907000", "operatingIncome": "399489000", "sellingGeneralAndAdministrative": "None", "researchAndDevelopment": "None", "operatingExpenses": "377178000", "investmentIncomeNet": "None", "netInterestIncome": "-7300000", "interestIncome": "None", "interestExpense": "7300000", "nonInterestIncome": "None", "otherNonOperatingIncome": "None", "depreciation": "None", "depreciationAndAmortization": "14600000", "incomeBeforeTax": "392189000", "incomeTaxExpense": "97986000", "interestAndDebtExpense": "None", "netIncomeFromContinuingOperations": "294203000", "comprehensiveIncomeNetOfTax": "None", "ebit": "384889000", "ebitda": "399489000", "netIncome": "294203000"}, {"fiscalDateEnding": "2021-12-31", "reportedCurrency": "USD", "grossProfit": "767580000", "totalRevenue": "1425044000", "costOfRevenue": "657464000", "costofGoodsAndServicesSold": "657464000", "operatingIncome": "412880000", "sellingGeneralAndAdministrative": "None", "researchAndDevelopment": "None", "operatingExpenses": "354700000", "investmentIncomeNet": "None", "netInterestIncome": "None", "interestIncome": "None", "interestExpense": "6131000", "nonInterestIncome": "None", "otherNonOperatingIncome": "3952000", "depreciation": "None", "depreciationAndAmortization": "12355000", "incomeBeforeTax": "419011000", "incomeTaxExpense": "97697000", "interestAndDebtExpense": "None", "netIncomeFromContinuingOperations": "321314000", "comprehensiveIncomeNetOfTax": "None", "ebit": "419011000", "ebitda": "431366000", "netIncome": "321314000"}, {"fiscalDateEnding": "2021-09-30", "reportedCurrency": "USD", "grossProfit": "789158000", "totalRevenue": "1410557000", "costOfRevenue": "621399000", "costofGoodsAndServicesSold": "621399000", "operatingIncome": "444464000", "sellingGeneralAndAdministrative": "None", "researchAndDevelopment": "None", "operatingExpenses": "344694000", "investmentIncomeNet": "None", "netInterestIncome": "-2290000", "interestIncome": "None", "interestExpense": "2290000", "nonInterestIncome": "None", "otherNonOperatingIncome": "None", "depreciation": "None", "depreciationAndAmortization": "12400000", "incomeBeforeTax": "442174000", "incomeTaxExpense": "104969000", "interestAndDebtExpense": "None", "netIncomeFromContinuingOperations": "337205000", "comprehensiveIncomeNetOfTax": "None", "ebit": "432064000", "ebitda": "444464000", "netIncome": "337205000"}, {"fiscalDateEnding": "2021-06-30", "reportedCurrency": "USD", "grossProfit": "836838000", "totalRevenue": "1461934000", "costOfRevenue": "625096000", "costofGoodsAndServicesSold": "625096000", "operatingIncome": "525975000", "sellingGeneralAndAdministrative": "None", "researchAndDevelopment": "None", "operatingExpenses": "310863000", "investmentIncomeNet": "None", "netInterestIncome": "872000", "interestIncome": "None", "interestExpense": "872000", "nonInterestIncome": "None", "otherNonOperatingIncome": "None", "depreciation": "None", "depreciationAndAmortization": "12700000", "incomeBeforeTax": "526847000", "incomeTaxExpense": "123085000", "interestAndDebtExpense": "None", "netIncomeFromContinuingOperations": "403762000", "comprehensiveIncomeNetOfTax": "None", "ebit": "513275000", "ebitda": "525975000", "netIncome": "403762000"}, {"fiscalDateEnding": "2021-03-31", "reportedCurrency": "USD", "grossProfit": "714935000", "totalRevenue": "1243816000", "costOfRevenue": "528881000", "costofGoodsAndServicesSold": "528881000", "operatingIncome": "414146000", "sellingGeneralAndAdministrative": "None", "researchAndDevelopment": "None", "operatingExpenses": "300789000", "investmentIncomeNet": "None", "netInterestIncome": "-759000", "interestIncome": "None", "interestExpense": "759000", "nonInterestIncome": "None", "otherNonOperatingIncome": "None", "depreciation": "None", "depreciationAndAmortization": "12800000", "incomeBeforeTax": "413387000", "incomeTaxExpense": "98193000", "interestAndDebtExpense": "None", "netIncomeFromContinuingOperations": "315194000", "comprehensiveIncomeNetOfTax": "None", "ebit": "401346000", "ebitda": "414146000", "netIncome": "315194000"}, {"fiscalDateEnding": "2020-12-31", "reportedCurrency": "USD", "grossProfit": "690685000", "totalRevenue": "1196283000", "costOfRevenue": "505598000", "costofGoodsAndServicesSold": "505598000", "operatingIncome": "402301000", "sellingGeneralAndAdministrative": "None", "researchAndDevelopment": "None", "operatingExpenses": "288384000", "investmentIncomeNet": "None", "netInterestIncome": "-1505000", "interestIncome": "None", "interestExpense": "1505000", "nonInterestIncome": "None", "otherNonOperatingIncome": "-7868000", "depreciation": "None", "depreciationAndAmortization": "15094000", "incomeBeforeTax": "400796000", "incomeTaxExpense": "-70940000", "interestAndDebtExpense": "None", "netIncomeFromContinuingOperations": "471736000", "comprehensiveIncomeNetOfTax": "None", "ebit": "402301000", "ebitda": "417395000", "netIncome": "471736000"}, {"fiscalDateEnding": "2020-09-30", "reportedCurrency": "USD", "grossProfit": "736531000", "totalRevenue": "1246362000", "costOfRevenue": "509831000", "costofGoodsAndServicesSold": "509831000", "operatingIncome": "458601000", "sellingGeneralAndAdministrative": "None", "researchAndDevelopment": "None", "operatingExpenses": "277930000", "investmentIncomeNet": "None", "netInterestIncome": "-4568000", "interestIncome": "None", "interestExpense": "4568000", "nonInterestIncome": "None", "otherNonOperatingIncome": "None", "depreciation": "None", "depreciationAndAmortization": "13822000", "incomeBeforeTax": "454033000", "incomeTaxExpense": "106379000", "interestAndDebtExpense": "None", "netIncomeFromContinuingOperations": "347654000", "comprehensiveIncomeNetOfTax": "None", "ebit": "458601000", "ebitda": "472423000", "netIncome": "347654000"}, {"fiscalDateEnding": "2020-06-30", "reportedCurrency": "USD", "grossProfit": "659469000", "totalRevenue": "1093896000", "costOfRevenue": "434427000", "costofGoodsAndServicesSold": "434427000", "operatingIncome": "407264000", "sellingGeneralAndAdministrative": "None", "researchAndDevelopment": "None", "operatingExpenses": "252205000", "investmentIncomeNet": "None", "netInterestIncome": "-1796000", "interestIncome": "None", "interestExpense": "1796000", "nonInterestIncome": "None", "otherNonOperatingIncome": "None", "depreciation": "None", "depreciationAndAmortization": "15511000", "incomeBeforeTax": "405468000", "incomeTaxExpense": "94099000", "interestAndDebtExpense": "None", "netIncomeFromContinuingOperations": "311369000", "comprehensiveIncomeNetOfTax": "None", "ebit": "407264000", "ebitda": "422775000", "netIncome": "311369000"}, {"fiscalDateEnding": "2020-03-31", "reportedCurrency": "USD", "grossProfit": "637196000", "totalRevenue": "1062097000", "costOfRevenue": "424901000", "costofGoodsAndServicesSold": "424901000", "operatingIncome": "364988000", "sellingGeneralAndAdministrative": "56814000", "researchAndDevelopment": "None", "operatingExpenses": "272208000", "investmentIncomeNet": "None", "netInterestIncome": "872000", "interestIncome": "872000", "interestExpense": "872000", "nonInterestIncome": "None", "otherNonOperatingIncome": "872000", "depreciation": "None", "depreciationAndAmortization": "16546000", "incomeBeforeTax": "365860000", "incomeTaxExpense": "87025000", "interestAndDebtExpense": "None", "netIncomeFromContinuingOperations": "278835000", "comprehensiveIncomeNetOfTax": "None", "ebit": "364988000", "ebitda": "381534000", "netIncome": "278835000"}, {"fiscalDateEnding": "2019-12-31", "reportedCurrency": "USD", "grossProfit": "610768000", "totalRevenue": "1017206000", "costOfRevenue": "406438000", "costofGoodsAndServicesSold": "406438000", "operatingIncome": "317045000", "sellingGeneralAndAdministrative": "67442000", "researchAndDevelopment": "None", "operatingExpenses": "293723000", "investmentIncomeNet": "None", "netInterestIncome": "4188000", "interestIncome": "4188000", "interestExpense": "4188000", "nonInterestIncome": "None", "otherNonOperatingIncome": "4187000", "depreciation": "None", "depreciationAndAmortization": "16971000", "incomeBeforeTax": "321233000", "incomeTaxExpense": "66279000", "interestAndDebtExpense": "None", "netIncomeFromContinuingOperations": "254954000", "comprehensiveIncomeNetOfTax": "None", "ebit": "317045000", "ebitda": "334016000", "netIncome": "254954000"}, {"fiscalDateEnding": "2019-09-30", "reportedCurrency": "USD", "grossProfit": "673002000", "totalRevenue": "1133577000", "costOfRevenue": "460575000", "costofGoodsAndServicesSold": "460575000", "operatingIncome": "395443000", "sellingGeneralAndAdministrative": "49784000", "researchAndDevelopment": "None", "operatingExpenses": "277559000", "investmentIncomeNet": "None", "netInterestIncome": "3121000", "interestIncome": "3121000", "interestExpense": "3121000", "nonInterestIncome": "None", "otherNonOperatingIncome": "3121000", "depreciation": "None", "depreciationAndAmortization": "15399000", "incomeBeforeTax": "398564000", "incomeTaxExpense": "99641000", "interestAndDebtExpense": "None", "netIncomeFromContinuingOperations": "298923000", "comprehensiveIncomeNetOfTax": "None", "ebit": "395443000", "ebitda": "410842000", "netIncome": "298923000"}, {"fiscalDateEnding": "2019-06-30", "reportedCurrency": "USD", "grossProfit": "661283000", "totalRevenue": "1104045000", "costOfRevenue": "442762000", "costofGoodsAndServicesSold": "442762000", "operatingIncome": "378990000", "sellingGeneralAndAdministrative": "55157000", "researchAndDevelopment": "None", "operatingExpenses": "282293000", "investmentIncomeNet": "None", "netInterestIncome": "2973000", "interestIncome": "2973000", "interestExpense": "2973000", "nonInterestIncome": "None", "otherNonOperatingIncome": "2973000", "depreciation": "None", "depreciationAndAmortization": "17574000", "incomeBeforeTax": "381963000", "incomeTaxExpense": "89490000", "interestAndDebtExpense": "None", "netIncomeFromContinuingOperations": "292473000", "comprehensiveIncomeNetOfTax": "None", "ebit": "378990000", "ebitda": "396564000", "netIncome": "292473000"}, {"fiscalDateEnding": "2019-03-31", "reportedCurrency": "USD", "grossProfit": "573532000", "totalRevenue": "945991000", "costOfRevenue": "372459000", "costofGoodsAndServicesSold": "372459000", "operatingIncome": "311461000", "sellingGeneralAndAdministrative": "54962000", "researchAndDevelopment": "None", "operatingExpenses": "262071000", "investmentIncomeNet": "None", "netInterestIncome": "2742000", "interestIncome": "2742000", "interestExpense": "2742000", "nonInterestIncome": "None", "otherNonOperatingIncome": "2742000", "depreciation": "None", "depreciationAndAmortization": "14870000", "incomeBeforeTax": "314203000", "incomeTaxExpense": "52718000", "interestAndDebtExpense": "None", "netIncomeFromContinuingOperations": "261485000", "comprehensiveIncomeNetOfTax": "None", "ebit": "311461000", "ebitda": "326331000", "netIncome": "261485000"}, {"fiscalDateEnding": "2018-12-31", "reportedCurrency": "USD", "grossProfit": "552202000", "totalRevenue": "924230000", "costOfRevenue": "372028000", "costofGoodsAndServicesSold": "372028000", "operatingIncome": "306511000", "sellingGeneralAndAdministrative": "245691000", "researchAndDevelopment": "0", "operatingExpenses": "245691000", "investmentIncomeNet": "None", "netInterestIncome": "None", "interestIncome": "None", "interestExpense": "4384000", "nonInterestIncome": "None", "otherNonOperatingIncome": "4384000", "depreciation": "None", "depreciationAndAmortization": "14510000", "incomeBeforeTax": "310895000", "incomeTaxExpense": "71788000", "interestAndDebtExpense": "None", "netIncomeFromContinuingOperations": "239105000", "comprehensiveIncomeNetOfTax": "None", "ebit": "306511000", "ebitda": "321021000", "netIncome": "239105000"}, {"fiscalDateEnding": "2018-09-30", "reportedCurrency": "USD", "grossProfit": "607659000", "totalRevenue": "1016160000", "costOfRevenue": "408501000", "costofGoodsAndServicesSold": "408501000", "operatingIncome": "339573000", "sellingGeneralAndAdministrative": "253986000", "researchAndDevelopment": "0", "operatingExpenses": "268086000", "investmentIncomeNet": "None", "netInterestIncome": "None", "interestIncome": "None", "interestExpense": "2988000", "nonInterestIncome": "None", "otherNonOperatingIncome": "2988000", "depreciation": "None", "depreciationAndAmortization": "14284000", "incomeBeforeTax": "342561000", "incomeTaxExpense": "74828000", "interestAndDebtExpense": "None", "netIncomeFromContinuingOperations": "267733000", "comprehensiveIncomeNetOfTax": "None", "ebit": "339573000", "ebitda": "353857000", "netIncome": "267733000"}, {"fiscalDateEnding": "2018-06-30", "reportedCurrency": "USD", "grossProfit": "620258000", "totalRevenue": "1015873000", "costOfRevenue": "395615000", "costofGoodsAndServicesSold": "395615000", "operatingIncome": "357621000", "sellingGeneralAndAdministrative": "257137000", "researchAndDevelopment": "0", "operatingExpenses": "262637000", "investmentIncomeNet": "None", "netInterestIncome": "None", "interestIncome": "None", "interestExpense": "476000", "nonInterestIncome": "None", "otherNonOperatingIncome": "476000", "depreciation": "None", "depreciationAndAmortization": "14194000", "incomeBeforeTax": "358097000", "incomeTaxExpense": "87981000", "interestAndDebtExpense": "None", "netIncomeFromContinuingOperations": "270116000", "comprehensiveIncomeNetOfTax": "None", "ebit": "357621000", "ebitda": "371815000", "netIncome": "270116000"}, {"fiscalDateEnding": "2018-03-31", "reportedCurrency": "USD", "grossProfit": "515257000", "totalRevenue": "850921000", "costOfRevenue": "335664000", "costofGoodsAndServicesSold": "335664000", "operatingIncome": "279915000", "sellingGeneralAndAdministrative": "228342000", "researchAndDevelopment": "0", "operatingExpenses": "235342000", "investmentIncomeNet": "None", "netInterestIncome": "None", "interestIncome": "None", "interestExpense": "1805000", "nonInterestIncome": "None", "otherNonOperatingIncome": "1805000", "depreciation": "None", "depreciationAndAmortization": "13991000", "incomeBeforeTax": "281720000", "incomeTaxExpense": "65670000", "interestAndDebtExpense": "None", "netIncomeFromContinuingOperations": "216050000", "comprehensiveIncomeNetOfTax": "None", "ebit": "279915000", "ebitda": "293906000", "netIncome": "216050000"}, {"fiscalDateEnding": "2017-12-31", "reportedCurrency": "USD", "grossProfit": "503610000", "totalRevenue": "810355000", "costOfRevenue": "306745000", "costofGoodsAndServicesSold": "306745000", "operatingIncome": "267112000", "sellingGeneralAndAdministrative": "236498000", "researchAndDevelopment": "0", "operatingExpenses": "236498000", "investmentIncomeNet": "None", "netInterestIncome": "None", "interestIncome": "None", "interestExpense": "733000", "nonInterestIncome": "None", "otherNonOperatingIncome": "733000", "depreciation": "None", "depreciationAndAmortization": "13783000", "incomeBeforeTax": "267845000", "incomeTaxExpense": "66523000", "interestAndDebtExpense": "None", "netIncomeFromContinuingOperations": "201321000", "comprehensiveIncomeNetOfTax": "None", "ebit": "267112000", "ebitda": "280895000", "netIncome": "201321000"}, {"fiscalDateEnding": "2017-09-30", "reportedCurrency": "USD", "grossProfit": "569709000", "totalRevenue": "909476000", "costOfRevenue": "339767000", "costofGoodsAndServicesSold": "339767000", "operatingIncome": "317372000", "sellingGeneralAndAdministrative": "252337000", "researchAndDevelopment": "0", "operatingExpenses": "252337000", "investmentIncomeNet": "None", "netInterestIncome": "None", "interestIncome": "None", "interestExpense": "3996000", "nonInterestIncome": "None", "otherNonOperatingIncome": "3996000", "depreciation": "None", "depreciationAndAmortization": "12329000", "incomeBeforeTax": "321368000", "incomeTaxExpense": "102624000", "interestAndDebtExpense": "None", "netIncomeFromContinuingOperations": "218744000", "comprehensiveIncomeNetOfTax": "None", "ebit": "317372000", "ebitda": "329701000", "netIncome": "218744000"}, {"fiscalDateEnding": "2017-06-30", "reportedCurrency": "USD", "grossProfit": "583497000", "totalRevenue": "907068000", "costOfRevenue": "323571000", "costofGoodsAndServicesSold": "323571000", "operatingIncome": "350041000", "sellingGeneralAndAdministrative": "233456000", "researchAndDevelopment": "0", "operatingExpenses": "233456000", "investmentIncomeNet": "None", "netInterestIncome": "None", "interestIncome": "None", "interestExpense": "2551000", "nonInterestIncome": "None", "otherNonOperatingIncome": "-2551000", "depreciation": "None", "depreciationAndAmortization": "11592000", "incomeBeforeTax": "347490000", "incomeTaxExpense": "124857000", "interestAndDebtExpense": "None", "netIncomeFromContinuingOperations": "222633000", "comprehensiveIncomeNetOfTax": "None", "ebit": "350041000", "ebitda": "361633000", "netIncome": "222633000"}, {"fiscalDateEnding": "2017-03-31", "reportedCurrency": "USD", "grossProfit": "480874000", "totalRevenue": "742146000", "costOfRevenue": "261272000", "costofGoodsAndServicesSold": "261272000", "operatingIncome": "264262000", "sellingGeneralAndAdministrative": "216612000", "researchAndDevelopment": "0", "operatingExpenses": "216612000", "investmentIncomeNet": "None", "netInterestIncome": "None", "interestIncome": "None", "interestExpense": "658000", "nonInterestIncome": "None", "otherNonOperatingIncome": "658000", "depreciation": "None", "depreciationAndAmortization": "11183000", "incomeBeforeTax": "264920000", "incomeTaxExpense": "86940000", "interestAndDebtExpense": "None", "netIncomeFromContinuingOperations": "177980000", "comprehensiveIncomeNetOfTax": "None", "ebit": "264262000", "ebitda": "275445000", "netIncome": "177980000"}, {"fiscalDateEnding": "2016-12-31", "reportedCurrency": "USD", "grossProfit": "498113000", "totalRevenue": "753765000", "costOfRevenue": "255652000", "costofGoodsAndServicesSold": "255652000", "operatingIncome": "251728000", "sellingGeneralAndAdministrative": "246385000", "researchAndDevelopment": "0", "operatingExpenses": "246385000", "investmentIncomeNet": "None", "netInterestIncome": "None", "interestIncome": "None", "interestExpense": "5002000", "nonInterestIncome": "None", "otherNonOperatingIncome": "-5002000", "depreciation": "None", "depreciationAndAmortization": "10971000", "incomeBeforeTax": "246726000", "incomeTaxExpense": "73779000", "interestAndDebtExpense": "None", "netIncomeFromContinuingOperations": "172946000", "comprehensiveIncomeNetOfTax": "None", "ebit": "251728000", "ebitda": "262699000", "netIncome": "172946000"}, {"fiscalDateEnding": "2016-09-30", "reportedCurrency": "USD", "grossProfit": "502975000", "totalRevenue": "787954000", "costOfRevenue": "284979000", "costofGoodsAndServicesSold": "284979000", "operatingIncome": "290375000", "sellingGeneralAndAdministrative": "212602000", "researchAndDevelopment": "0", "operatingExpenses": "212600000", "investmentIncomeNet": "None", "netInterestIncome": "None", "interestIncome": "None", "interestExpense": "1037000", "nonInterestIncome": "None", "otherNonOperatingIncome": "-1037000", "depreciation": "None", "depreciationAndAmortization": "10545000", "incomeBeforeTax": "289338000", "incomeTaxExpense": "97695000", "interestAndDebtExpense": "None", "netIncomeFromContinuingOperations": "191643000", "comprehensiveIncomeNetOfTax": "None", "ebit": "290375000", "ebitda": "300920000", "netIncome": "191643000"}, {"fiscalDateEnding": "2016-06-30", "reportedCurrency": "USD", "grossProfit": "517814000", "totalRevenue": "827488000", "costOfRevenue": "309674000", "costofGoodsAndServicesSold": "309674000", "operatingIncome": "288523000", "sellingGeneralAndAdministrative": "224197000", "researchAndDevelopment": "0", "operatingExpenses": "229291000", "investmentIncomeNet": "None", "netInterestIncome": "None", "interestIncome": "None", "interestExpense": "222000", "nonInterestIncome": "None", "otherNonOperatingIncome": "-222000", "depreciation": "None", "depreciationAndAmortization": "10305000", "incomeBeforeTax": "288301000", "incomeTaxExpense": "104082000", "interestAndDebtExpense": "None", "netIncomeFromContinuingOperations": "184219000", "comprehensiveIncomeNetOfTax": "None", "ebit": "288523000", "ebitda": "298828000", "netIncome": "184219000"}, {"fiscalDateEnding": "2016-03-31", "reportedCurrency": "USD", "grossProfit": "423098000", "totalRevenue": "680186000", "costOfRevenue": "257088000", "costofGoodsAndServicesSold": "257088000", "operatingIncome": "254713000", "sellingGeneralAndAdministrative": "167439000", "researchAndDevelopment": "0", "operatingExpenses": "168385000", "investmentIncomeNet": "None", "netInterestIncome": "None", "interestIncome": "None", "interestExpense": "608000", "nonInterestIncome": "None", "otherNonOperatingIncome": "608000", "depreciation": "None", "depreciationAndAmortization": "9024000", "incomeBeforeTax": "255321000", "incomeTaxExpense": "91444000", "interestAndDebtExpense": "None", "netIncomeFromContinuingOperations": "163877000", "comprehensiveIncomeNetOfTax": "None", "ebit": "254713000", "ebitda": "263737000", "netIncome": "163877000"}, {"fiscalDateEnding": "2015-12-31", "reportedCurrency": "USD", "grossProfit": "403361000", "totalRevenue": "645433000", "costOfRevenue": "242072000", "costofGoodsAndServicesSold": "242072000", "operatingIncome": "228448000", "sellingGeneralAndAdministrative": "171501000", "researchAndDevelopment": "0", "operatingExpenses": "174913000", "investmentIncomeNet": "None", "netInterestIncome": "None", "interestIncome": "None", "interestExpense": "1039000", "nonInterestIncome": "None", "otherNonOperatingIncome": "1039000", "depreciation": "None", "depreciationAndAmortization": "9103000", "incomeBeforeTax": "229487000", "incomeTaxExpense": "90745000", "interestAndDebtExpense": "None", "netIncomeFromContinuingOperations": "138741000", "comprehensiveIncomeNetOfTax": "None", "ebit": "228448000", "ebitda": "237551000", "netIncome": "138741000"}, {"fiscalDateEnding": "2015-09-30", "reportedCurrency": "USD", "grossProfit": "465476000", "totalRevenue": "756619000", "costOfRevenue": "291143000", "costofGoodsAndServicesSold": "291143000", "operatingIncome": "291438000", "sellingGeneralAndAdministrative": "171275000", "researchAndDevelopment": "0", "operatingExpenses": "174038000", "investmentIncomeNet": "None", "netInterestIncome": "None", "interestIncome": "None", "interestExpense": "3362000", "nonInterestIncome": "None", "otherNonOperatingIncome": "-3362000", "depreciation": "None", "depreciationAndAmortization": "8508000", "incomeBeforeTax": "288076000", "incomeTaxExpense": "113502000", "interestAndDebtExpense": "None", "netIncomeFromContinuingOperations": "174574000", "comprehensiveIncomeNetOfTax": "None", "ebit": "291438000", "ebitda": "299946000", "netIncome": "174574000"}, {"fiscalDateEnding": "2015-06-30", "reportedCurrency": "USD", "grossProfit": "394508000", "totalRevenue": "693722000", "costOfRevenue": "299214000", "costofGoodsAndServicesSold": "299214000", "operatingIncome": "366139000", "sellingGeneralAndAdministrative": "166096000", "researchAndDevelopment": "0", "operatingExpenses": "189839000", "investmentIncomeNet": "None", "netInterestIncome": "None", "interestIncome": "None", "interestExpense": "321925000", "nonInterestIncome": "None", "otherNonOperatingIncome": "-1015000", "depreciation": "None", "depreciationAndAmortization": "6779000", "incomeBeforeTax": "365124000", "incomeTaxExpense": "136120000", "interestAndDebtExpense": "None", "netIncomeFromContinuingOperations": "229004000", "comprehensiveIncomeNetOfTax": "None", "ebit": "228412000", "ebitda": "235191000", "netIncome": "229004000"}, {"fiscalDateEnding": "2015-03-31", "reportedCurrency": "USD", "grossProfit": "329196000", "totalRevenue": "587030000", "costOfRevenue": "257834000", "costofGoodsAndServicesSold": "257834000", "operatingIncome": "173848000", "sellingGeneralAndAdministrative": "151750000", "researchAndDevelopment": "0", "operatingExpenses": "155348000", "investmentIncomeNet": "None", "netInterestIncome": "None", "interestIncome": "None", "interestExpense": "1233000", "nonInterestIncome": "None", "otherNonOperatingIncome": "1233000", "depreciation": "None", "depreciationAndAmortization": "6470000", "incomeBeforeTax": "175081000", "incomeTaxExpense": "66622000", "interestAndDebtExpense": "None", "netIncomeFromContinuingOperations": "4414000", "comprehensiveIncomeNetOfTax": "None", "ebit": "7629000", "ebitda": "14099000", "netIncome": "108459000"}, {"fiscalDateEnding": "2014-12-31", "reportedCurrency": "USD", "grossProfit": "331783000", "totalRevenue": "605566000", "costOfRevenue": "273783000", "costofGoodsAndServicesSold": "273783000", "operatingIncome": "192921000", "sellingGeneralAndAdministrative": "138862000", "researchAndDevelopment": "0", "operatingExpenses": "138862000", "investmentIncomeNet": "None", "netInterestIncome": "None", "interestIncome": "None", "interestExpense": "1012000", "nonInterestIncome": "None", "otherNonOperatingIncome": "-1011000", "depreciation": "None", "depreciationAndAmortization": "6529000", "incomeBeforeTax": "191911000", "incomeTaxExpense": "66580000", "interestAndDebtExpense": "None", "netIncomeFromContinuingOperations": "125332000", "comprehensiveIncomeNetOfTax": "None", "ebit": "192921000", "ebitda": "199450000", "netIncome": "125332000"}, {"fiscalDateEnding": "2014-09-30", "reportedCurrency": "USD", "grossProfit": "341920000", "totalRevenue": "635972000", "costOfRevenue": "294052000", "costofGoodsAndServicesSold": "294052000", "operatingIncome": "189907000", "sellingGeneralAndAdministrative": "152013000", "researchAndDevelopment": "0", "operatingExpenses": "152013000", "investmentIncomeNet": "None", "netInterestIncome": "None", "interestIncome": "None", "interestExpense": "1064000", "nonInterestIncome": "None", "otherNonOperatingIncome": "-1038000", "depreciation": "None", "depreciationAndAmortization": "6129000", "incomeBeforeTax": "188869000", "incomeTaxExpense": "67269000", "interestAndDebtExpense": "None", "netIncomeFromContinuingOperations": "121600000", "comprehensiveIncomeNetOfTax": "None", "ebit": "189907000", "ebitda": "196036000", "netIncome": "121600000"}, {"fiscalDateEnding": "2014-06-30", "reportedCurrency": "USD", "grossProfit": "379288000", "totalRevenue": "687199000", "costOfRevenue": "307911000", "costofGoodsAndServicesSold": "307911000", "operatingIncome": "215813000", "sellingGeneralAndAdministrative": "163475000", "researchAndDevelopment": "0", "operatingExpenses": "163475000", "investmentIncomeNet": "None", "netInterestIncome": "None", "interestIncome": "None", "interestExpense": "166000", "nonInterestIncome": "None", "otherNonOperatingIncome": "178000", "depreciation": "None", "depreciationAndAmortization": "6542000", "incomeBeforeTax": "215991000", "incomeTaxExpense": "74988000", "interestAndDebtExpense": "None", "netIncomeFromContinuingOperations": "141003000", "comprehensiveIncomeNetOfTax": "None", "ebit": "215813000", "ebitda": "222355000", "netIncome": "141003000"}, {"fiscalDateEnding": "2014-03-31", "reportedCurrency": "USD", "grossProfit": "286818000", "totalRevenue": "536129000", "costOfRevenue": "249311000", "costofGoodsAndServicesSold": "249311000", "operatingIncome": "148863000", "sellingGeneralAndAdministrative": "142405000", "researchAndDevelopment": "0", "operatingExpenses": "137955000", "investmentIncomeNet": "None", "netInterestIncome": "None", "interestIncome": "None", "interestExpense": "153000", "nonInterestIncome": "None", "otherNonOperatingIncome": "154000", "depreciation": "None", "depreciationAndAmortization": "6453000", "incomeBeforeTax": "149017000", "incomeTaxExpense": "53767000", "interestAndDebtExpense": "None", "netIncomeFromContinuingOperations": "95250000", "comprehensiveIncomeNetOfTax": "None", "ebit": "148863000", "ebitda": "155316000", "netIncome": "95250000"}, {"fiscalDateEnding": "2013-12-31", "reportedCurrency": "USD", "grossProfit": "277161000", "totalRevenue": "540849000", "costOfRevenue": "263688000", "costofGoodsAndServicesSold": "263688000", "operatingIncome": "134756000", "sellingGeneralAndAdministrative": "123395000", "researchAndDevelopment": "0", "operatingExpenses": "142405000", "investmentIncomeNet": "None", "netInterestIncome": "None", "interestIncome": "None", "interestExpense": "2979000", "nonInterestIncome": "None", "otherNonOperatingIncome": "-3012000", "depreciation": "None", "depreciationAndAmortization": "6284000", "incomeBeforeTax": "131743000", "incomeTaxExpense": "55637000", "interestAndDebtExpense": "None", "netIncomeFromContinuingOperations": "76105000", "comprehensiveIncomeNetOfTax": "None", "ebit": "134756000", "ebitda": "141040000", "netIncome": "76105000"}, {"fiscalDateEnding": "2013-09-30", "reportedCurrency": "USD", "grossProfit": "307470000", "totalRevenue": "590422000", "costOfRevenue": "282952000", "costofGoodsAndServicesSold": "282952000", "operatingIncome": "151429000", "sellingGeneralAndAdministrative": "156041000", "researchAndDevelopment": "0", "operatingExpenses": "156041000", "investmentIncomeNet": "None", "netInterestIncome": "None", "interestIncome": "None", "interestExpense": "662000", "nonInterestIncome": "None", "otherNonOperatingIncome": "-706000", "depreciation": "None", "depreciationAndAmortization": "6107000", "incomeBeforeTax": "150723000", "incomeTaxExpense": "58536000", "interestAndDebtExpense": "None", "netIncomeFromContinuingOperations": "92187000", "comprehensiveIncomeNetOfTax": "None", "ebit": "151429000", "ebitda": "157536000", "netIncome": "92187000"}, {"fiscalDateEnding": "2013-06-30", "reportedCurrency": "USD", "grossProfit": "336262000", "totalRevenue": "630934000", "costOfRevenue": "294672000", "costofGoodsAndServicesSold": "294672000", "operatingIncome": "179427000", "sellingGeneralAndAdministrative": "156836000", "researchAndDevelopment": "0", "operatingExpenses": "156835000", "investmentIncomeNet": "None", "netInterestIncome": "None", "interestIncome": "None", "interestExpense": "3336000", "nonInterestIncome": "None", "otherNonOperatingIncome": "-3402000", "depreciation": "None", "depreciationAndAmortization": "5277000", "incomeBeforeTax": "176025000", "incomeTaxExpense": "69152000", "interestAndDebtExpense": "None", "netIncomeFromContinuingOperations": "106873000", "comprehensiveIncomeNetOfTax": "None", "ebit": "179427000", "ebitda": "184704000", "netIncome": "106873000"}, {"fiscalDateEnding": "2013-03-31", "reportedCurrency": "USD", "grossProfit": "252039000", "totalRevenue": "484223000", "costOfRevenue": "232184000", "costofGoodsAndServicesSold": "232184000", "operatingIncome": "107306000", "sellingGeneralAndAdministrative": "144733000", "researchAndDevelopment": "0", "operatingExpenses": "144733000", "investmentIncomeNet": "None", "netInterestIncome": "None", "interestIncome": "None", "interestExpense": "669000", "nonInterestIncome": "None", "otherNonOperatingIncome": "-1902000", "depreciation": "None", "depreciationAndAmortization": "5060000", "incomeBeforeTax": "105404000", "incomeTaxExpense": "41908000", "interestAndDebtExpense": "None", "netIncomeFromContinuingOperations": "63496000", "comprehensiveIncomeNetOfTax": "None", "ebit": "107306000", "ebitda": "112366000", "netIncome": "63496000"}, {"fiscalDateEnding": "2012-12-31", "reportedCurrency": "USD", "grossProfit": "243888000", "totalRevenue": "471517000", "costOfRevenue": "227629000", "costofGoodsAndServicesSold": "227629000", "operatingIncome": "113881000", "sellingGeneralAndAdministrative": "130007000", "researchAndDevelopment": "0", "operatingExpenses": "130007000", "investmentIncomeNet": "None", "netInterestIncome": "None", "interestIncome": "None", "interestExpense": "2107000", "nonInterestIncome": "None", "otherNonOperatingIncome": "-2308000", "depreciation": "None", "depreciationAndAmortization": "5096000", "incomeBeforeTax": "111572000", "incomeTaxExpense": "43589000", "interestAndDebtExpense": "None", "netIncomeFromContinuingOperations": "67984000", "comprehensiveIncomeNetOfTax": "None", "ebit": "110883000", "ebitda": "115979000", "netIncome": "67982000"}, {"fiscalDateEnding": "2012-09-30", "reportedCurrency": "USD", "grossProfit": "273592000", "totalRevenue": "541940000", "costOfRevenue": "268348000", "costofGoodsAndServicesSold": "268348000", "operatingIncome": "140685000", "sellingGeneralAndAdministrative": "132907000", "researchAndDevelopment": "0", "operatingExpenses": "132907000", "investmentIncomeNet": "None", "netInterestIncome": "None", "interestIncome": "None", "interestExpense": "775000", "nonInterestIncome": "None", "otherNonOperatingIncome": "553000", "depreciation": "None", "depreciationAndAmortization": "4949000", "incomeBeforeTax": "141238000", "incomeTaxExpense": "55096000", "interestAndDebtExpense": "None", "netIncomeFromContinuingOperations": "86142000", "comprehensiveIncomeNetOfTax": "None", "ebit": "135736000", "ebitda": "140685000", "netIncome": "86142000"}, {"fiscalDateEnding": "2012-06-30", "reportedCurrency": "USD", "grossProfit": "307008000", "totalRevenue": "592640000", "costOfRevenue": "285632000", "costofGoodsAndServicesSold": "285632000", "operatingIncome": "169773000", "sellingGeneralAndAdministrative": "137235000", "researchAndDevelopment": "0", "operatingExpenses": "137235000", "investmentIncomeNet": "None", "netInterestIncome": "None", "interestIncome": "None", "interestExpense": "93000", "nonInterestIncome": "None", "otherNonOperatingIncome": "-60000", "depreciation": "None", "depreciationAndAmortization": "5158000", "incomeBeforeTax": "169713000", "incomeTaxExpense": "59918000", "interestAndDebtExpense": "None", "netIncomeFromContinuingOperations": "109795000", "comprehensiveIncomeNetOfTax": "None", "ebit": "164615000", "ebitda": "169773000", "netIncome": "109795000"}, {"fiscalDateEnding": "2012-03-31", "reportedCurrency": "USD", "grossProfit": "241169000", "totalRevenue": "454605000", "costOfRevenue": "213436000", "costofGoodsAndServicesSold": "213436000", "operatingIncome": "126285000", "sellingGeneralAndAdministrative": "114884000", "researchAndDevelopment": "0", "operatingExpenses": "114884000", "investmentIncomeNet": "None", "netInterestIncome": "None", "interestIncome": "None", "interestExpense": "742000", "nonInterestIncome": "None", "otherNonOperatingIncome": "346000", "depreciation": "None", "depreciationAndAmortization": "4968000", "incomeBeforeTax": "126631000", "incomeTaxExpense": "50532000", "interestAndDebtExpense": "None", "netIncomeFromContinuingOperations": "76099000", "comprehensiveIncomeNetOfTax": "None", "ebit": "121317000", "ebitda": "126285000", "netIncome": "76099000"}, {"fiscalDateEnding": "2011-12-31", "reportedCurrency": "USD", "grossProfit": "214244000", "totalRevenue": "409957000", "costOfRevenue": "195713000", "costofGoodsAndServicesSold": "195713000", "operatingIncome": "103397000", "sellingGeneralAndAdministrative": "110847000", "researchAndDevelopment": "0", "operatingExpenses": "110847000", "investmentIncomeNet": "None", "netInterestIncome": "None", "interestIncome": "None", "interestExpense": "1211000", "nonInterestIncome": "None", "otherNonOperatingIncome": "1134000", "depreciation": "None", "depreciationAndAmortization": "4893000", "incomeBeforeTax": "104530000", "incomeTaxExpense": "39994000", "interestAndDebtExpense": "None", "netIncomeFromContinuingOperations": "64536000", "comprehensiveIncomeNetOfTax": "None", "ebit": "103397000", "ebitda": "108290000", "netIncome": "64536000"}, {"fiscalDateEnding": "2011-09-30", "reportedCurrency": "USD", "grossProfit": "250307000", "totalRevenue": "474709000", "costOfRevenue": "224402000", "costofGoodsAndServicesSold": "224402000", "operatingIncome": "132090000", "sellingGeneralAndAdministrative": "118217000", "researchAndDevelopment": "0", "operatingExpenses": "118217000", "investmentIncomeNet": "None", "netInterestIncome": "None", "interestIncome": "None", "interestExpense": "1661000", "nonInterestIncome": "None", "otherNonOperatingIncome": "-862000", "depreciation": "None", "depreciationAndAmortization": "4496000", "incomeBeforeTax": "131228000", "incomeTaxExpense": "48836000", "interestAndDebtExpense": "None", "netIncomeFromContinuingOperations": "82392000", "comprehensiveIncomeNetOfTax": "None", "ebit": "127594000", "ebitda": "132090000", "netIncome": "82392000"}, {"fiscalDateEnding": "2011-06-30", "reportedCurrency": "USD", "grossProfit": "244221000", "totalRevenue": "462145000", "costOfRevenue": "217924000", "costofGoodsAndServicesSold": "217924000", "operatingIncome": "132482000", "sellingGeneralAndAdministrative": "111739000", "researchAndDevelopment": "0", "operatingExpenses": "111739000", "investmentIncomeNet": "None", "netInterestIncome": "None", "interestIncome": "None", "interestExpense": "76000", "nonInterestIncome": "None", "otherNonOperatingIncome": "274000", "depreciation": "None", "depreciationAndAmortization": "4102000", "incomeBeforeTax": "132756000", "incomeTaxExpense": "48508000", "interestAndDebtExpense": "None", "netIncomeFromContinuingOperations": "84248000", "comprehensiveIncomeNetOfTax": "None", "ebit": "128380000", "ebitda": "132482000", "netIncome": "84248000"}, {"fiscalDateEnding": "2011-03-31", "reportedCurrency": "USD", "grossProfit": "185537000", "totalRevenue": "356419000", "costOfRevenue": "170882000", "costofGoodsAndServicesSold": "170882000", "operatingIncome": "88455000", "sellingGeneralAndAdministrative": "97082000", "researchAndDevelopment": "0", "operatingExpenses": "97082000", "investmentIncomeNet": "None", "netInterestIncome": "None", "interestIncome": "None", "interestExpense": "598000", "nonInterestIncome": "None", "otherNonOperatingIncome": "301000", "depreciation": "None", "depreciationAndAmortization": "3593000", "incomeBeforeTax": "88756000", "incomeTaxExpense": "33713000", "interestAndDebtExpense": "None", "netIncomeFromContinuingOperations": "55043000", "comprehensiveIncomeNetOfTax": "None", "ebit": "84862000", "ebitda": "88455000", "netIncome": "55043000"}, {"fiscalDateEnding": "2010-12-31", "reportedCurrency": "USD", "grossProfit": "164410000", "totalRevenue": "318665000", "costOfRevenue": "154255000", "costofGoodsAndServicesSold": "154255000", "operatingIncome": "79797000", "sellingGeneralAndAdministrative": "84613000", "researchAndDevelopment": "0", "operatingExpenses": "84613000", "investmentIncomeNet": "None", "netInterestIncome": "None", "interestIncome": "None", "interestExpense": "475000", "nonInterestIncome": "None", "otherNonOperatingIncome": "None", "depreciation": "None", "depreciationAndAmortization": "3290000", "incomeBeforeTax": "80166000", "incomeTaxExpense": "31034000", "interestAndDebtExpense": "None", "netIncomeFromContinuingOperations": "0", "comprehensiveIncomeNetOfTax": "None", "ebit": "79797000", "ebitda": "83087000", "netIncome": "49132000"}, {"fiscalDateEnding": "2010-09-30", "reportedCurrency": "USD", "grossProfit": "197926000", "totalRevenue": "381466000", "costOfRevenue": "183540000", "costofGoodsAndServicesSold": "183540000", "operatingIncome": "107555000", "sellingGeneralAndAdministrative": "90370000", "researchAndDevelopment": "0", "operatingExpenses": "90371000", "investmentIncomeNet": "None", "netInterestIncome": "None", "interestIncome": "None", "interestExpense": "913000", "nonInterestIncome": "None", "otherNonOperatingIncome": "-186000", "depreciation": "None", "depreciationAndAmortization": "3012000", "incomeBeforeTax": "107369000", "incomeTaxExpense": "40873000", "interestAndDebtExpense": "None", "netIncomeFromContinuingOperations": "66496000", "comprehensiveIncomeNetOfTax": "None", "ebit": "104543000", "ebitda": "107555000", "netIncome": "66496000"}, {"fiscalDateEnding": "2010-06-30", "reportedCurrency": "USD", "grossProfit": "193350000", "totalRevenue": "365701000", "costOfRevenue": "172351000", "costofGoodsAndServicesSold": "172351000", "operatingIncome": "109676000", "sellingGeneralAndAdministrative": "83674000", "researchAndDevelopment": "0", "operatingExpenses": "83674000", "investmentIncomeNet": "None", "netInterestIncome": "None", "interestIncome": "None", "interestExpense": "392000", "nonInterestIncome": "None", "otherNonOperatingIncome": "321000", "depreciation": "None", "depreciationAndAmortization": "2820000", "incomeBeforeTax": "109997000", "incomeTaxExpense": "46159000", "interestAndDebtExpense": "None", "netIncomeFromContinuingOperations": "63838000", "comprehensiveIncomeNetOfTax": "None", "ebit": "106856000", "ebitda": "109676000", "netIncome": "63838000"}, {"fiscalDateEnding": "2010-03-31", "reportedCurrency": "USD", "grossProfit": "124554000", "totalRevenue": "238110000", "costOfRevenue": "113556000", "costofGoodsAndServicesSold": "113556000", "operatingIncome": "50785000", "sellingGeneralAndAdministrative": "73769000", "researchAndDevelopment": "0", "operatingExpenses": "73769000", "investmentIncomeNet": "None", "netInterestIncome": "None", "interestIncome": "None", "interestExpense": "1562000", "nonInterestIncome": "None", "otherNonOperatingIncome": "None", "depreciation": "None", "depreciationAndAmortization": "2654000", "incomeBeforeTax": "51771000", "incomeTaxExpense": "19208000", "interestAndDebtExpense": "None", "netIncomeFromContinuingOperations": "0", "comprehensiveIncomeNetOfTax": "None", "ebit": "48131000", "ebitda": "50785000", "netIncome": "32563000"}, {"fiscalDateEnding": "2009-12-31", "reportedCurrency": "USD", "grossProfit": "155276000", "totalRevenue": "290914000", "costOfRevenue": "135638000", "costofGoodsAndServicesSold": "135638000", "operatingIncome": "85834000", "sellingGeneralAndAdministrative": "69442000", "researchAndDevelopment": "0", "operatingExpenses": "69442000", "investmentIncomeNet": "None", "netInterestIncome": "None", "interestIncome": "None", "interestExpense": "2933000", "nonInterestIncome": "None", "otherNonOperatingIncome": "None", "depreciation": "None", "depreciationAndAmortization": "1922000", "incomeBeforeTax": "86501000", "incomeTaxExpense": "33144000", "interestAndDebtExpense": "None", "netIncomeFromContinuingOperations": "0", "comprehensiveIncomeNetOfTax": "None", "ebit": "85834000", "ebitda": "87756000", "netIncome": "53357000"}, {"fiscalDateEnding": "2009-09-30", "reportedCurrency": "USD", "grossProfit": "165032000", "totalRevenue": "307929000", "costOfRevenue": "142897000", "costofGoodsAndServicesSold": "142897000", "operatingIncome": "92915000", "sellingGeneralAndAdministrative": "76817000", "researchAndDevelopment": "0", "operatingExpenses": "72117000", "investmentIncomeNet": "None", "netInterestIncome": "None", "interestIncome": "None", "interestExpense": "501000", "nonInterestIncome": "None", "otherNonOperatingIncome": "None", "depreciation": "None", "depreciationAndAmortization": "1694000", "incomeBeforeTax": "92756000", "incomeTaxExpense": "36251000", "interestAndDebtExpense": "None", "netIncomeFromContinuingOperations": "0", "comprehensiveIncomeNetOfTax": "None", "ebit": "91221000", "ebitda": "92915000", "netIncome": "56505000"}, {"fiscalDateEnding": "2009-06-30", "reportedCurrency": "USD", "grossProfit": "161829", "totalRevenue": "300250", "costOfRevenue": "138421", "costofGoodsAndServicesSold": "138421", "operatingIncome": "92783", "sellingGeneralAndAdministrative": "69046000", "researchAndDevelopment": "0", "operatingExpenses": "69046", "investmentIncomeNet": "None", "netInterestIncome": "None", "interestIncome": "None", "interestExpense": "401000", "nonInterestIncome": "None", "otherNonOperatingIncome": "None", "depreciation": "None", "depreciationAndAmortization": "1190000", "incomeBeforeTax": "93184", "incomeTaxExpense": "35895", "interestAndDebtExpense": "None", "netIncomeFromContinuingOperations": "0", "comprehensiveIncomeNetOfTax": "None", "ebit": "91593000", "ebitda": "92783000", "netIncome": "57289"}, {"fiscalDateEnding": "2009-03-31", "reportedCurrency": "USD", "grossProfit": "130179000", "totalRevenue": "244206000", "costOfRevenue": "114027000", "costofGoodsAndServicesSold": "114027000", "operatingIncome": "65777000", "sellingGeneralAndAdministrative": "64402000", "researchAndDevelopment": "0", "operatingExpenses": "64402000", "investmentIncomeNet": "None", "netInterestIncome": "None", "interestIncome": "None", "interestExpense": "6062000", "nonInterestIncome": "None", "otherNonOperatingIncome": "None", "depreciation": "None", "depreciationAndAmortization": "1101000", "incomeBeforeTax": "63254000", "incomeTaxExpense": "21689000", "interestAndDebtExpense": "None", "netIncomeFromContinuingOperations": "0", "comprehensiveIncomeNetOfTax": "None", "ebit": "64676000", "ebitda": "65777000", "netIncome": "41565000"}, {"fiscalDateEnding": "2008-12-31", "reportedCurrency": "USD", "grossProfit": "138425000", "totalRevenue": "254372000", "costOfRevenue": "115947000", "costofGoodsAndServicesSold": "115947000", "operatingIncome": "-39218000", "sellingGeneralAndAdministrative": "177643000", "researchAndDevelopment": "0", "operatingExpenses": "177643000", "investmentIncomeNet": "None", "netInterestIncome": "None", "interestIncome": "None", "interestExpense": "1380000", "nonInterestIncome": "None", "otherNonOperatingIncome": "None", "depreciation": "None", "depreciationAndAmortization": "871000", "incomeBeforeTax": "-37838000", "incomeTaxExpense": "-14390000", "interestAndDebtExpense": "None", "netIncomeFromContinuingOperations": "0", "comprehensiveIncomeNetOfTax": "None", "ebit": "-39218000", "ebitda": "-38347000", "netIncome": "-23448000"}, {"fiscalDateEnding": "2008-09-30", "reportedCurrency": "USD", "grossProfit": "149436000", "totalRevenue": "284986000", "costOfRevenue": "135550000", "costofGoodsAndServicesSold": "135550000", "operatingIncome": "81792000", "sellingGeneralAndAdministrative": "67644000", "researchAndDevelopment": "0", "operatingExpenses": "67644000", "investmentIncomeNet": "None", "netInterestIncome": "None", "interestIncome": "None", "interestExpense": "2111000", "nonInterestIncome": "None", "otherNonOperatingIncome": "None", "depreciation": "None", "depreciationAndAmortization": "1035000", "incomeBeforeTax": "83903000", "incomeTaxExpense": "31466000", "interestAndDebtExpense": "None", "netIncomeFromContinuingOperations": "0", "comprehensiveIncomeNetOfTax": "None", "ebit": "80757000", "ebitda": "81792000", "netIncome": "52437000"}, {"fiscalDateEnding": "2008-06-30", "reportedCurrency": "USD", "grossProfit": "146213000", "totalRevenue": "282244000", "costOfRevenue": "136031000", "costofGoodsAndServicesSold": "136031000", "operatingIncome": "78190000", "sellingGeneralAndAdministrative": "68023000", "researchAndDevelopment": "0", "operatingExpenses": "68023000", "investmentIncomeNet": "None", "netInterestIncome": "None", "interestIncome": "None", "interestExpense": "2769000", "nonInterestIncome": "None", "otherNonOperatingIncome": "None", "depreciation": "None", "depreciationAndAmortization": "822000", "incomeBeforeTax": "80959000", "incomeTaxExpense": "30727000", "interestAndDebtExpense": "None", "netIncomeFromContinuingOperations": "0", "comprehensiveIncomeNetOfTax": "None", "ebit": "77368000", "ebitda": "78190000", "netIncome": "50232000"}, {"fiscalDateEnding": "2008-03-31", "reportedCurrency": "USD", "grossProfit": "104719000", "totalRevenue": "212178000", "costOfRevenue": "107459000", "costofGoodsAndServicesSold": "107459000", "operatingIncome": "42828000", "sellingGeneralAndAdministrative": "61891000", "researchAndDevelopment": "0", "operatingExpenses": "61891000", "investmentIncomeNet": "None", "netInterestIncome": "None", "interestIncome": "None", "interestExpense": "3626000", "nonInterestIncome": "None", "otherNonOperatingIncome": "None", "depreciation": "None", "depreciationAndAmortization": "744000", "incomeBeforeTax": "46454000", "incomeTaxExpense": "17643000", "interestAndDebtExpense": "None", "netIncomeFromContinuingOperations": "0", "comprehensiveIncomeNetOfTax": "None", "ebit": "42084000", "ebitda": "42828000", "netIncome": "28811000"}, {"fiscalDateEnding": "2007-12-31", "reportedCurrency": "USD", "grossProfit": "125742000", "totalRevenue": "246639000", "costOfRevenue": "120897000", "costofGoodsAndServicesSold": "120897000", "operatingIncome": "64274000", "sellingGeneralAndAdministrative": "61468000", "researchAndDevelopment": "0", "operatingExpenses": "61468000", "investmentIncomeNet": "None", "netInterestIncome": "None", "interestIncome": "None", "interestExpense": "3331000", "nonInterestIncome": "None", "otherNonOperatingIncome": "None", "depreciation": "None", "depreciationAndAmortization": "654000", "incomeBeforeTax": "67605000", "incomeTaxExpense": "22505000", "interestAndDebtExpense": "None", "netIncomeFromContinuingOperations": "0", "comprehensiveIncomeNetOfTax": "None", "ebit": "64274000", "ebitda": "64928000", "netIncome": "45100000"}, {"fiscalDateEnding": "2007-09-30", "reportedCurrency": "USD", "grossProfit": "128382000", "totalRevenue": "247211000", "costOfRevenue": "118829000", "costofGoodsAndServicesSold": "118829000", "operatingIncome": "73380000", "sellingGeneralAndAdministrative": "55002000", "researchAndDevelopment": "0", "operatingExpenses": "55002000", "investmentIncomeNet": "None", "netInterestIncome": "None", "interestIncome": "None", "interestExpense": "2161000", "nonInterestIncome": "None", "otherNonOperatingIncome": "None", "depreciation": "None", "depreciationAndAmortization": "583000", "incomeBeforeTax": "75541000", "incomeTaxExpense": "29744000", "interestAndDebtExpense": "None", "netIncomeFromContinuingOperations": "0", "comprehensiveIncomeNetOfTax": "None", "ebit": "72797000", "ebitda": "73380000", "netIncome": "45797000"}, {"fiscalDateEnding": "2007-06-30", "reportedCurrency": "USD", "grossProfit": "128253000", "totalRevenue": "244763000", "costOfRevenue": "116510000", "costofGoodsAndServicesSold": "116510000", "operatingIncome": "61423000", "sellingGeneralAndAdministrative": "66830000", "researchAndDevelopment": "0", "operatingExpenses": "66830000", "investmentIncomeNet": "None", "netInterestIncome": "None", "interestIncome": "None", "interestExpense": "1752000", "nonInterestIncome": "None", "otherNonOperatingIncome": "None", "depreciation": "None", "depreciationAndAmortization": "503000", "incomeBeforeTax": "63175000", "incomeTaxExpense": "24864000", "interestAndDebtExpense": "None", "netIncomeFromContinuingOperations": "0", "comprehensiveIncomeNetOfTax": "None", "ebit": "60920000", "ebitda": "61423000", "netIncome": "38311000"}, {"fiscalDateEnding": "2007-03-31", "reportedCurrency": "USD", "grossProfit": "85637000", "totalRevenue": "165853000", "costOfRevenue": "80216000", "costofGoodsAndServicesSold": "80216000", "operatingIncome": "31910000", "sellingGeneralAndAdministrative": "53727000", "researchAndDevelopment": "0", "operatingExpenses": "53727000", "investmentIncomeNet": "None", "netInterestIncome": "None", "interestIncome": "None", "interestExpense": "1047000", "nonInterestIncome": "None", "otherNonOperatingIncome": "None", "depreciation": "None", "depreciationAndAmortization": "444000", "incomeBeforeTax": "33436000", "incomeTaxExpense": "13238000", "interestAndDebtExpense": "None", "netIncomeFromContinuingOperations": "0", "comprehensiveIncomeNetOfTax": "None", "ebit": "31466000", "ebitda": "31910000", "netIncome": "20198000"}, {"fiscalDateEnding": "2006-12-31", "reportedCurrency": "USD", "grossProfit": "80422000", "totalRevenue": "151344000", "costOfRevenue": "70922000", "costofGoodsAndServicesSold": "70922000", "operatingIncome": "35656000", "sellingGeneralAndAdministrative": "44766000", "researchAndDevelopment": "0", "operatingExpenses": "44766000", "investmentIncomeNet": "None", "netInterestIncome": "None", "interestIncome": "None", "interestExpense": "50000", "nonInterestIncome": "None", "otherNonOperatingIncome": "None", "depreciation": "None", "depreciationAndAmortization": "438000", "incomeBeforeTax": "36696000", "incomeTaxExpense": "14495000", "interestAndDebtExpense": "None", "netIncomeFromContinuingOperations": "0", "comprehensiveIncomeNetOfTax": "None", "ebit": "35656000", "ebitda": "36094000", "netIncome": "22201000"}, {"fiscalDateEnding": "2006-09-30", "reportedCurrency": "USD", "grossProfit": "92184000", "totalRevenue": "178647000", "costOfRevenue": "86463000", "costofGoodsAndServicesSold": "86463000", "operatingIncome": "42342000", "sellingGeneralAndAdministrative": "49842000", "researchAndDevelopment": "0", "operatingExpenses": "49842000", "investmentIncomeNet": "None", "netInterestIncome": "None", "interestIncome": "None", "interestExpense": "0", "nonInterestIncome": "None", "otherNonOperatingIncome": "None", "depreciation": "None", "depreciationAndAmortization": "446000", "incomeBeforeTax": "43389000", "incomeTaxExpense": "16932000", "interestAndDebtExpense": "None", "netIncomeFromContinuingOperations": "0", "comprehensiveIncomeNetOfTax": "None", "ebit": "42342000", "ebitda": "42788000", "netIncome": "26457000"}, {"fiscalDateEnding": "2006-06-30", "reportedCurrency": "USD", "grossProfit": "80990000", "totalRevenue": "156037000", "costOfRevenue": "75047000", "costofGoodsAndServicesSold": "75047000", "operatingIncome": "45752000", "sellingGeneralAndAdministrative": "35238000", "researchAndDevelopment": "0", "operatingExpenses": "35238000", "investmentIncomeNet": "None", "netInterestIncome": "None", "interestIncome": "None", "interestExpense": "1744000", "nonInterestIncome": "None", "otherNonOperatingIncome": "None", "depreciation": "None", "depreciationAndAmortization": "382117", "incomeBeforeTax": "46624000", "incomeTaxExpense": "18424000", "interestAndDebtExpense": "None", "netIncomeFromContinuingOperations": "0", "comprehensiveIncomeNetOfTax": "None", "ebit": "45369883", "ebitda": "45752000", "netIncome": "28200000"}, {"fiscalDateEnding": "2006-03-31", "reportedCurrency": "USD", "grossProfit": "62997872", "totalRevenue": "119746258", "costOfRevenue": "56748386", "costofGoodsAndServicesSold": "56748386", "operatingIncome": "34829039", "sellingGeneralAndAdministrative": "28168833", "researchAndDevelopment": "0", "operatingExpenses": "28168833", "investmentIncomeNet": "None", "netInterestIncome": "None", "interestIncome": "None", "interestExpense": "1403858", "nonInterestIncome": "None", "otherNonOperatingIncome": "None", "depreciation": "None", "depreciationAndAmortization": "327883", "incomeBeforeTax": "35530968", "incomeTaxExpense": "14439690", "interestAndDebtExpense": "None", "netIncomeFromContinuingOperations": "0", "comprehensiveIncomeNetOfTax": "None", "ebit": "34829117", "ebitda": "35157000", "netIncome": "21091278"}, {"fiscalDateEnding": "2005-12-31", "reportedCurrency": "USD", "grossProfit": "51942935", "totalRevenue": "98009719", "costOfRevenue": "46066784", "costofGoodsAndServicesSold": "46066784", "operatingIncome": "29789407", "sellingGeneralAndAdministrative": "22127620", "researchAndDevelopment": "0", "operatingExpenses": "22153528", "investmentIncomeNet": "None", "netInterestIncome": "None", "interestIncome": "None", "interestExpense": "657154", "nonInterestIncome": "None", "otherNonOperatingIncome": "None", "depreciation": "None", "depreciationAndAmortization": "331319", "incomeBeforeTax": "30446561", "incomeTaxExpense": "12006340", "interestAndDebtExpense": "None", "netIncomeFromContinuingOperations": "0", "comprehensiveIncomeNetOfTax": "None", "ebit": "29789407", "ebitda": "30120726", "netIncome": "18440221"}, {"fiscalDateEnding": "2005-09-30", "reportedCurrency": "USD", "grossProfit": "55343669", "totalRevenue": "105421454", "costOfRevenue": "50077785", "costofGoodsAndServicesSold": "50077785", "operatingIncome": "33575255", "sellingGeneralAndAdministrative": "21752406", "researchAndDevelopment": "0", "operatingExpenses": "21768414", "investmentIncomeNet": "None", "netInterestIncome": "None", "interestIncome": "None", "interestExpense": "646904", "nonInterestIncome": "None", "otherNonOperatingIncome": "None", "depreciation": "None", "depreciationAndAmortization": "288789", "incomeBeforeTax": "33898707", "incomeTaxExpense": "13653339", "interestAndDebtExpense": "None", "netIncomeFromContinuingOperations": "0", "comprehensiveIncomeNetOfTax": "None", "ebit": "33575147", "ebitda": "33863936", "netIncome": "20245368"}, {"fiscalDateEnding": "2005-06-30", "reportedCurrency": "USD", "grossProfit": "44927078", "totalRevenue": "85440555", "costOfRevenue": "40513477", "costofGoodsAndServicesSold": "40513477", "operatingIncome": "25354838", "sellingGeneralAndAdministrative": "19558402", "researchAndDevelopment": "0", "operatingExpenses": "19572240", "investmentIncomeNet": "None", "netInterestIncome": "None", "interestIncome": "None", "interestExpense": "507752", "nonInterestIncome": "None", "otherNonOperatingIncome": "None", "depreciation": "None", "depreciationAndAmortization": "261093", "incomeBeforeTax": "25608714", "incomeTaxExpense": "10363016", "interestAndDebtExpense": "None", "netIncomeFromContinuingOperations": "0", "comprehensiveIncomeNetOfTax": "None", "ebit": "25355108", "ebitda": "25616201", "netIncome": "15245698"}, {"fiscalDateEnding": "2005-03-31", "reportedCurrency": "USD", "grossProfit": "30329318", "totalRevenue": "60014272", "costOfRevenue": "29684954", "costofGoodsAndServicesSold": "29684954", "operatingIncome": "14723500", "sellingGeneralAndAdministrative": "15591572", "researchAndDevelopment": "0", "operatingExpenses": "15605818", "investmentIncomeNet": "None", "netInterestIncome": "None", "interestIncome": "None", "interestExpense": "235036", "nonInterestIncome": "None", "otherNonOperatingIncome": "None", "depreciation": "None", "depreciationAndAmortization": "197799", "incomeBeforeTax": "14841018", "incomeTaxExpense": "5996305", "interestAndDebtExpense": "None", "netIncomeFromContinuingOperations": "0", "comprehensiveIncomeNetOfTax": "None", "ebit": "14723500", "ebitda": "14921299", "netIncome": "8844713"}, {"fiscalDateEnding": "2004-12-31", "reportedCurrency": "USD", "grossProfit": "24990427", "totalRevenue": "50337332", "costOfRevenue": "25346905", "costofGoodsAndServicesSold": "25346905", "operatingIncome": "11912718", "sellingGeneralAndAdministrative": "13063306", "researchAndDevelopment": "0", "operatingExpenses": "13077709", "investmentIncomeNet": "None", "netInterestIncome": "None", "interestIncome": "None", "interestExpense": "79147", "nonInterestIncome": "None", "otherNonOperatingIncome": "None", "depreciation": "None", "depreciationAndAmortization": "233903", "incomeBeforeTax": "11991865", "incomeTaxExpense": "4665139", "interestAndDebtExpense": "None", "netIncomeFromContinuingOperations": "0", "comprehensiveIncomeNetOfTax": "None", "ebit": "11912718", "ebitda": "12146621", "netIncome": "7326726"}]}