{"symbol": "GWW", "annualReports": [{"fiscalDateEnding": "2024-12-31", "reportedCurrency": "USD", "grossProfit": "6758000000", "totalRevenue": "17168000000", "costOfRevenue": "10410000000", "costofGoodsAndServicesSold": "10410000000", "operatingIncome": "2637000000", "sellingGeneralAndAdministrative": "4121000000", "researchAndDevelopment": "None", "operatingExpenses": "4121000000", "investmentIncomeNet": "None", "netInterestIncome": "-77000000", "interestIncome": "None", "interestExpense": "77000000", "nonInterestIncome": "None", "otherNonOperatingIncome": "None", "depreciation": "None", "depreciationAndAmortization": "237000000", "incomeBeforeTax": "2584000000", "incomeTaxExpense": "595000000", "interestAndDebtExpense": "None", "netIncomeFromContinuingOperations": "1989000000", "comprehensiveIncomeNetOfTax": "None", "ebit": "2653000000", "ebitda": "2890000000", "netIncome": "1909000000"}, {"fiscalDateEnding": "2023-12-31", "reportedCurrency": "USD", "grossProfit": "6496000000", "totalRevenue": "16478000000", "costOfRevenue": "9982000000", "costofGoodsAndServicesSold": "9982000000", "operatingIncome": "2565000000", "sellingGeneralAndAdministrative": "3887000000", "researchAndDevelopment": "None", "operatingExpenses": "3931000000", "investmentIncomeNet": "None", "netInterestIncome": "-93000000", "interestIncome": "None", "interestExpense": "93000000", "nonInterestIncome": "None", "otherNonOperatingIncome": "None", "depreciation": "None", "depreciationAndAmortization": "220000000", "incomeBeforeTax": "2500000000", "incomeTaxExpense": "597000000", "interestAndDebtExpense": "None", "netIncomeFromContinuingOperations": "1888000000", "comprehensiveIncomeNetOfTax": "None", "ebit": "2565000000", "ebitda": "2785000000", "netIncome": "1829000000"}, {"fiscalDateEnding": "2022-12-31", "reportedCurrency": "USD", "grossProfit": "5849000000", "totalRevenue": "15228000000", "costOfRevenue": "9379000000", "costofGoodsAndServicesSold": "9379000000", "operatingIncome": "2215000000", "sellingGeneralAndAdministrative": "3115000000", "researchAndDevelopment": "None", "operatingExpenses": "3634000000", "investmentIncomeNet": "None", "netInterestIncome": "-93000000", "interestIncome": "93000000", "interestExpense": "93000000", "nonInterestIncome": "None", "otherNonOperatingIncome": "24000000", "depreciation": "None", "depreciationAndAmortization": "200000000", "incomeBeforeTax": "2146000000", "incomeTaxExpense": "533000000", "interestAndDebtExpense": "None", "netIncomeFromContinuingOperations": "1613000000", "comprehensiveIncomeNetOfTax": "None", "ebit": "2204000000", "ebitda": "2404000000", "netIncome": "1547000000"}, {"fiscalDateEnding": "2021-12-31", "reportedCurrency": "USD", "grossProfit": "4720000000", "totalRevenue": "13022000000", "costOfRevenue": "8302000000", "costofGoodsAndServicesSold": "8302000000", "operatingIncome": "1547000000", "sellingGeneralAndAdministrative": "2771000000", "researchAndDevelopment": "None", "operatingExpenses": "3173000000", "investmentIncomeNet": "None", "netInterestIncome": "-87000000", "interestIncome": "87000000", "interestExpense": "87000000", "nonInterestIncome": "None", "otherNonOperatingIncome": "25000000", "depreciation": "None", "depreciationAndAmortization": "186000000", "incomeBeforeTax": "1485000000", "incomeTaxExpense": "371000000", "interestAndDebtExpense": "None", "netIncomeFromContinuingOperations": "1114000000", "comprehensiveIncomeNetOfTax": "None", "ebit": "1552000000", "ebitda": "1738000000", "netIncome": "1043000000"}, {"fiscalDateEnding": "2020-12-31", "reportedCurrency": "USD", "grossProfit": "4238000000", "totalRevenue": "11797000000", "costOfRevenue": "7559000000", "costofGoodsAndServicesSold": "7559000000", "operatingIncome": "1019000000", "sellingGeneralAndAdministrative": "2900000000", "researchAndDevelopment": "None", "operatingExpenses": "3219000000", "investmentIncomeNet": "None", "netInterestIncome": "-93000000", "interestIncome": "93000000", "interestExpense": "93000000", "nonInterestIncome": "None", "otherNonOperatingIncome": "21000000", "depreciation": "None", "depreciationAndAmortization": "176000000", "incomeBeforeTax": "947000000", "incomeTaxExpense": "192000000", "interestAndDebtExpense": "None", "netIncomeFromContinuingOperations": "755000000", "comprehensiveIncomeNetOfTax": "None", "ebit": "1040000000", "ebitda": "1216000000", "netIncome": "695000000"}, {"fiscalDateEnding": "2019-12-31", "reportedCurrency": "USD", "grossProfit": "4397000000", "totalRevenue": "11486000000", "costOfRevenue": "7089000000", "costofGoodsAndServicesSold": "7089000000", "operatingIncome": "1262000000", "sellingGeneralAndAdministrative": "2819000000", "researchAndDevelopment": "None", "operatingExpenses": "3135000000", "investmentIncomeNet": "None", "netInterestIncome": "-79000000", "interestIncome": "79000000", "interestExpense": "79000000", "nonInterestIncome": "None", "otherNonOperatingIncome": "26000000", "depreciation": "None", "depreciationAndAmortization": "228000000", "incomeBeforeTax": "1209000000", "incomeTaxExpense": "314000000", "interestAndDebtExpense": "None", "netIncomeFromContinuingOperations": "895000000", "comprehensiveIncomeNetOfTax": "None", "ebit": "1288000000", "ebitda": "1516000000", "netIncome": "849000000"}, {"fiscalDateEnding": "2018-12-31", "reportedCurrency": "USD", "grossProfit": "4348000000", "totalRevenue": "11221000000", "costOfRevenue": "6873000000", "costofGoodsAndServicesSold": "6873000000", "operatingIncome": "1158000000", "sellingGeneralAndAdministrative": "2949000000", "researchAndDevelopment": "0", "operatingExpenses": "3190000000", "investmentIncomeNet": "None", "netInterestIncome": "-82000000", "interestIncome": "6000000", "interestExpense": "88000000", "nonInterestIncome": "None", "otherNonOperatingIncome": "11000000", "depreciation": "None", "depreciationAndAmortization": "254000000", "incomeBeforeTax": "1081000000", "incomeTaxExpense": "258000000", "interestAndDebtExpense": "None", "netIncomeFromContinuingOperations": "823000000", "comprehensiveIncomeNetOfTax": "None", "ebit": "1169000000", "ebitda": "1423000000", "netIncome": "782000000"}, {"fiscalDateEnding": "2017-12-31", "reportedCurrency": "USD", "grossProfit": "4097557000", "totalRevenue": "10424858000", "costOfRevenue": "6327301000", "costofGoodsAndServicesSold": "6327301000", "operatingIncome": "1048662000", "sellingGeneralAndAdministrative": "3048895000", "researchAndDevelopment": "0", "operatingExpenses": "3048895000", "investmentIncomeNet": "None", "netInterestIncome": "-77888000", "interestIncome": "2570000", "interestExpense": "80458000", "nonInterestIncome": "None", "otherNonOperatingIncome": "-32880000", "depreciation": "None", "depreciationAndAmortization": "259000000", "incomeBeforeTax": "935324000", "incomeTaxExpense": "312881000", "interestAndDebtExpense": "None", "netIncomeFromContinuingOperations": "622443000", "comprehensiveIncomeNetOfTax": "None", "ebit": "1025000000", "ebitda": "1284000000", "netIncome": "585730000"}, {"fiscalDateEnding": "2016-12-31", "reportedCurrency": "USD", "grossProfit": "4114557000", "totalRevenue": "10137204000", "costOfRevenue": "6022647000", "costofGoodsAndServicesSold": "6022647000", "operatingIncome": "1119497000", "sellingGeneralAndAdministrative": "2995060000", "researchAndDevelopment": "0", "operatingExpenses": "2995060000", "investmentIncomeNet": "None", "netInterestIncome": "-65615000", "interestIncome": "717000", "interestExpense": "66332000", "nonInterestIncome": "None", "otherNonOperatingIncome": "-34107000", "depreciation": "None", "depreciationAndAmortization": "248857000", "incomeBeforeTax": "1019058000", "incomeTaxExpense": "386220000", "interestAndDebtExpense": "None", "netIncomeFromContinuingOperations": "632838000", "comprehensiveIncomeNetOfTax": "None", "ebit": "1085390000", "ebitda": "1334247000", "netIncome": "605928000"}, {"fiscalDateEnding": "2015-12-31", "reportedCurrency": "USD", "grossProfit": "4231428000", "totalRevenue": "9973384000", "costOfRevenue": "5741956000", "costofGoodsAndServicesSold": "5741956000", "operatingIncome": "1300320000", "sellingGeneralAndAdministrative": "2931108000", "researchAndDevelopment": "0", "operatingExpenses": "2931108000", "investmentIncomeNet": "None", "netInterestIncome": "None", "interestIncome": "44145000", "interestExpense": "33571000", "nonInterestIncome": "None", "otherNonOperatingIncome": "-16044000", "depreciation": "None", "depreciationAndAmortization": "227967000", "incomeBeforeTax": "1250705000", "incomeTaxExpense": "465531000", "interestAndDebtExpense": "None", "netIncomeFromContinuingOperations": "785174000", "comprehensiveIncomeNetOfTax": "None", "ebit": "1284276000", "ebitda": "1512243000", "netIncome": "768996000"}, {"fiscalDateEnding": "2014-12-31", "reportedCurrency": "USD", "grossProfit": "4314242000", "totalRevenue": "9964953000", "costOfRevenue": "5650711000", "costofGoodsAndServicesSold": "5650711000", "operatingIncome": "1347117000", "sellingGeneralAndAdministrative": "2967125000", "researchAndDevelopment": "0", "operatingExpenses": "2967125000", "investmentIncomeNet": "None", "netInterestIncome": "None", "interestIncome": "None", "interestExpense": "10093000", "nonInterestIncome": "None", "otherNonOperatingIncome": "-2638000", "depreciation": "None", "depreciationAndAmortization": "208326000", "incomeBeforeTax": "1334386000", "incomeTaxExpense": "522090000", "interestAndDebtExpense": "None", "netIncomeFromContinuingOperations": "812296000", "comprehensiveIncomeNetOfTax": "None", "ebit": "1344479000", "ebitda": "1552805000", "netIncome": "801729000"}, {"fiscalDateEnding": "2013-12-31", "reportedCurrency": "USD", "grossProfit": "4136483000", "totalRevenue": "9437758000", "costOfRevenue": "5301275000", "costofGoodsAndServicesSold": "5301275000", "operatingIncome": "1296854000", "sellingGeneralAndAdministrative": "2839629000", "researchAndDevelopment": "0", "operatingExpenses": "2839629000", "investmentIncomeNet": "None", "netInterestIncome": "None", "interestIncome": "None", "interestExpense": "13225000", "nonInterestIncome": "None", "otherNonOperatingIncome": "3970000", "depreciation": "None", "depreciationAndAmortization": "180613000", "incomeBeforeTax": "1287599000", "incomeTaxExpense": "479850000", "interestAndDebtExpense": "None", "netIncomeFromContinuingOperations": "807749000", "comprehensiveIncomeNetOfTax": "None", "ebit": "1300824000", "ebitda": "1481437000", "netIncome": "797036000"}, {"fiscalDateEnding": "2012-12-31", "reportedCurrency": "USD", "grossProfit": "3916160000", "totalRevenue": "8950045000", "costOfRevenue": "5033885000", "costofGoodsAndServicesSold": "5033885000", "operatingIncome": "1131125000", "sellingGeneralAndAdministrative": "2785035000", "researchAndDevelopment": "0", "operatingExpenses": "2785035000", "investmentIncomeNet": "None", "netInterestIncome": "None", "interestIncome": "None", "interestExpense": "16078000", "nonInterestIncome": "None", "otherNonOperatingIncome": "2742000", "depreciation": "None", "depreciationAndAmortization": "159049000", "incomeBeforeTax": "1117789000", "incomeTaxExpense": "418940000", "interestAndDebtExpense": "None", "netIncomeFromContinuingOperations": "698849000", "comprehensiveIncomeNetOfTax": "None", "ebit": "1133867000", "ebitda": "1292916000", "netIncome": "689881000"}, {"fiscalDateEnding": "2011-12-31", "reportedCurrency": "USD", "grossProfit": "3510792000", "totalRevenue": "8078185000", "costOfRevenue": "4567393000", "costofGoodsAndServicesSold": "4567393000", "operatingIncome": "1052429000", "sellingGeneralAndAdministrative": "2458363000", "researchAndDevelopment": "0", "operatingExpenses": "2458363000", "investmentIncomeNet": "None", "netInterestIncome": "None", "interestIncome": "None", "interestExpense": "9091000", "nonInterestIncome": "None", "otherNonOperatingIncome": "8189000", "depreciation": "None", "depreciationAndAmortization": "149200000", "incomeBeforeTax": "1051527000", "incomeTaxExpense": "385115000", "interestAndDebtExpense": "None", "netIncomeFromContinuingOperations": "666412000", "comprehensiveIncomeNetOfTax": "None", "ebit": "1060618000", "ebitda": "1209818000", "netIncome": "658423000"}, {"fiscalDateEnding": "2010-12-31", "reportedCurrency": "USD", "grossProfit": "3005684000", "totalRevenue": "7182158000", "costOfRevenue": "4176474000", "costofGoodsAndServicesSold": "4176474000", "operatingIncome": "860475000", "sellingGeneralAndAdministrative": "2145209000", "researchAndDevelopment": "0", "operatingExpenses": "2145209000", "investmentIncomeNet": "None", "netInterestIncome": "None", "interestIncome": "None", "interestExpense": "8187000", "nonInterestIncome": "None", "otherNonOperatingIncome": "1490000", "depreciation": "None", "depreciationAndAmortization": "149678000", "incomeBeforeTax": "853778000", "incomeTaxExpense": "340196000", "interestAndDebtExpense": "None", "netIncomeFromContinuingOperations": "513582000", "comprehensiveIncomeNetOfTax": "None", "ebit": "861965000", "ebitda": "1011643000", "netIncome": "510865000"}, {"fiscalDateEnding": "2009-12-31", "reportedCurrency": "USD", "grossProfit": "2598526000", "totalRevenue": "6221991000", "costOfRevenue": "3623465000", "costofGoodsAndServicesSold": "3623465000", "operatingIncome": "665224000", "sellingGeneralAndAdministrative": "1933302000", "researchAndDevelopment": "0", "operatingExpenses": "1933302000", "investmentIncomeNet": "None", "netInterestIncome": "None", "interestIncome": "None", "interestExpense": "8766000", "nonInterestIncome": "None", "otherNonOperatingIncome": "50879000", "depreciation": "None", "depreciationAndAmortization": "147531000", "incomeBeforeTax": "707337000", "incomeTaxExpense": "276565000", "interestAndDebtExpense": "None", "netIncomeFromContinuingOperations": "430772000", "comprehensiveIncomeNetOfTax": "None", "ebit": "716103000", "ebitda": "863634000", "netIncome": "430466000"}, {"fiscalDateEnding": "2008-12-31", "reportedCurrency": "USD", "grossProfit": "2808222000", "totalRevenue": "6850032000", "costOfRevenue": "4041810000", "costofGoodsAndServicesSold": "4041810000", "operatingIncome": "782672000", "sellingGeneralAndAdministrative": "2025550000", "researchAndDevelopment": "None", "operatingExpenses": "2025550000", "investmentIncomeNet": "None", "netInterestIncome": "None", "interestIncome": "None", "interestExpense": "14485000", "nonInterestIncome": "None", "otherNonOperatingIncome": "None", "depreciation": "None", "depreciationAndAmortization": "139570000", "incomeBeforeTax": "773218000", "incomeTaxExpense": "297863000", "interestAndDebtExpense": "None", "netIncomeFromContinuingOperations": "None", "comprehensiveIncomeNetOfTax": "None", "ebit": "787703000", "ebitda": "927273000", "netIncome": "475355000"}, {"fiscalDateEnding": "2007-12-31", "reportedCurrency": "USD", "grossProfit": "2603623000", "totalRevenue": "6418014000", "costOfRevenue": "3814391000", "costofGoodsAndServicesSold": "3814391000", "operatingIncome": "670653000", "sellingGeneralAndAdministrative": "1932970000", "researchAndDevelopment": "None", "operatingExpenses": "1932970000", "investmentIncomeNet": "None", "netInterestIncome": "None", "interestIncome": "None", "interestExpense": "11208000", "nonInterestIncome": "None", "otherNonOperatingIncome": "None", "depreciation": "None", "depreciationAndAmortization": "131999000", "incomeBeforeTax": "681861000", "incomeTaxExpense": "261741000", "interestAndDebtExpense": "None", "netIncomeFromContinuingOperations": "None", "comprehensiveIncomeNetOfTax": "None", "ebit": "670653000", "ebitda": "802652000", "netIncome": "420120000"}, {"fiscalDateEnding": "2006-12-31", "reportedCurrency": "USD", "grossProfit": "2354150000", "totalRevenue": "5883654000", "costOfRevenue": "3529504000", "costofGoodsAndServicesSold": "3529504000", "operatingIncome": "578071000", "sellingGeneralAndAdministrative": "1776079000", "researchAndDevelopment": "None", "operatingExpenses": "1776079000", "investmentIncomeNet": "None", "netInterestIncome": "None", "interestIncome": "None", "interestExpense": "24952000", "nonInterestIncome": "None", "otherNonOperatingIncome": "None", "depreciation": "None", "depreciationAndAmortization": "118568000", "incomeBeforeTax": "603023000", "incomeTaxExpense": "219624000", "interestAndDebtExpense": "None", "netIncomeFromContinuingOperations": "None", "comprehensiveIncomeNetOfTax": "None", "ebit": "578071000", "ebitda": "696639000", "netIncome": "383399000"}, {"fiscalDateEnding": "2005-12-31", "reportedCurrency": "USD", "grossProfit": "2161541000", "totalRevenue": "5526636000", "costOfRevenue": "3365095000", "costofGoodsAndServicesSold": "3365095000", "operatingIncome": "518989000", "sellingGeneralAndAdministrative": "1642552000", "researchAndDevelopment": "None", "operatingExpenses": "1642552000", "investmentIncomeNet": "None", "netInterestIncome": "None", "interestIncome": "None", "interestExpense": "13685000", "nonInterestIncome": "None", "otherNonOperatingIncome": "None", "depreciation": "None", "depreciationAndAmortization": "108782000", "incomeBeforeTax": "532674000", "incomeTaxExpense": "186350000", "interestAndDebtExpense": "None", "netIncomeFromContinuingOperations": "None", "comprehensiveIncomeNetOfTax": "None", "ebit": "518989000", "ebitda": "627771000", "netIncome": "346324000"}], "quarterlyReports": [{"fiscalDateEnding": "2024-12-31", "reportedCurrency": "USD", "grossProfit": "1676000000", "totalRevenue": "4233000000", "costOfRevenue": "2557000000", "costofGoodsAndServicesSold": "2557000000", "operatingIncome": "633000000", "sellingGeneralAndAdministrative": "1043000000", "researchAndDevelopment": "None", "operatingExpenses": "1043000000", "investmentIncomeNet": "None", "netInterestIncome": "-17000000", "interestIncome": "None", "interestExpense": "17000000", "nonInterestIncome": "None", "otherNonOperatingIncome": "None", "depreciation": "None", "depreciationAndAmortization": "None", "incomeBeforeTax": "622000000", "incomeTaxExpense": "125000000", "interestAndDebtExpense": "None", "netIncomeFromContinuingOperations": "497000000", "comprehensiveIncomeNetOfTax": "None", "ebit": "None", "ebitda": "633000000", "netIncome": "475000000"}, {"fiscalDateEnding": "2024-09-30", "reportedCurrency": "USD", "grossProfit": "1720000000", "totalRevenue": "4388000000", "costOfRevenue": "2668000000", "costofGoodsAndServicesSold": "2668000000", "operatingIncome": "686000000", "sellingGeneralAndAdministrative": "1034000000", "researchAndDevelopment": "None", "operatingExpenses": "1034000000", "investmentIncomeNet": "None", "netInterestIncome": "-19000000", "interestIncome": "None", "interestExpense": "19000000", "nonInterestIncome": "None", "otherNonOperatingIncome": "None", "depreciation": "None", "depreciationAndAmortization": "59000000", "incomeBeforeTax": "671000000", "incomeTaxExpense": "166000000", "interestAndDebtExpense": "None", "netIncomeFromContinuingOperations": "505000000", "comprehensiveIncomeNetOfTax": "None", "ebit": "690000000", "ebitda": "749000000", "netIncome": "486000000"}, {"fiscalDateEnding": "2024-06-30", "reportedCurrency": "USD", "grossProfit": "1694000000", "totalRevenue": "4312000000", "costOfRevenue": "2618000000", "costofGoodsAndServicesSold": "2618000000", "operatingIncome": "649000000", "sellingGeneralAndAdministrative": "1045000000", "researchAndDevelopment": "None", "operatingExpenses": "1045000000", "investmentIncomeNet": "None", "netInterestIncome": "-20000000", "interestIncome": "None", "interestExpense": "20000000", "nonInterestIncome": "None", "otherNonOperatingIncome": "None", "depreciation": "None", "depreciationAndAmortization": "60000000", "incomeBeforeTax": "636000000", "incomeTaxExpense": "146000000", "interestAndDebtExpense": "None", "netIncomeFromContinuingOperations": "490000000", "comprehensiveIncomeNetOfTax": "None", "ebit": "656000000", "ebitda": "716000000", "netIncome": "470000000"}, {"fiscalDateEnding": "2024-03-31", "reportedCurrency": "USD", "grossProfit": "1668000000", "totalRevenue": "4235000000", "costOfRevenue": "2567000000", "costofGoodsAndServicesSold": "2567000000", "operatingIncome": "669000000", "sellingGeneralAndAdministrative": "999000000", "researchAndDevelopment": "None", "operatingExpenses": "999000000", "investmentIncomeNet": "None", "netInterestIncome": "-21000000", "interestIncome": "None", "interestExpense": "21000000", "nonInterestIncome": "None", "otherNonOperatingIncome": "None", "depreciation": "None", "depreciationAndAmortization": "56000000", "incomeBeforeTax": "655000000", "incomeTaxExpense": "158000000", "interestAndDebtExpense": "None", "netIncomeFromContinuingOperations": "497000000", "comprehensiveIncomeNetOfTax": "None", "ebit": "676000000", "ebitda": "732000000", "netIncome": "478000000"}, {"fiscalDateEnding": "2023-12-31", "reportedCurrency": "USD", "grossProfit": "1563000000", "totalRevenue": "3997000000", "costOfRevenue": "2434000000", "costofGoodsAndServicesSold": "2434000000", "operatingIncome": "557000000", "sellingGeneralAndAdministrative": "368000000", "researchAndDevelopment": "None", "operatingExpenses": "1006000000", "investmentIncomeNet": "None", "netInterestIncome": "-23000000", "interestIncome": "None", "interestExpense": "23000000", "nonInterestIncome": "None", "otherNonOperatingIncome": "None", "depreciation": "None", "depreciationAndAmortization": "57000000", "incomeBeforeTax": "541000000", "incomeTaxExpense": "129000000", "interestAndDebtExpense": "None", "netIncomeFromContinuingOperations": "412000000", "comprehensiveIncomeNetOfTax": "None", "ebit": "564000000", "ebitda": "621000000", "netIncome": "395000000"}, {"fiscalDateEnding": "2023-09-30", "reportedCurrency": "USD", "grossProfit": "1655000000", "totalRevenue": "4208000000", "costOfRevenue": "2553000000", "costofGoodsAndServicesSold": "2553000000", "operatingIncome": "667000000", "sellingGeneralAndAdministrative": "988000000", "researchAndDevelopment": "None", "operatingExpenses": "988000000", "investmentIncomeNet": "None", "netInterestIncome": "-22000000", "interestIncome": "22000000", "interestExpense": "22000000", "nonInterestIncome": "None", "otherNonOperatingIncome": "None", "depreciation": "None", "depreciationAndAmortization": "56000000", "incomeBeforeTax": "652000000", "incomeTaxExpense": "159000000", "interestAndDebtExpense": "None", "netIncomeFromContinuingOperations": "493000000", "comprehensiveIncomeNetOfTax": "None", "ebit": "674000000", "ebitda": "730000000", "netIncome": "476000000"}, {"fiscalDateEnding": "2023-06-30", "reportedCurrency": "USD", "grossProfit": "1644000000", "totalRevenue": "4182000000", "costOfRevenue": "2538000000", "costofGoodsAndServicesSold": "2538000000", "operatingIncome": "661000000", "sellingGeneralAndAdministrative": "983000000", "researchAndDevelopment": "None", "operatingExpenses": "983000000", "investmentIncomeNet": "None", "netInterestIncome": "-24000000", "interestIncome": "24000000", "interestExpense": "24000000", "nonInterestIncome": "None", "otherNonOperatingIncome": "8000000", "depreciation": "None", "depreciationAndAmortization": "55000000", "incomeBeforeTax": "645000000", "incomeTaxExpense": "155000000", "interestAndDebtExpense": "None", "netIncomeFromContinuingOperations": "490000000", "comprehensiveIncomeNetOfTax": "None", "ebit": "669000000", "ebitda": "724000000", "netIncome": "470000000"}, {"fiscalDateEnding": "2023-03-31", "reportedCurrency": "USD", "grossProfit": "1634000000", "totalRevenue": "4091000000", "costOfRevenue": "2457000000", "costofGoodsAndServicesSold": "2457000000", "operatingIncome": "680000000", "sellingGeneralAndAdministrative": "954000000", "researchAndDevelopment": "None", "operatingExpenses": "954000000", "investmentIncomeNet": "None", "netInterestIncome": "-24000000", "interestIncome": "24000000", "interestExpense": "24000000", "nonInterestIncome": "None", "otherNonOperatingIncome": "6000000", "depreciation": "None", "depreciationAndAmortization": "51000000", "incomeBeforeTax": "662000000", "incomeTaxExpense": "154000000", "interestAndDebtExpense": "None", "netIncomeFromContinuingOperations": "508000000", "comprehensiveIncomeNetOfTax": "None", "ebit": "686000000", "ebitda": "737000000", "netIncome": "488000000"}, {"fiscalDateEnding": "2022-12-31", "reportedCurrency": "USD", "grossProfit": "1506000000", "totalRevenue": "3802000000", "costOfRevenue": "2296000000", "costofGoodsAndServicesSold": "2296000000", "operatingIncome": "544000000", "sellingGeneralAndAdministrative": "443000000", "researchAndDevelopment": "None", "operatingExpenses": "962000000", "investmentIncomeNet": "None", "netInterestIncome": "-23000000", "interestIncome": "23000000", "interestExpense": "23000000", "nonInterestIncome": "None", "otherNonOperatingIncome": "4000000", "depreciation": "None", "depreciationAndAmortization": "58000000", "incomeBeforeTax": "525000000", "incomeTaxExpense": "128000000", "interestAndDebtExpense": "None", "netIncomeFromContinuingOperations": "397000000", "comprehensiveIncomeNetOfTax": "None", "ebit": "549000000", "ebitda": "607000000", "netIncome": "384000000"}, {"fiscalDateEnding": "2022-09-30", "reportedCurrency": "USD", "grossProfit": "1519000000", "totalRevenue": "3942000000", "costOfRevenue": "2423000000", "costofGoodsAndServicesSold": "2423000000", "operatingIncome": "603000000", "sellingGeneralAndAdministrative": "916000000", "researchAndDevelopment": "None", "operatingExpenses": "916000000", "investmentIncomeNet": "None", "netInterestIncome": "-25000000", "interestIncome": "25000000", "interestExpense": "25000000", "nonInterestIncome": "None", "otherNonOperatingIncome": "9000000", "depreciation": "None", "depreciationAndAmortization": "52000000", "incomeBeforeTax": "587000000", "incomeTaxExpense": "145000000", "interestAndDebtExpense": "None", "netIncomeFromContinuingOperations": "442000000", "comprehensiveIncomeNetOfTax": "None", "ebit": "612000000", "ebitda": "664000000", "netIncome": "426000000"}, {"fiscalDateEnding": "2022-06-30", "reportedCurrency": "USD", "grossProfit": "1441000000", "totalRevenue": "3837000000", "costOfRevenue": "2396000000", "costofGoodsAndServicesSold": "2396000000", "operatingIncome": "534000000", "sellingGeneralAndAdministrative": "907000000", "researchAndDevelopment": "None", "operatingExpenses": "907000000", "investmentIncomeNet": "None", "netInterestIncome": "-22000000", "interestIncome": "22000000", "interestExpense": "22000000", "nonInterestIncome": "None", "otherNonOperatingIncome": "5000000", "depreciation": "None", "depreciationAndAmortization": "55000000", "incomeBeforeTax": "517000000", "incomeTaxExpense": "128000000", "interestAndDebtExpense": "None", "netIncomeFromContinuingOperations": "389000000", "comprehensiveIncomeNetOfTax": "None", "ebit": "539000000", "ebitda": "594000000", "netIncome": "371000000"}, {"fiscalDateEnding": "2022-03-31", "reportedCurrency": "USD", "grossProfit": "1383000000", "totalRevenue": "3647000000", "costOfRevenue": "2264000000", "costofGoodsAndServicesSold": "2264000000", "operatingIncome": "534000000", "sellingGeneralAndAdministrative": "849000000", "researchAndDevelopment": "None", "operatingExpenses": "849000000", "investmentIncomeNet": "None", "netInterestIncome": "-23000000", "interestIncome": "23000000", "interestExpense": "23000000", "nonInterestIncome": "None", "otherNonOperatingIncome": "6000000", "depreciation": "None", "depreciationAndAmortization": "52000000", "incomeBeforeTax": "517000000", "incomeTaxExpense": "132000000", "interestAndDebtExpense": "None", "netIncomeFromContinuingOperations": "385000000", "comprehensiveIncomeNetOfTax": "None", "ebit": "540000000", "ebitda": "592000000", "netIncome": "366000000"}, {"fiscalDateEnding": "2021-12-31", "reportedCurrency": "USD", "grossProfit": "1253000000", "totalRevenue": "3359000000", "costOfRevenue": "2106000000", "costofGoodsAndServicesSold": "2106000000", "operatingIncome": "417000000", "sellingGeneralAndAdministrative": "434000000", "researchAndDevelopment": "None", "operatingExpenses": "836000000", "investmentIncomeNet": "None", "netInterestIncome": "-22000000", "interestIncome": "22000000", "interestExpense": "22000000", "nonInterestIncome": "None", "otherNonOperatingIncome": "6000000", "depreciation": "None", "depreciationAndAmortization": "48000000", "incomeBeforeTax": "401000000", "incomeTaxExpense": "100000000", "interestAndDebtExpense": "None", "netIncomeFromContinuingOperations": "301000000", "comprehensiveIncomeNetOfTax": "None", "ebit": "423000000", "ebitda": "471000000", "netIncome": "283000000"}, {"fiscalDateEnding": "2021-09-30", "reportedCurrency": "USD", "grossProfit": "1250000000", "totalRevenue": "3372000000", "costOfRevenue": "2122000000", "costofGoodsAndServicesSold": "2122000000", "operatingIncome": "438000000", "sellingGeneralAndAdministrative": "812000000", "researchAndDevelopment": "None", "operatingExpenses": "812000000", "investmentIncomeNet": "None", "netInterestIncome": "-22000000", "interestIncome": "22000000", "interestExpense": "22000000", "nonInterestIncome": "None", "otherNonOperatingIncome": "6000000", "depreciation": "None", "depreciationAndAmortization": "45000000", "incomeBeforeTax": "422000000", "incomeTaxExpense": "107000000", "interestAndDebtExpense": "None", "netIncomeFromContinuingOperations": "315000000", "comprehensiveIncomeNetOfTax": "None", "ebit": "444000000", "ebitda": "489000000", "netIncome": "297000000"}, {"fiscalDateEnding": "2021-06-30", "reportedCurrency": "USD", "grossProfit": "1124000000", "totalRevenue": "3207000000", "costOfRevenue": "2083000000", "costofGoodsAndServicesSold": "2083000000", "operatingIncome": "334000000", "sellingGeneralAndAdministrative": "790000000", "researchAndDevelopment": "None", "operatingExpenses": "790000000", "investmentIncomeNet": "None", "netInterestIncome": "-22000000", "interestIncome": "22000000", "interestExpense": "22000000", "nonInterestIncome": "None", "otherNonOperatingIncome": "7000000", "depreciation": "None", "depreciationAndAmortization": "49000000", "incomeBeforeTax": "319000000", "incomeTaxExpense": "76000000", "interestAndDebtExpense": "None", "netIncomeFromContinuingOperations": "243000000", "comprehensiveIncomeNetOfTax": "None", "ebit": "341000000", "ebitda": "390000000", "netIncome": "225000000"}, {"fiscalDateEnding": "2021-03-31", "reportedCurrency": "USD", "grossProfit": "1093000000", "totalRevenue": "3084000000", "costOfRevenue": "1991000000", "costofGoodsAndServicesSold": "1991000000", "operatingIncome": "358000000", "sellingGeneralAndAdministrative": "735000000", "researchAndDevelopment": "None", "operatingExpenses": "735000000", "investmentIncomeNet": "None", "netInterestIncome": "-21000000", "interestIncome": "21000000", "interestExpense": "21000000", "nonInterestIncome": "None", "otherNonOperatingIncome": "6000000", "depreciation": "None", "depreciationAndAmortization": "43000000", "incomeBeforeTax": "343000000", "incomeTaxExpense": "88000000", "interestAndDebtExpense": "None", "netIncomeFromContinuingOperations": "255000000", "comprehensiveIncomeNetOfTax": "None", "ebit": "364000000", "ebitda": "407000000", "netIncome": "238000000"}, {"fiscalDateEnding": "2020-12-31", "reportedCurrency": "USD", "grossProfit": "1027000000", "totalRevenue": "2941000000", "costOfRevenue": "1914000000", "costofGoodsAndServicesSold": "1914000000", "operatingIncome": "275000000", "sellingGeneralAndAdministrative": "433000000", "researchAndDevelopment": "None", "operatingExpenses": "752000000", "investmentIncomeNet": "None", "netInterestIncome": "-21000000", "interestIncome": "21000000", "interestExpense": "21000000", "nonInterestIncome": "None", "otherNonOperatingIncome": "5000000", "depreciation": "None", "depreciationAndAmortization": "45000000", "incomeBeforeTax": "259000000", "incomeTaxExpense": "74000000", "interestAndDebtExpense": "None", "netIncomeFromContinuingOperations": "185000000", "comprehensiveIncomeNetOfTax": "None", "ebit": "280000000", "ebitda": "325000000", "netIncome": "168000000"}, {"fiscalDateEnding": "2020-09-30", "reportedCurrency": "USD", "grossProfit": "1074000000", "totalRevenue": "3018000000", "costOfRevenue": "1944000000", "costofGoodsAndServicesSold": "1944000000", "operatingIncome": "380000000", "sellingGeneralAndAdministrative": "694000000", "researchAndDevelopment": "None", "operatingExpenses": "694000000", "investmentIncomeNet": "None", "netInterestIncome": "-23000000", "interestIncome": "23000000", "interestExpense": "23000000", "nonInterestIncome": "None", "otherNonOperatingIncome": "5000000", "depreciation": "None", "depreciationAndAmortization": "42000000", "incomeBeforeTax": "362000000", "incomeTaxExpense": "106000000", "interestAndDebtExpense": "None", "netIncomeFromContinuingOperations": "256000000", "comprehensiveIncomeNetOfTax": "None", "ebit": "385000000", "ebitda": "427000000", "netIncome": "240000000"}, {"fiscalDateEnding": "2020-06-30", "reportedCurrency": "USD", "grossProfit": "1016000000", "totalRevenue": "2837000000", "costOfRevenue": "1821000000", "costofGoodsAndServicesSold": "1821000000", "operatingIncome": "205000000", "sellingGeneralAndAdministrative": "811000000", "researchAndDevelopment": "None", "operatingExpenses": "811000000", "investmentIncomeNet": "None", "netInterestIncome": "-28000000", "interestIncome": "28000000", "interestExpense": "28000000", "nonInterestIncome": "None", "otherNonOperatingIncome": "7000000", "depreciation": "None", "depreciationAndAmortization": "50000000", "incomeBeforeTax": "184000000", "incomeTaxExpense": "55000000", "interestAndDebtExpense": "None", "netIncomeFromContinuingOperations": "129000000", "comprehensiveIncomeNetOfTax": "None", "ebit": "212000000", "ebitda": "262000000", "netIncome": "114000000"}, {"fiscalDateEnding": "2020-03-31", "reportedCurrency": "USD", "grossProfit": "1121000000", "totalRevenue": "3001000000", "costOfRevenue": "1880000000", "costofGoodsAndServicesSold": "1880000000", "operatingIncome": "159000000", "sellingGeneralAndAdministrative": "962000000", "researchAndDevelopment": "None", "operatingExpenses": "962000000", "investmentIncomeNet": "None", "netInterestIncome": "-21000000", "interestIncome": "21000000", "interestExpense": "21000000", "nonInterestIncome": "None", "otherNonOperatingIncome": "4000000", "depreciation": "None", "depreciationAndAmortization": "45000000", "incomeBeforeTax": "142000000", "incomeTaxExpense": "-43000000", "interestAndDebtExpense": "None", "netIncomeFromContinuingOperations": "185000000", "comprehensiveIncomeNetOfTax": "None", "ebit": "163000000", "ebitda": "208000000", "netIncome": "173000000"}, {"fiscalDateEnding": "2019-12-31", "reportedCurrency": "USD", "grossProfit": "1082000000", "totalRevenue": "2847000000", "costOfRevenue": "1765000000", "costofGoodsAndServicesSold": "1765000000", "operatingIncome": "181000000", "sellingGeneralAndAdministrative": "901000000", "researchAndDevelopment": "None", "operatingExpenses": "901000000", "investmentIncomeNet": "None", "netInterestIncome": "-19000000", "interestIncome": "19000000", "interestExpense": "19000000", "nonInterestIncome": "None", "otherNonOperatingIncome": "4000000", "depreciation": "None", "depreciationAndAmortization": "58000000", "incomeBeforeTax": "170000000", "incomeTaxExpense": "53000000", "interestAndDebtExpense": "None", "netIncomeFromContinuingOperations": "117000000", "comprehensiveIncomeNetOfTax": "None", "ebit": "189000000", "ebitda": "247000000", "netIncome": "103000000"}, {"fiscalDateEnding": "2019-09-30", "reportedCurrency": "USD", "grossProfit": "1099000000", "totalRevenue": "2947000000", "costOfRevenue": "1848000000", "costofGoodsAndServicesSold": "1848000000", "operatingIncome": "338000000", "sellingGeneralAndAdministrative": "761000000", "researchAndDevelopment": "None", "operatingExpenses": "761000000", "investmentIncomeNet": "None", "netInterestIncome": "-20000000", "interestIncome": "1000000", "interestExpense": "21000000", "nonInterestIncome": "None", "otherNonOperatingIncome": "5000000", "depreciation": "None", "depreciationAndAmortization": "58000000", "incomeBeforeTax": "322000000", "incomeTaxExpense": "78000000", "interestAndDebtExpense": "None", "netIncomeFromContinuingOperations": "244000000", "comprehensiveIncomeNetOfTax": "None", "ebit": "343000000", "ebitda": "401000000", "netIncome": "233000000"}, {"fiscalDateEnding": "2019-06-30", "reportedCurrency": "USD", "grossProfit": "1121000000", "totalRevenue": "2893000000", "costOfRevenue": "1772000000", "costofGoodsAndServicesSold": "1772000000", "operatingIncome": "380000000", "sellingGeneralAndAdministrative": "741000000", "researchAndDevelopment": "None", "operatingExpenses": "741000000", "investmentIncomeNet": "None", "netInterestIncome": "-21000000", "interestIncome": "1000000", "interestExpense": "22000000", "nonInterestIncome": "None", "otherNonOperatingIncome": "8000000", "depreciation": "None", "depreciationAndAmortization": "56000000", "incomeBeforeTax": "366000000", "incomeTaxExpense": "94000000", "interestAndDebtExpense": "None", "netIncomeFromContinuingOperations": "272000000", "comprehensiveIncomeNetOfTax": "None", "ebit": "388000000", "ebitda": "444000000", "netIncome": "260000000"}, {"fiscalDateEnding": "2019-03-31", "reportedCurrency": "USD", "grossProfit": "1095000000", "totalRevenue": "2799000000", "costOfRevenue": "1704000000", "costofGoodsAndServicesSold": "1704000000", "operatingIncome": "363000000", "sellingGeneralAndAdministrative": "732000000", "researchAndDevelopment": "None", "operatingExpenses": "732000000", "investmentIncomeNet": "None", "netInterestIncome": "-19000000", "interestIncome": "2000000", "interestExpense": "21000000", "nonInterestIncome": "None", "otherNonOperatingIncome": "9000000", "depreciation": "None", "depreciationAndAmortization": "57000000", "incomeBeforeTax": "351000000", "incomeTaxExpense": "89000000", "interestAndDebtExpense": "None", "netIncomeFromContinuingOperations": "262000000", "comprehensiveIncomeNetOfTax": "None", "ebit": "372000000", "ebitda": "429000000", "netIncome": "253000000"}, {"fiscalDateEnding": "2018-12-31", "reportedCurrency": "USD", "grossProfit": "1066000000", "totalRevenue": "2763000000", "costOfRevenue": "1697000000", "costofGoodsAndServicesSold": "1697000000", "operatingIncome": "290000000", "sellingGeneralAndAdministrative": "776003000", "researchAndDevelopment": "0", "operatingExpenses": "776000000", "investmentIncomeNet": "None", "netInterestIncome": "None", "interestIncome": "None", "interestExpense": "18000000", "nonInterestIncome": "None", "otherNonOperatingIncome": "7625000", "depreciation": "None", "depreciationAndAmortization": "65000000", "incomeBeforeTax": "279000000", "incomeTaxExpense": "60000000", "interestAndDebtExpense": "None", "netIncomeFromContinuingOperations": "219427000", "comprehensiveIncomeNetOfTax": "None", "ebit": "297000000", "ebitda": "362000000", "netIncome": "209000000"}, {"fiscalDateEnding": "2018-09-30", "reportedCurrency": "USD", "grossProfit": "1079235000", "totalRevenue": "2831429000", "costOfRevenue": "1752194000", "costofGoodsAndServicesSold": "1752194000", "operatingIncome": "189122000", "sellingGeneralAndAdministrative": "890113000", "researchAndDevelopment": "0", "operatingExpenses": "890113000", "investmentIncomeNet": "None", "netInterestIncome": "None", "interestIncome": "None", "interestExpense": "22353000", "nonInterestIncome": "None", "otherNonOperatingIncome": "4248000", "depreciation": "None", "depreciationAndAmortization": "63871000", "incomeBeforeTax": "171017000", "incomeTaxExpense": "55972000", "interestAndDebtExpense": "None", "netIncomeFromContinuingOperations": "115045000", "comprehensiveIncomeNetOfTax": "None", "ebit": "193370000", "ebitda": "257241000", "netIncome": "104377000"}, {"fiscalDateEnding": "2018-06-30", "reportedCurrency": "USD", "grossProfit": "1110941000", "totalRevenue": "2860212000", "costOfRevenue": "1749271000", "costofGoodsAndServicesSold": "1749271000", "operatingIncome": "343986000", "sellingGeneralAndAdministrative": "766955000", "researchAndDevelopment": "0", "operatingExpenses": "766955000", "investmentIncomeNet": "None", "netInterestIncome": "None", "interestIncome": "None", "interestExpense": "22924000", "nonInterestIncome": "None", "otherNonOperatingIncome": "2298000", "depreciation": "None", "depreciationAndAmortization": "63800000", "incomeBeforeTax": "323360000", "incomeTaxExpense": "75617000", "interestAndDebtExpense": "None", "netIncomeFromContinuingOperations": "247743000", "comprehensiveIncomeNetOfTax": "None", "ebit": "346284000", "ebitda": "410084000", "netIncome": "236981000"}, {"fiscalDateEnding": "2018-03-31", "reportedCurrency": "USD", "grossProfit": "1091759000", "totalRevenue": "2766401000", "costOfRevenue": "1674642000", "costofGoodsAndServicesSold": "1674642000", "operatingIncome": "334830000", "sellingGeneralAndAdministrative": "756929000", "researchAndDevelopment": "0", "operatingExpenses": "756929000", "investmentIncomeNet": "None", "netInterestIncome": "None", "interestIncome": "None", "interestExpense": "24665000", "nonInterestIncome": "None", "otherNonOperatingIncome": "-3171000", "depreciation": "None", "depreciationAndAmortization": "63931000", "incomeBeforeTax": "306994000", "incomeTaxExpense": "66209000", "interestAndDebtExpense": "None", "netIncomeFromContinuingOperations": "240785000", "comprehensiveIncomeNetOfTax": "None", "ebit": "331659000", "ebitda": "395590000", "netIncome": "231535000"}, {"fiscalDateEnding": "2017-12-31", "reportedCurrency": "USD", "grossProfit": "1021229000", "totalRevenue": "2632461000", "costOfRevenue": "1611232000", "costofGoodsAndServicesSold": "1611232000", "operatingIncome": "239939000", "sellingGeneralAndAdministrative": "781290000", "researchAndDevelopment": "0", "operatingExpenses": "781290000", "investmentIncomeNet": "None", "netInterestIncome": "None", "interestIncome": "None", "interestExpense": "21809000", "nonInterestIncome": "None", "otherNonOperatingIncome": "-10673000", "depreciation": "None", "depreciationAndAmortization": "69726000", "incomeBeforeTax": "207457000", "incomeTaxExpense": "45642000", "interestAndDebtExpense": "None", "netIncomeFromContinuingOperations": "161815000", "comprehensiveIncomeNetOfTax": "None", "ebit": "229266000", "ebitda": "298992000", "netIncome": "151059000"}, {"fiscalDateEnding": "2017-09-30", "reportedCurrency": "USD", "grossProfit": "1017180000", "totalRevenue": "2635999000", "costOfRevenue": "1618819000", "costofGoodsAndServicesSold": "1618819000", "operatingIncome": "281170000", "sellingGeneralAndAdministrative": "736010000", "researchAndDevelopment": "0", "operatingExpenses": "736010000", "investmentIncomeNet": "None", "netInterestIncome": "None", "interestIncome": "None", "interestExpense": "21765000", "nonInterestIncome": "None", "otherNonOperatingIncome": "-9407000", "depreciation": "None", "depreciationAndAmortization": "66143000", "incomeBeforeTax": "249998000", "incomeTaxExpense": "79182000", "interestAndDebtExpense": "None", "netIncomeFromContinuingOperations": "170816000", "comprehensiveIncomeNetOfTax": "None", "ebit": "271763000", "ebitda": "337906000", "netIncome": "162006000"}, {"fiscalDateEnding": "2017-06-30", "reportedCurrency": "USD", "grossProfit": "1039956000", "totalRevenue": "2615269000", "costOfRevenue": "1575313000", "costofGoodsAndServicesSold": "1575313000", "operatingIncome": "232065000", "sellingGeneralAndAdministrative": "807891000", "researchAndDevelopment": "0", "operatingExpenses": "807891000", "investmentIncomeNet": "None", "netInterestIncome": "None", "interestIncome": "None", "interestExpense": "19905000", "nonInterestIncome": "None", "otherNonOperatingIncome": "-4964000", "depreciation": "None", "depreciationAndAmortization": "65946000", "incomeBeforeTax": "207196000", "incomeTaxExpense": "100237000", "interestAndDebtExpense": "None", "netIncomeFromContinuingOperations": "106959000", "comprehensiveIncomeNetOfTax": "None", "ebit": "227101000", "ebitda": "293047000", "netIncome": "97921000"}, {"fiscalDateEnding": "2017-03-31", "reportedCurrency": "USD", "grossProfit": "1019192000", "totalRevenue": "2541129000", "costOfRevenue": "1521937000", "costofGoodsAndServicesSold": "1521937000", "operatingIncome": "295488000", "sellingGeneralAndAdministrative": "723704000", "researchAndDevelopment": "0", "operatingExpenses": "723704000", "investmentIncomeNet": "None", "netInterestIncome": "None", "interestIncome": "None", "interestExpense": "16979000", "nonInterestIncome": "None", "otherNonOperatingIncome": "-7836000", "depreciation": "None", "depreciationAndAmortization": "62249000", "incomeBeforeTax": "270673000", "incomeTaxExpense": "87820000", "interestAndDebtExpense": "None", "netIncomeFromContinuingOperations": "182853000", "comprehensiveIncomeNetOfTax": "None", "ebit": "287652000", "ebitda": "349901000", "netIncome": "174744000"}, {"fiscalDateEnding": "2016-12-31", "reportedCurrency": "USD", "grossProfit": "989693000", "totalRevenue": "2470710000", "costOfRevenue": "1481017000", "costofGoodsAndServicesSold": "1481017000", "operatingIncome": "174229000", "sellingGeneralAndAdministrative": "815464000", "researchAndDevelopment": "0", "operatingExpenses": "815464000", "investmentIncomeNet": "None", "netInterestIncome": "None", "interestIncome": "None", "interestExpense": "17777000", "nonInterestIncome": "None", "otherNonOperatingIncome": "-11903000", "depreciation": "None", "depreciationAndAmortization": "71462000", "incomeBeforeTax": "145309000", "incomeTaxExpense": "76969000", "interestAndDebtExpense": "None", "netIncomeFromContinuingOperations": "68340000", "comprehensiveIncomeNetOfTax": "None", "ebit": "163086000", "ebitda": "234548000", "netIncome": "60666000"}, {"fiscalDateEnding": "2016-09-30", "reportedCurrency": "USD", "grossProfit": "1039752000", "totalRevenue": "2596288000", "costOfRevenue": "1556536000", "costofGoodsAndServicesSold": "1556536000", "operatingIncome": "322587000", "sellingGeneralAndAdministrative": "717165000", "researchAndDevelopment": "0", "operatingExpenses": "717165000", "investmentIncomeNet": "None", "netInterestIncome": "None", "interestIncome": "None", "interestExpense": "18024000", "nonInterestIncome": "None", "otherNonOperatingIncome": "-11045000", "depreciation": "None", "depreciationAndAmortization": "63899000", "incomeBeforeTax": "293185000", "incomeTaxExpense": "99776000", "interestAndDebtExpense": "None", "netIncomeFromContinuingOperations": "193409000", "comprehensiveIncomeNetOfTax": "None", "ebit": "311209000", "ebitda": "375108000", "netIncome": "185873000"}, {"fiscalDateEnding": "2016-06-30", "reportedCurrency": "USD", "grossProfit": "1040059000", "totalRevenue": "2563668000", "costOfRevenue": "1523609000", "costofGoodsAndServicesSold": "1523609000", "operatingIncome": "305589000", "sellingGeneralAndAdministrative": "734470000", "researchAndDevelopment": "0", "operatingExpenses": "734470000", "investmentIncomeNet": "None", "netInterestIncome": "None", "interestIncome": "None", "interestExpense": "16806000", "nonInterestIncome": "None", "otherNonOperatingIncome": "-5376000", "depreciation": "None", "depreciationAndAmortization": "57202000", "incomeBeforeTax": "282980000", "incomeTaxExpense": "103535000", "interestAndDebtExpense": "None", "netIncomeFromContinuingOperations": "179445000", "comprehensiveIncomeNetOfTax": "None", "ebit": "299786000", "ebitda": "356988000", "netIncome": "172676000"}, {"fiscalDateEnding": "2016-03-31", "reportedCurrency": "USD", "grossProfit": "1045053000", "totalRevenue": "2506538000", "costOfRevenue": "1461485000", "costofGoodsAndServicesSold": "1461485000", "operatingIncome": "317092000", "sellingGeneralAndAdministrative": "727961000", "researchAndDevelopment": "0", "operatingExpenses": "727961000", "investmentIncomeNet": "None", "netInterestIncome": "None", "interestIncome": "None", "interestExpense": "13725000", "nonInterestIncome": "None", "otherNonOperatingIncome": "-5783000", "depreciation": "None", "depreciationAndAmortization": "56294000", "incomeBeforeTax": "297584000", "incomeTaxExpense": "105940000", "interestAndDebtExpense": "None", "netIncomeFromContinuingOperations": "191644000", "comprehensiveIncomeNetOfTax": "None", "ebit": "311309000", "ebitda": "367603000", "netIncome": "186713000"}, {"fiscalDateEnding": "2015-12-31", "reportedCurrency": "USD", "grossProfit": "1002375000", "totalRevenue": "2478258000", "costOfRevenue": "1475883000", "costofGoodsAndServicesSold": "1475883000", "operatingIncome": "251626000", "sellingGeneralAndAdministrative": "750749000", "researchAndDevelopment": "0", "operatingExpenses": "750749000", "investmentIncomeNet": "None", "netInterestIncome": "None", "interestIncome": "None", "interestExpense": "13852000", "nonInterestIncome": "None", "otherNonOperatingIncome": "-2842000", "depreciation": "None", "depreciationAndAmortization": "63767000", "incomeBeforeTax": "234933000", "incomeTaxExpense": "85762000", "interestAndDebtExpense": "None", "netIncomeFromContinuingOperations": "149171000", "comprehensiveIncomeNetOfTax": "None", "ebit": "248785000", "ebitda": "312552000", "netIncome": "145232000"}, {"fiscalDateEnding": "2015-09-30", "reportedCurrency": "USD", "grossProfit": "1061879000", "totalRevenue": "2532900000", "costOfRevenue": "1471021000", "costofGoodsAndServicesSold": "1471021000", "operatingIncome": "340729000", "sellingGeneralAndAdministrative": "721150000", "researchAndDevelopment": "0", "operatingExpenses": "721150000", "investmentIncomeNet": "None", "netInterestIncome": "None", "interestIncome": "None", "interestExpense": "13899000", "nonInterestIncome": "None", "otherNonOperatingIncome": "-7383000", "depreciation": "None", "depreciationAndAmortization": "57263000", "incomeBeforeTax": "319447000", "incomeTaxExpense": "122825000", "interestAndDebtExpense": "None", "netIncomeFromContinuingOperations": "196622000", "comprehensiveIncomeNetOfTax": "None", "ebit": "333346000", "ebitda": "390609000", "netIncome": "192201000"}, {"fiscalDateEnding": "2015-06-30", "reportedCurrency": "USD", "grossProfit": "1073432000", "totalRevenue": "2522565000", "costOfRevenue": "1449133000", "costofGoodsAndServicesSold": "1449133000", "operatingIncome": "356717000", "sellingGeneralAndAdministrative": "716715000", "researchAndDevelopment": "0", "operatingExpenses": "716715000", "investmentIncomeNet": "None", "netInterestIncome": "None", "interestIncome": "None", "interestExpense": "4184000", "nonInterestIncome": "None", "otherNonOperatingIncome": "-3847000", "depreciation": "None", "depreciationAndAmortization": "54526000", "incomeBeforeTax": "348686000", "incomeTaxExpense": "123451000", "interestAndDebtExpense": "None", "netIncomeFromContinuingOperations": "225235000", "comprehensiveIncomeNetOfTax": "None", "ebit": "352870000", "ebitda": "407396000", "netIncome": "220548000"}, {"fiscalDateEnding": "2015-03-31", "reportedCurrency": "USD", "grossProfit": "1093743000", "totalRevenue": "2439661000", "costOfRevenue": "1345918000", "costofGoodsAndServicesSold": "1345918000", "operatingIncome": "351247000", "sellingGeneralAndAdministrative": "742496000", "researchAndDevelopment": "0", "operatingExpenses": "742496000", "investmentIncomeNet": "None", "netInterestIncome": "None", "interestIncome": "None", "interestExpense": "1636000", "nonInterestIncome": "None", "otherNonOperatingIncome": "-1972000", "depreciation": "None", "depreciationAndAmortization": "52411000", "incomeBeforeTax": "347639000", "incomeTaxExpense": "133493000", "interestAndDebtExpense": "None", "netIncomeFromContinuingOperations": "214146000", "comprehensiveIncomeNetOfTax": "None", "ebit": "349275000", "ebitda": "401686000", "netIncome": "211015000"}, {"fiscalDateEnding": "2014-12-31", "reportedCurrency": "USD", "grossProfit": "1054801000", "totalRevenue": "2510959000", "costOfRevenue": "1456158000", "costofGoodsAndServicesSold": "1456158000", "operatingIncome": "266514000", "sellingGeneralAndAdministrative": "788287000", "researchAndDevelopment": "0", "operatingExpenses": "788287000", "investmentIncomeNet": "None", "netInterestIncome": "None", "interestIncome": "None", "interestExpense": "2096000", "nonInterestIncome": "None", "otherNonOperatingIncome": "-2705000", "depreciation": "None", "depreciationAndAmortization": "60575000", "incomeBeforeTax": "261713000", "incomeTaxExpense": "110599000", "interestAndDebtExpense": "None", "netIncomeFromContinuingOperations": "151114000", "comprehensiveIncomeNetOfTax": "None", "ebit": "263809000", "ebitda": "324384000", "netIncome": "148839000"}, {"fiscalDateEnding": "2014-09-30", "reportedCurrency": "USD", "grossProfit": "1102784000", "totalRevenue": "2562263000", "costOfRevenue": "1459479000", "costofGoodsAndServicesSold": "1459479000", "operatingIncome": "385513000", "sellingGeneralAndAdministrative": "717271000", "researchAndDevelopment": "0", "operatingExpenses": "717271000", "investmentIncomeNet": "None", "netInterestIncome": "None", "interestIncome": "None", "interestExpense": "2377000", "nonInterestIncome": "None", "otherNonOperatingIncome": "-501000", "depreciation": "None", "depreciationAndAmortization": "53955000", "incomeBeforeTax": "382635000", "incomeTaxExpense": "149585000", "interestAndDebtExpense": "None", "netIncomeFromContinuingOperations": "233050000", "comprehensiveIncomeNetOfTax": "None", "ebit": "385012000", "ebitda": "438967000", "netIncome": "230322000"}, {"fiscalDateEnding": "2014-06-30", "reportedCurrency": "USD", "grossProfit": "1080686000", "totalRevenue": "2506104000", "costOfRevenue": "1425418000", "costofGoodsAndServicesSold": "1425418000", "operatingIncome": "340751000", "sellingGeneralAndAdministrative": "739935000", "researchAndDevelopment": "0", "operatingExpenses": "739935000", "investmentIncomeNet": "None", "netInterestIncome": "None", "interestIncome": "None", "interestExpense": "2757000", "nonInterestIncome": "None", "otherNonOperatingIncome": "431000", "depreciation": "None", "depreciationAndAmortization": "48020000", "incomeBeforeTax": "338425000", "incomeTaxExpense": "129348000", "interestAndDebtExpense": "None", "netIncomeFromContinuingOperations": "209077000", "comprehensiveIncomeNetOfTax": "None", "ebit": "341182000", "ebitda": "389202000", "netIncome": "205915000"}, {"fiscalDateEnding": "2014-03-31", "reportedCurrency": "USD", "grossProfit": "1075971000", "totalRevenue": "2385627000", "costOfRevenue": "1309656000", "costofGoodsAndServicesSold": "1309656000", "operatingIncome": "354339000", "sellingGeneralAndAdministrative": "721632000", "researchAndDevelopment": "0", "operatingExpenses": "721632000", "investmentIncomeNet": "None", "netInterestIncome": "None", "interestIncome": "None", "interestExpense": "2863000", "nonInterestIncome": "None", "otherNonOperatingIncome": "137000", "depreciation": "None", "depreciationAndAmortization": "45776000", "incomeBeforeTax": "351613000", "incomeTaxExpense": "132558000", "interestAndDebtExpense": "None", "netIncomeFromContinuingOperations": "219055000", "comprehensiveIncomeNetOfTax": "None", "ebit": "354476000", "ebitda": "400252000", "netIncome": "216653000"}, {"fiscalDateEnding": "2013-12-31", "reportedCurrency": "USD", "grossProfit": "1006397000", "totalRevenue": "2377232000", "costOfRevenue": "1370835000", "costofGoodsAndServicesSold": "1370835000", "operatingIncome": "256762000", "sellingGeneralAndAdministrative": "749634000", "researchAndDevelopment": "0", "operatingExpenses": "749635000", "investmentIncomeNet": "None", "netInterestIncome": "None", "interestIncome": "None", "interestExpense": "3123000", "nonInterestIncome": "None", "otherNonOperatingIncome": "656000", "depreciation": "None", "depreciationAndAmortization": "54449000", "incomeBeforeTax": "254295000", "incomeTaxExpense": "94902000", "interestAndDebtExpense": "None", "netIncomeFromContinuingOperations": "159394000", "comprehensiveIncomeNetOfTax": "None", "ebit": "257418000", "ebitda": "311867000", "netIncome": "156749000"}, {"fiscalDateEnding": "2013-09-30", "reportedCurrency": "USD", "grossProfit": "1051366000", "totalRevenue": "2398530000", "costOfRevenue": "1347164000", "costofGoodsAndServicesSold": "1347164000", "operatingIncome": "346715000", "sellingGeneralAndAdministrative": "704651000", "researchAndDevelopment": "0", "operatingExpenses": "704651000", "investmentIncomeNet": "None", "netInterestIncome": "None", "interestIncome": "None", "interestExpense": "3734000", "nonInterestIncome": "None", "otherNonOperatingIncome": "880000", "depreciation": "None", "depreciationAndAmortization": "45351000", "incomeBeforeTax": "343861000", "incomeTaxExpense": "130786000", "interestAndDebtExpense": "None", "netIncomeFromContinuingOperations": "213075000", "comprehensiveIncomeNetOfTax": "None", "ebit": "347595000", "ebitda": "392946000", "netIncome": "210789000"}, {"fiscalDateEnding": "2013-06-30", "reportedCurrency": "USD", "grossProfit": "1046984000", "totalRevenue": "2381561000", "costOfRevenue": "1334577000", "costofGoodsAndServicesSold": "1334577000", "operatingIncome": "350072000", "sellingGeneralAndAdministrative": "696912000", "researchAndDevelopment": "0", "operatingExpenses": "696912000", "investmentIncomeNet": "None", "netInterestIncome": "None", "interestIncome": "None", "interestExpense": "3201000", "nonInterestIncome": "None", "otherNonOperatingIncome": "649000", "depreciation": "None", "depreciationAndAmortization": "41868000", "incomeBeforeTax": "347520000", "incomeTaxExpense": "126767000", "interestAndDebtExpense": "None", "netIncomeFromContinuingOperations": "220753000", "comprehensiveIncomeNetOfTax": "None", "ebit": "350721000", "ebitda": "392589000", "netIncome": "217660000"}, {"fiscalDateEnding": "2013-03-31", "reportedCurrency": "USD", "grossProfit": "1031736000", "totalRevenue": "2280435000", "costOfRevenue": "1248699000", "costofGoodsAndServicesSold": "1248699000", "operatingIncome": "343305000", "sellingGeneralAndAdministrative": "688431000", "researchAndDevelopment": "0", "operatingExpenses": "688431000", "investmentIncomeNet": "None", "netInterestIncome": "None", "interestIncome": "None", "interestExpense": "3166000", "nonInterestIncome": "None", "otherNonOperatingIncome": "1785000", "depreciation": "None", "depreciationAndAmortization": "38945000", "incomeBeforeTax": "341924000", "incomeTaxExpense": "127397000", "interestAndDebtExpense": "None", "netIncomeFromContinuingOperations": "214527000", "comprehensiveIncomeNetOfTax": "None", "ebit": "345090000", "ebitda": "384035000", "netIncome": "211838000"}, {"fiscalDateEnding": "2012-12-31", "reportedCurrency": "USD", "grossProfit": "969525000", "totalRevenue": "2226120000", "costOfRevenue": "1256595000", "costofGoodsAndServicesSold": "1256595000", "operatingIncome": "258438000", "sellingGeneralAndAdministrative": "711087000", "researchAndDevelopment": "0", "operatingExpenses": "711087000", "investmentIncomeNet": "None", "netInterestIncome": "None", "interestIncome": "None", "interestExpense": "5360000", "nonInterestIncome": "None", "otherNonOperatingIncome": "749000", "depreciation": "None", "depreciationAndAmortization": "45711000", "incomeBeforeTax": "253827000", "incomeTaxExpense": "95341000", "interestAndDebtExpense": "None", "netIncomeFromContinuingOperations": "158486000", "comprehensiveIncomeNetOfTax": "None", "ebit": "259187000", "ebitda": "304898000", "netIncome": "156267000"}, {"fiscalDateEnding": "2012-09-30", "reportedCurrency": "USD", "grossProfit": "993960000", "totalRevenue": "2281205000", "costOfRevenue": "1287245000", "costofGoodsAndServicesSold": "1287245000", "operatingIncome": "254326000", "sellingGeneralAndAdministrative": "739634000", "researchAndDevelopment": "0", "operatingExpenses": "739634000", "investmentIncomeNet": "None", "netInterestIncome": "None", "interestIncome": "None", "interestExpense": "4751000", "nonInterestIncome": "None", "otherNonOperatingIncome": "1145000", "depreciation": "None", "depreciationAndAmortization": "39896000", "incomeBeforeTax": "250720000", "incomeTaxExpense": "92916000", "interestAndDebtExpense": "None", "netIncomeFromContinuingOperations": "157804000", "comprehensiveIncomeNetOfTax": "None", "ebit": "255471000", "ebitda": "295367000", "netIncome": "155394000"}, {"fiscalDateEnding": "2012-06-30", "reportedCurrency": "USD", "grossProfit": "978343000", "totalRevenue": "2249275000", "costOfRevenue": "1270932000", "costofGoodsAndServicesSold": "1270932000", "operatingIncome": "314000000", "sellingGeneralAndAdministrative": "664343000", "researchAndDevelopment": "0", "operatingExpenses": "664343000", "investmentIncomeNet": "None", "netInterestIncome": "None", "interestIncome": "None", "interestExpense": "2910000", "nonInterestIncome": "None", "otherNonOperatingIncome": "-361000", "depreciation": "None", "depreciationAndAmortization": "36763000", "incomeBeforeTax": "310729000", "incomeTaxExpense": "117628000", "interestAndDebtExpense": "None", "netIncomeFromContinuingOperations": "193101000", "comprehensiveIncomeNetOfTax": "None", "ebit": "313639000", "ebitda": "350402000", "netIncome": "190704000"}, {"fiscalDateEnding": "2012-03-31", "reportedCurrency": "USD", "grossProfit": "974332000", "totalRevenue": "2193445000", "costOfRevenue": "1219113000", "costofGoodsAndServicesSold": "1219113000", "operatingIncome": "304361000", "sellingGeneralAndAdministrative": "669971000", "researchAndDevelopment": "0", "operatingExpenses": "669971000", "investmentIncomeNet": "None", "netInterestIncome": "None", "interestIncome": "None", "interestExpense": "3057000", "nonInterestIncome": "None", "otherNonOperatingIncome": "1209000", "depreciation": "None", "depreciationAndAmortization": "36679000", "incomeBeforeTax": "302513000", "incomeTaxExpense": "113055000", "interestAndDebtExpense": "None", "netIncomeFromContinuingOperations": "189458000", "comprehensiveIncomeNetOfTax": "None", "ebit": "305570000", "ebitda": "342249000", "netIncome": "187516000"}, {"fiscalDateEnding": "2011-12-31", "reportedCurrency": "USD", "grossProfit": "905785000", "totalRevenue": "2076904000", "costOfRevenue": "1171119000", "costofGoodsAndServicesSold": "1171119000", "operatingIncome": "221493000", "sellingGeneralAndAdministrative": "684292000", "researchAndDevelopment": "0", "operatingExpenses": "684292000", "investmentIncomeNet": "None", "netInterestIncome": "None", "interestIncome": "None", "interestExpense": "2654000", "nonInterestIncome": "None", "otherNonOperatingIncome": "7239000", "depreciation": "None", "depreciationAndAmortization": "45627000", "incomeBeforeTax": "226078000", "incomeTaxExpense": "74370000", "interestAndDebtExpense": "None", "netIncomeFromContinuingOperations": "151708000", "comprehensiveIncomeNetOfTax": "None", "ebit": "228732000", "ebitda": "274359000", "netIncome": "148484000"}, {"fiscalDateEnding": "2011-09-30", "reportedCurrency": "USD", "grossProfit": "912999000", "totalRevenue": "2114647000", "costOfRevenue": "1201648000", "costofGoodsAndServicesSold": "1201648000", "operatingIncome": "303040000", "sellingGeneralAndAdministrative": "609959000", "researchAndDevelopment": "0", "operatingExpenses": "609959000", "investmentIncomeNet": "None", "netInterestIncome": "None", "interestIncome": "None", "interestExpense": "2579000", "nonInterestIncome": "None", "otherNonOperatingIncome": "-2000", "depreciation": "None", "depreciationAndAmortization": "37529000", "incomeBeforeTax": "300459000", "incomeTaxExpense": "116412000", "interestAndDebtExpense": "None", "netIncomeFromContinuingOperations": "184047000", "comprehensiveIncomeNetOfTax": "None", "ebit": "303038000", "ebitda": "340567000", "netIncome": "182121000"}, {"fiscalDateEnding": "2011-06-30", "reportedCurrency": "USD", "grossProfit": "862394000", "totalRevenue": "2003022000", "costOfRevenue": "1140628000", "costofGoodsAndServicesSold": "1140628000", "operatingIncome": "265282000", "sellingGeneralAndAdministrative": "597112000", "researchAndDevelopment": "0", "operatingExpenses": "597112000", "investmentIncomeNet": "None", "netInterestIncome": "None", "interestIncome": "None", "interestExpense": "1980000", "nonInterestIncome": "None", "otherNonOperatingIncome": "524000", "depreciation": "None", "depreciationAndAmortization": "33473000", "incomeBeforeTax": "263826000", "incomeTaxExpense": "92257000", "interestAndDebtExpense": "None", "netIncomeFromContinuingOperations": "171569000", "comprehensiveIncomeNetOfTax": "None", "ebit": "265806000", "ebitda": "299279000", "netIncome": "169885000"}, {"fiscalDateEnding": "2011-03-31", "reportedCurrency": "USD", "grossProfit": "829614000", "totalRevenue": "1883612000", "costOfRevenue": "1053998000", "costofGoodsAndServicesSold": "1053998000", "operatingIncome": "262614000", "sellingGeneralAndAdministrative": "567000000", "researchAndDevelopment": "0", "operatingExpenses": "567000000", "investmentIncomeNet": "None", "netInterestIncome": "None", "interestIncome": "None", "interestExpense": "1878000", "nonInterestIncome": "None", "otherNonOperatingIncome": "428000", "depreciation": "None", "depreciationAndAmortization": "32571000", "incomeBeforeTax": "261164000", "incomeTaxExpense": "102076000", "interestAndDebtExpense": "None", "netIncomeFromContinuingOperations": "159088000", "comprehensiveIncomeNetOfTax": "None", "ebit": "263042000", "ebitda": "295613000", "netIncome": "157933000"}, {"fiscalDateEnding": "2010-12-31", "reportedCurrency": "USD", "grossProfit": "763132000", "totalRevenue": "1826696000", "costOfRevenue": "1063564000", "costofGoodsAndServicesSold": "1063564000", "operatingIncome": "211402000", "sellingGeneralAndAdministrative": "551730000", "researchAndDevelopment": "0", "operatingExpenses": "551730000", "investmentIncomeNet": "None", "netInterestIncome": "None", "interestIncome": "None", "interestExpense": "1983000", "nonInterestIncome": "None", "otherNonOperatingIncome": "729000", "depreciation": "None", "depreciationAndAmortization": "40455000", "incomeBeforeTax": "210148000", "incomeTaxExpense": "76947000", "interestAndDebtExpense": "None", "netIncomeFromContinuingOperations": "133201000", "comprehensiveIncomeNetOfTax": "None", "ebit": "212131000", "ebitda": "252586000", "netIncome": "132210000"}, {"fiscalDateEnding": "2010-09-30", "reportedCurrency": "USD", "grossProfit": "789724000", "totalRevenue": "1899412000", "costOfRevenue": "1109688000", "costofGoodsAndServicesSold": "1109688000", "operatingIncome": "251273000", "sellingGeneralAndAdministrative": "538451000", "researchAndDevelopment": "0", "operatingExpenses": "538451000", "investmentIncomeNet": "None", "netInterestIncome": "None", "interestIncome": "None", "interestExpense": "1954000", "nonInterestIncome": "None", "otherNonOperatingIncome": "525000", "depreciation": "None", "depreciationAndAmortization": "37322000", "incomeBeforeTax": "249844000", "incomeTaxExpense": "98547000", "interestAndDebtExpense": "None", "netIncomeFromContinuingOperations": "151297000", "comprehensiveIncomeNetOfTax": "None", "ebit": "251798000", "ebitda": "289120000", "netIncome": "150405000"}, {"fiscalDateEnding": "2010-06-30", "reportedCurrency": "USD", "grossProfit": "747086000", "totalRevenue": "1783696000", "costOfRevenue": "1036610000", "costofGoodsAndServicesSold": "1036610000", "operatingIncome": "214915000", "sellingGeneralAndAdministrative": "532171000", "researchAndDevelopment": "0", "operatingExpenses": "532171000", "investmentIncomeNet": "None", "netInterestIncome": "None", "interestIncome": "None", "interestExpense": "2220000", "nonInterestIncome": "None", "otherNonOperatingIncome": "101000", "depreciation": "None", "depreciationAndAmortization": "35977000", "incomeBeforeTax": "212796000", "incomeTaxExpense": "83129000", "interestAndDebtExpense": "None", "netIncomeFromContinuingOperations": "129667000", "comprehensiveIncomeNetOfTax": "None", "ebit": "215091000", "ebitda": "251068000", "netIncome": "129077000"}, {"fiscalDateEnding": "2010-03-31", "reportedCurrency": "USD", "grossProfit": "705742000", "totalRevenue": "1672354000", "costOfRevenue": "966612000", "costofGoodsAndServicesSold": "966612000", "operatingIncome": "182885000", "sellingGeneralAndAdministrative": "522857000", "researchAndDevelopment": "0", "operatingExpenses": "522857000", "investmentIncomeNet": "None", "netInterestIncome": "None", "interestIncome": "None", "interestExpense": "2030000", "nonInterestIncome": "None", "otherNonOperatingIncome": "135000", "depreciation": "None", "depreciationAndAmortization": "35924000", "incomeBeforeTax": "180990000", "incomeTaxExpense": "81573000", "interestAndDebtExpense": "None", "netIncomeFromContinuingOperations": "99417000", "comprehensiveIncomeNetOfTax": "None", "ebit": "182945000", "ebitda": "218869000", "netIncome": "99173000"}, {"fiscalDateEnding": "2009-12-31", "reportedCurrency": "USD", "grossProfit": "684198000", "totalRevenue": "1633815000", "costOfRevenue": "949617000", "costofGoodsAndServicesSold": "949617000", "operatingIncome": "165361000", "sellingGeneralAndAdministrative": "518837000", "researchAndDevelopment": "0", "operatingExpenses": "518837000", "investmentIncomeNet": "None", "netInterestIncome": "None", "interestIncome": "None", "interestExpense": "2032000", "nonInterestIncome": "None", "otherNonOperatingIncome": "None", "depreciation": "None", "depreciationAndAmortization": "43438000", "incomeBeforeTax": "163823000", "incomeTaxExpense": "66459000", "interestAndDebtExpense": "None", "netIncomeFromContinuingOperations": "0", "comprehensiveIncomeNetOfTax": "None", "ebit": "165855000", "ebitda": "209293000", "netIncome": "97058000"}, {"fiscalDateEnding": "2009-09-30", "reportedCurrency": "USD", "grossProfit": "659945000", "totalRevenue": "1589665000", "costOfRevenue": "929720000", "costofGoodsAndServicesSold": "929720000", "operatingIncome": "186720000", "sellingGeneralAndAdministrative": "473225000", "researchAndDevelopment": "0", "operatingExpenses": "473225000", "investmentIncomeNet": "None", "netInterestIncome": "None", "interestIncome": "None", "interestExpense": "2198000", "nonInterestIncome": "None", "otherNonOperatingIncome": "48898000", "depreciation": "None", "depreciationAndAmortization": "35588000", "incomeBeforeTax": "233420000", "incomeTaxExpense": "88856000", "interestAndDebtExpense": "None", "netIncomeFromContinuingOperations": "144564000", "comprehensiveIncomeNetOfTax": "None", "ebit": "235618000", "ebitda": "271206000", "netIncome": "144564000"}, {"fiscalDateEnding": "2009-06-30", "reportedCurrency": "USD", "grossProfit": "624968000", "totalRevenue": "1533263000", "costOfRevenue": "908295000", "costofGoodsAndServicesSold": "908295000", "operatingIncome": "153929000", "sellingGeneralAndAdministrative": "471039000", "researchAndDevelopment": "0", "operatingExpenses": "471039000", "investmentIncomeNet": "None", "netInterestIncome": "None", "interestIncome": "None", "interestExpense": "2318000", "nonInterestIncome": "None", "otherNonOperatingIncome": "None", "depreciation": "None", "depreciationAndAmortization": "34872000", "incomeBeforeTax": "151626000", "incomeTaxExpense": "59160000", "interestAndDebtExpense": "None", "netIncomeFromContinuingOperations": "0", "comprehensiveIncomeNetOfTax": "None", "ebit": "153944000", "ebitda": "188816000", "netIncome": "92466000"}, {"fiscalDateEnding": "2009-03-31", "reportedCurrency": "USD", "grossProfit": "629415000", "totalRevenue": "1465248000", "costOfRevenue": "835833000", "costofGoodsAndServicesSold": "835833000", "operatingIncome": "159214000", "sellingGeneralAndAdministrative": "470201000", "researchAndDevelopment": "0", "operatingExpenses": "470201000", "investmentIncomeNet": "None", "netInterestIncome": "None", "interestIncome": "None", "interestExpense": "2218000", "nonInterestIncome": "None", "otherNonOperatingIncome": "None", "depreciation": "None", "depreciationAndAmortization": "33633000", "incomeBeforeTax": "158468000", "incomeTaxExpense": "62090000", "interestAndDebtExpense": "None", "netIncomeFromContinuingOperations": "0", "comprehensiveIncomeNetOfTax": "None", "ebit": "160686000", "ebitda": "194319000", "netIncome": "96378000"}, {"fiscalDateEnding": "2008-12-31", "reportedCurrency": "USD", "grossProfit": "680063000", "totalRevenue": "1592655000", "costOfRevenue": "912592000", "costofGoodsAndServicesSold": "912592000", "operatingIncome": "180557000", "sellingGeneralAndAdministrative": "499506000", "researchAndDevelopment": "0", "operatingExpenses": "499506000", "investmentIncomeNet": "None", "netInterestIncome": "None", "interestIncome": "None", "interestExpense": "6909000", "nonInterestIncome": "None", "otherNonOperatingIncome": "None", "depreciation": "None", "depreciationAndAmortization": "38805000", "incomeBeforeTax": "173648000", "incomeTaxExpense": "65733000", "interestAndDebtExpense": "None", "netIncomeFromContinuingOperations": "0", "comprehensiveIncomeNetOfTax": "None", "ebit": "185588000", "ebitda": "224393000", "netIncome": "107915000"}, {"fiscalDateEnding": "2008-09-30", "reportedCurrency": "USD", "grossProfit": "742348000", "totalRevenue": "1839475000", "costOfRevenue": "1097127000", "costofGoodsAndServicesSold": "1097127000", "operatingIncome": "231457000", "sellingGeneralAndAdministrative": "510891000", "researchAndDevelopment": "0", "operatingExpenses": "510891000", "investmentIncomeNet": "None", "netInterestIncome": "None", "interestIncome": "None", "interestExpense": "2767000", "nonInterestIncome": "None", "otherNonOperatingIncome": "None", "depreciation": "None", "depreciationAndAmortization": "35870000", "incomeBeforeTax": "228690000", "incomeTaxExpense": "88667000", "interestAndDebtExpense": "None", "netIncomeFromContinuingOperations": "0", "comprehensiveIncomeNetOfTax": "None", "ebit": "195587000", "ebitda": "231457000", "netIncome": "140023000"}, {"fiscalDateEnding": "2008-06-30", "reportedCurrency": "USD", "grossProfit": "705877000", "totalRevenue": "1756856000", "costOfRevenue": "1050979000", "costofGoodsAndServicesSold": "1050979000", "operatingIncome": "184835000", "sellingGeneralAndAdministrative": "521042000", "researchAndDevelopment": "0", "operatingExpenses": "521042000", "investmentIncomeNet": "None", "netInterestIncome": "None", "interestIncome": "None", "interestExpense": "455000", "nonInterestIncome": "None", "otherNonOperatingIncome": "None", "depreciation": "None", "depreciationAndAmortization": "33339000", "incomeBeforeTax": "184380000", "incomeTaxExpense": "71201000", "interestAndDebtExpense": "None", "netIncomeFromContinuingOperations": "0", "comprehensiveIncomeNetOfTax": "None", "ebit": "151496000", "ebitda": "184835000", "netIncome": "113179000"}, {"fiscalDateEnding": "2008-03-31", "reportedCurrency": "USD", "grossProfit": "679934000", "totalRevenue": "1661046000", "costOfRevenue": "981112000", "costofGoodsAndServicesSold": "981112000", "operatingIncome": "185823000", "sellingGeneralAndAdministrative": "494111000", "researchAndDevelopment": "0", "operatingExpenses": "494111000", "investmentIncomeNet": "None", "netInterestIncome": "None", "interestIncome": "None", "interestExpense": "677000", "nonInterestIncome": "None", "otherNonOperatingIncome": "None", "depreciation": "None", "depreciationAndAmortization": "31556000", "incomeBeforeTax": "186500000", "incomeTaxExpense": "72262000", "interestAndDebtExpense": "None", "netIncomeFromContinuingOperations": "0", "comprehensiveIncomeNetOfTax": "None", "ebit": "154267000", "ebitda": "185823000", "netIncome": "114238000"}, {"fiscalDateEnding": "2007-12-31", "reportedCurrency": "USD", "grossProfit": "671481000", "totalRevenue": "1611753000", "costOfRevenue": "940272000", "costofGoodsAndServicesSold": "940272000", "operatingIncome": "167161000", "sellingGeneralAndAdministrative": "504320000", "researchAndDevelopment": "0", "operatingExpenses": "504320000", "investmentIncomeNet": "None", "netInterestIncome": "None", "interestIncome": "None", "interestExpense": "1543000", "nonInterestIncome": "None", "otherNonOperatingIncome": "None", "depreciation": "None", "depreciationAndAmortization": "38400000", "incomeBeforeTax": "168704000", "incomeTaxExpense": "64312000", "interestAndDebtExpense": "None", "netIncomeFromContinuingOperations": "0", "comprehensiveIncomeNetOfTax": "None", "ebit": "167161000", "ebitda": "205561000", "netIncome": "104392000"}, {"fiscalDateEnding": "2007-09-30", "reportedCurrency": "USD", "grossProfit": "659589000", "totalRevenue": "1658592000", "costOfRevenue": "999003000", "costofGoodsAndServicesSold": "999003000", "operatingIncome": "174332000", "sellingGeneralAndAdministrative": "485257000", "researchAndDevelopment": "0", "operatingExpenses": "485257000", "investmentIncomeNet": "None", "netInterestIncome": "None", "interestIncome": "None", "interestExpense": "2852000", "nonInterestIncome": "None", "otherNonOperatingIncome": "None", "depreciation": "None", "depreciationAndAmortization": "32872000", "incomeBeforeTax": "177184000", "incomeTaxExpense": "68034000", "interestAndDebtExpense": "None", "netIncomeFromContinuingOperations": "0", "comprehensiveIncomeNetOfTax": "None", "ebit": "141460000", "ebitda": "174332000", "netIncome": "109150000"}, {"fiscalDateEnding": "2007-06-30", "reportedCurrency": "USD", "grossProfit": "640465000", "totalRevenue": "1601011000", "costOfRevenue": "960546000", "costofGoodsAndServicesSold": "960546000", "operatingIncome": "166575000", "sellingGeneralAndAdministrative": "473890000", "researchAndDevelopment": "0", "operatingExpenses": "473890000", "investmentIncomeNet": "None", "netInterestIncome": "None", "interestIncome": "None", "interestExpense": "3677000", "nonInterestIncome": "None", "otherNonOperatingIncome": "None", "depreciation": "None", "depreciationAndAmortization": "30804000", "incomeBeforeTax": "170252000", "incomeTaxExpense": "65461000", "interestAndDebtExpense": "None", "netIncomeFromContinuingOperations": "0", "comprehensiveIncomeNetOfTax": "None", "ebit": "135771000", "ebitda": "166575000", "netIncome": "104791000"}, {"fiscalDateEnding": "2007-03-31", "reportedCurrency": "USD", "grossProfit": "632088000", "totalRevenue": "1546658000", "costOfRevenue": "914570000", "costofGoodsAndServicesSold": "914570000", "operatingIncome": "162585000", "sellingGeneralAndAdministrative": "469503000", "researchAndDevelopment": "0", "operatingExpenses": "469503000", "investmentIncomeNet": "None", "netInterestIncome": "None", "interestIncome": "None", "interestExpense": "3136000", "nonInterestIncome": "None", "otherNonOperatingIncome": "None", "depreciation": "None", "depreciationAndAmortization": "29923000", "incomeBeforeTax": "165721000", "incomeTaxExpense": "63934000", "interestAndDebtExpense": "None", "netIncomeFromContinuingOperations": "0", "comprehensiveIncomeNetOfTax": "None", "ebit": "132662000", "ebitda": "162585000", "netIncome": "101787000"}, {"fiscalDateEnding": "2006-12-31", "reportedCurrency": "USD", "grossProfit": "601431000", "totalRevenue": "1462158000", "costOfRevenue": "860727000", "costofGoodsAndServicesSold": "860727000", "operatingIncome": "147797000", "sellingGeneralAndAdministrative": "453634000", "researchAndDevelopment": "0", "operatingExpenses": "453634000", "investmentIncomeNet": "None", "netInterestIncome": "None", "interestIncome": "None", "interestExpense": "5186000", "nonInterestIncome": "None", "otherNonOperatingIncome": "None", "depreciation": "None", "depreciationAndAmortization": "34196000", "incomeBeforeTax": "152983000", "incomeTaxExpense": "54050000", "interestAndDebtExpense": "None", "netIncomeFromContinuingOperations": "0", "comprehensiveIncomeNetOfTax": "None", "ebit": "147797000", "ebitda": "181993000", "netIncome": "98933000"}, {"fiscalDateEnding": "2006-09-30", "reportedCurrency": "USD", "grossProfit": "599087000", "totalRevenue": "1519499000", "costOfRevenue": "920412000", "costofGoodsAndServicesSold": "920412000", "operatingIncome": "151313000", "sellingGeneralAndAdministrative": "447774000", "researchAndDevelopment": "0", "operatingExpenses": "447774000", "investmentIncomeNet": "None", "netInterestIncome": "None", "interestIncome": "None", "interestExpense": "5491000", "nonInterestIncome": "None", "otherNonOperatingIncome": "None", "depreciation": "None", "depreciationAndAmortization": "29548000", "incomeBeforeTax": "156804000", "incomeTaxExpense": "52310000", "interestAndDebtExpense": "None", "netIncomeFromContinuingOperations": "0", "comprehensiveIncomeNetOfTax": "None", "ebit": "121765000", "ebitda": "151313000", "netIncome": "104494000"}, {"fiscalDateEnding": "2006-06-30", "reportedCurrency": "USD", "grossProfit": "583305000", "totalRevenue": "1482880000", "costOfRevenue": "899575000", "costofGoodsAndServicesSold": "899575000", "operatingIncome": "144544000", "sellingGeneralAndAdministrative": "438761000", "researchAndDevelopment": "0", "operatingExpenses": "438761000", "investmentIncomeNet": "None", "netInterestIncome": "None", "interestIncome": "None", "interestExpense": "8325000", "nonInterestIncome": "None", "otherNonOperatingIncome": "None", "depreciation": "None", "depreciationAndAmortization": "27707000", "incomeBeforeTax": "152869000", "incomeTaxExpense": "59130000", "interestAndDebtExpense": "None", "netIncomeFromContinuingOperations": "0", "comprehensiveIncomeNetOfTax": "None", "ebit": "116837000", "ebitda": "144544000", "netIncome": "93739000"}, {"fiscalDateEnding": "2006-03-31", "reportedCurrency": "USD", "grossProfit": "570327000", "totalRevenue": "1419117000", "costOfRevenue": "848790000", "costofGoodsAndServicesSold": "848790000", "operatingIncome": "134417000", "sellingGeneralAndAdministrative": "435910000", "researchAndDevelopment": "0", "operatingExpenses": "435910000", "investmentIncomeNet": "None", "netInterestIncome": "None", "interestIncome": "None", "interestExpense": "5950000", "nonInterestIncome": "None", "otherNonOperatingIncome": "None", "depreciation": "None", "depreciationAndAmortization": "27117000", "incomeBeforeTax": "140367000", "incomeTaxExpense": "54134000", "interestAndDebtExpense": "None", "netIncomeFromContinuingOperations": "0", "comprehensiveIncomeNetOfTax": "None", "ebit": "107300000", "ebitda": "134417000", "netIncome": "86233000"}, {"fiscalDateEnding": "2005-12-31", "reportedCurrency": "USD", "grossProfit": "587374000", "totalRevenue": "1390606000", "costOfRevenue": "803232000", "costofGoodsAndServicesSold": "803232000", "operatingIncome": "147752000", "sellingGeneralAndAdministrative": "439622000", "researchAndDevelopment": "0", "operatingExpenses": "439622000", "investmentIncomeNet": "None", "netInterestIncome": "None", "interestIncome": "None", "interestExpense": "1263000", "nonInterestIncome": "None", "otherNonOperatingIncome": "None", "depreciation": "None", "depreciationAndAmortization": "29433000", "incomeBeforeTax": "149015000", "incomeTaxExpense": "45181000", "interestAndDebtExpense": "None", "netIncomeFromContinuingOperations": "0", "comprehensiveIncomeNetOfTax": "None", "ebit": "147752000", "ebitda": "177185000", "netIncome": "103834000"}, {"fiscalDateEnding": "2005-09-30", "reportedCurrency": "USD", "grossProfit": "548162000", "totalRevenue": "1428342000", "costOfRevenue": "880180000", "costofGoodsAndServicesSold": "880180000", "operatingIncome": "135595000", "sellingGeneralAndAdministrative": "412567000", "researchAndDevelopment": "0", "operatingExpenses": "412567000", "investmentIncomeNet": "None", "netInterestIncome": "None", "interestIncome": "None", "interestExpense": "3785000", "nonInterestIncome": "None", "otherNonOperatingIncome": "None", "depreciation": "None", "depreciationAndAmortization": "26553000", "incomeBeforeTax": "139380000", "incomeTaxExpense": "51271000", "interestAndDebtExpense": "None", "netIncomeFromContinuingOperations": "0", "comprehensiveIncomeNetOfTax": "None", "ebit": "135882000", "ebitda": "162435000", "netIncome": "88109000"}, {"fiscalDateEnding": "2005-06-30", "reportedCurrency": "USD", "grossProfit": "527129000", "totalRevenue": "1372808000", "costOfRevenue": "845679000", "costofGoodsAndServicesSold": "845679000", "operatingIncome": "126966000", "sellingGeneralAndAdministrative": "400163000", "researchAndDevelopment": "0", "operatingExpenses": "400163000", "investmentIncomeNet": "None", "netInterestIncome": "None", "interestIncome": "None", "interestExpense": "2017000", "nonInterestIncome": "None", "otherNonOperatingIncome": "None", "depreciation": "None", "depreciationAndAmortization": "26362000", "incomeBeforeTax": "128983000", "incomeTaxExpense": "47394000", "interestAndDebtExpense": "None", "netIncomeFromContinuingOperations": "0", "comprehensiveIncomeNetOfTax": "None", "ebit": "126193000", "ebitda": "152555000", "netIncome": "81589000"}, {"fiscalDateEnding": "2005-03-31", "reportedCurrency": "USD", "grossProfit": "498876000", "totalRevenue": "1334880000", "costOfRevenue": "836004000", "costofGoodsAndServicesSold": "836004000", "operatingIncome": "108676000", "sellingGeneralAndAdministrative": "390200000", "researchAndDevelopment": "0", "operatingExpenses": "390200000", "investmentIncomeNet": "None", "netInterestIncome": "None", "interestIncome": "None", "interestExpense": "6620000", "nonInterestIncome": "None", "otherNonOperatingIncome": "None", "depreciation": "None", "depreciationAndAmortization": "26434000", "incomeBeforeTax": "115296000", "incomeTaxExpense": "42504000", "interestAndDebtExpense": "None", "netIncomeFromContinuingOperations": "0", "comprehensiveIncomeNetOfTax": "None", "ebit": "82242000", "ebitda": "108676000", "netIncome": "72792000"}, {"fiscalDateEnding": "2004-12-31", "reportedCurrency": "USD", "grossProfit": "520077000", "totalRevenue": "1264955000", "costOfRevenue": "744878000", "costofGoodsAndServicesSold": "744878000", "operatingIncome": "124447000", "sellingGeneralAndAdministrative": "395856000", "researchAndDevelopment": "0", "operatingExpenses": "395856000", "investmentIncomeNet": "None", "netInterestIncome": "None", "interestIncome": "None", "interestExpense": "3350000", "nonInterestIncome": "None", "otherNonOperatingIncome": "None", "depreciation": "None", "depreciationAndAmortization": "21917000", "incomeBeforeTax": "127797000", "incomeTaxExpense": "37741000", "interestAndDebtExpense": "None", "netIncomeFromContinuingOperations": "0", "comprehensiveIncomeNetOfTax": "None", "ebit": "124221000", "ebitda": "146138000", "netIncome": "90056000"}]}