{"symbol": "STZ", "annualReports": [{"fiscalDateEnding": "2025-02-28", "reportedCurrency": "None", "grossProfit": "5314600000", "totalRevenue": "10208700000", "costOfRevenue": "4894100000", "costofGoodsAndServicesSold": "4894100000", "operatingIncome": "354900000", "sellingGeneralAndAdministrative": "None", "researchAndDevelopment": "None", "operatingExpenses": "1950000000", "investmentIncomeNet": "None", "netInterestIncome": "None", "interestIncome": "None", "interestExpense": "411400000", "nonInterestIncome": "None", "otherNonOperatingIncome": "None", "depreciation": "None", "depreciationAndAmortization": "849100000", "incomeBeforeTax": "-82800000", "incomeTaxExpense": "51700000", "interestAndDebtExpense": "None", "netIncomeFromContinuingOperations": "None", "comprehensiveIncomeNetOfTax": "None", "ebit": "-494200000", "ebitda": "354900000", "netIncome": "-81400000"}, {"fiscalDateEnding": "2024-02-29", "reportedCurrency": "USD", "grossProfit": "5017500000", "totalRevenue": "9961800000", "costOfRevenue": "4944300000", "costofGoodsAndServicesSold": "4944300000", "operatingIncome": "3169700000", "sellingGeneralAndAdministrative": "994300000", "researchAndDevelopment": "None", "operatingExpenses": "1847800000", "investmentIncomeNet": "None", "netInterestIncome": "-435400000", "interestIncome": "None", "interestExpense": "435400000", "nonInterestIncome": "None", "otherNonOperatingIncome": "None", "depreciation": "None", "depreciationAndAmortization": "429200000", "incomeBeforeTax": "2221800000", "incomeTaxExpense": "456600000", "interestAndDebtExpense": "None", "netIncomeFromContinuingOperations": "1765200000", "comprehensiveIncomeNetOfTax": "None", "ebit": "2655600000", "ebitda": "3084800000", "netIncome": "1727400000"}, {"fiscalDateEnding": "2023-02-28", "reportedCurrency": "USD", "grossProfit": "4769000000", "totalRevenue": "9452600000", "costOfRevenue": "4683600000", "costofGoodsAndServicesSold": "4683600000", "operatingIncome": "2842900000", "sellingGeneralAndAdministrative": "1065300000", "researchAndDevelopment": "None", "operatingExpenses": "1926100000", "investmentIncomeNet": "None", "netInterestIncome": "-398700000", "interestIncome": "2435100000", "interestExpense": "398700000", "nonInterestIncome": "None", "otherNonOperatingIncome": "None", "depreciation": "None", "depreciationAndAmortization": "476300000", "incomeBeforeTax": "383600000", "incomeTaxExpense": "422100000", "interestAndDebtExpense": "None", "netIncomeFromContinuingOperations": "-38500000", "comprehensiveIncomeNetOfTax": "None", "ebit": "781400000", "ebitda": "1257700000", "netIncome": "-38500000"}, {"fiscalDateEnding": "2022-02-28", "reportedCurrency": "USD", "grossProfit": "4707300000", "totalRevenue": "8820700000", "costOfRevenue": "4113400000", "costofGoodsAndServicesSold": "4113400000", "operatingIncome": "2331700000", "sellingGeneralAndAdministrative": "885000000", "researchAndDevelopment": "None", "operatingExpenses": "1711400000", "investmentIncomeNet": "None", "netInterestIncome": "-356400000", "interestIncome": "1991900000", "interestExpense": "356400000", "nonInterestIncome": "None", "otherNonOperatingIncome": "-1664900000", "depreciation": "None", "depreciationAndAmortization": "424300000", "incomeBeforeTax": "310400000", "incomeTaxExpense": "309400000", "interestAndDebtExpense": "None", "netIncomeFromContinuingOperations": "1000000", "comprehensiveIncomeNetOfTax": "None", "ebit": "662600000", "ebitda": "1086900000", "netIncome": "1000000"}, {"fiscalDateEnding": "2021-02-28", "reportedCurrency": "USD", "grossProfit": "4466000000", "totalRevenue": "8614900000", "costOfRevenue": "4148900000", "costofGoodsAndServicesSold": "4148900000", "operatingIncome": "2791100000", "sellingGeneralAndAdministrative": "860100000", "researchAndDevelopment": "None", "operatingExpenses": "1665100000", "investmentIncomeNet": "None", "netInterestIncome": "-385700000", "interestIncome": "235400000", "interestExpense": "385700000", "nonInterestIncome": "None", "otherNonOperatingIncome": "137500000", "depreciation": "None", "depreciationAndAmortization": "382400000", "incomeBeforeTax": "2542900000", "incomeTaxExpense": "511100000", "interestAndDebtExpense": "None", "netIncomeFromContinuingOperations": "2031800000", "comprehensiveIncomeNetOfTax": "None", "ebit": "2925700000", "ebitda": "3308100000", "netIncome": "1998000000"}, {"fiscalDateEnding": "2020-02-29", "reportedCurrency": "USD", "grossProfit": "4151900000", "totalRevenue": "8343500000", "costOfRevenue": "4191600000", "costofGoodsAndServicesSold": "4191600000", "operatingIncome": "2154500000", "sellingGeneralAndAdministrative": "852300000", "researchAndDevelopment": "None", "operatingExpenses": "1621800000", "investmentIncomeNet": "None", "netInterestIncome": "-428700000", "interestIncome": "3097300000", "interestExpense": "428700000", "nonInterestIncome": "None", "otherNonOperatingIncome": "-2671000000", "depreciation": "None", "depreciationAndAmortization": "431500000", "incomeBeforeTax": "-945200000", "incomeTaxExpense": "-966600000", "interestAndDebtExpense": "None", "netIncomeFromContinuingOperations": "21400000", "comprehensiveIncomeNetOfTax": "None", "ebit": "-516499999", "ebitda": "-84999999", "netIncome": "21400000"}, {"fiscalDateEnding": "2019-02-28", "reportedCurrency": "USD", "grossProfit": "4080300000", "totalRevenue": "8116000000", "costOfRevenue": "4035700000", "costofGoodsAndServicesSold": "4035700000", "operatingIncome": "2412200000", "sellingGeneralAndAdministrative": "967300000", "researchAndDevelopment": "None", "operatingExpenses": "1668100000", "investmentIncomeNet": "None", "netInterestIncome": "-367100000", "interestIncome": "1734500000", "interestExpense": "367100000", "nonInterestIncome": "None", "otherNonOperatingIncome": "2099900000", "depreciation": "None", "depreciationAndAmortization": "447100000", "incomeBeforeTax": "4145000000", "incomeTaxExpense": "685900000", "interestAndDebtExpense": "None", "netIncomeFromContinuingOperations": "3459100000", "comprehensiveIncomeNetOfTax": "None", "ebit": "4559100000", "ebitda": "5006200000", "netIncome": "3435900000"}, {"fiscalDateEnding": "2018-02-28", "reportedCurrency": "USD", "grossProfit": "3817200000", "totalRevenue": "7585000000", "costOfRevenue": "3767800000", "costofGoodsAndServicesSold": "3767800000", "operatingIncome": "2284500000", "sellingGeneralAndAdministrative": "917000000", "researchAndDevelopment": "0", "operatingExpenses": "1532700000", "investmentIncomeNet": "None", "netInterestIncome": "-332000000", "interestIncome": "155200000", "interestExpense": "332000000", "nonInterestIncome": "None", "otherNonOperatingIncome": "487200000", "depreciation": "None", "depreciationAndAmortization": "386500000", "incomeBeforeTax": "2342700000", "incomeTaxExpense": "11900000", "interestAndDebtExpense": "None", "netIncomeFromContinuingOperations": "2330800000", "comprehensiveIncomeNetOfTax": "None", "ebit": "2674500000", "ebitda": "3061000000", "netIncome": "2318900000"}, {"fiscalDateEnding": "2017-02-28", "reportedCurrency": "USD", "grossProfit": "3529400000", "totalRevenue": "7331500000", "costOfRevenue": "3802100000", "costofGoodsAndServicesSold": "3802100000", "operatingIncome": "2399400000", "sellingGeneralAndAdministrative": "839600000", "researchAndDevelopment": "0", "operatingExpenses": "1392400000", "investmentIncomeNet": "None", "netInterestIncome": "-333300000", "interestIncome": "306000000", "interestExpense": "333300000", "nonInterestIncome": "None", "otherNonOperatingIncome": "27300000", "depreciation": "None", "depreciationAndAmortization": "293900000", "incomeBeforeTax": "2093400000", "incomeTaxExpense": "554200000", "interestAndDebtExpense": "None", "netIncomeFromContinuingOperations": "1539200000", "comprehensiveIncomeNetOfTax": "None", "ebit": "2424500000", "ebitda": "2718400000", "netIncome": "1535100000"}, {"fiscalDateEnding": "2016-02-29", "reportedCurrency": "USD", "grossProfit": "2942300000", "totalRevenue": "6548400000", "costOfRevenue": "3606100000", "costofGoodsAndServicesSold": "3606100000", "operatingIncome": "1765100000", "sellingGeneralAndAdministrative": "708900000", "researchAndDevelopment": "0", "operatingExpenses": "1177200000", "investmentIncomeNet": "None", "netInterestIncome": "None", "interestIncome": "262800000", "interestExpense": "313900000", "nonInterestIncome": "None", "otherNonOperatingIncome": "50000000", "depreciation": "None", "depreciationAndAmortization": "221000000", "incomeBeforeTax": "1501200000", "incomeTaxExpense": "440600000", "interestAndDebtExpense": "None", "netIncomeFromContinuingOperations": "1060600000", "comprehensiveIncomeNetOfTax": "None", "ebit": "1807700000", "ebitda": "2028700000", "netIncome": "1054900000"}, {"fiscalDateEnding": "2015-02-28", "reportedCurrency": "USD", "grossProfit": "2578600000", "totalRevenue": "6028000000", "costOfRevenue": "3449400000", "costofGoodsAndServicesSold": "3449400000", "operatingIncome": "1500200000", "sellingGeneralAndAdministrative": "672300000", "researchAndDevelopment": "0", "operatingExpenses": "1078400000", "investmentIncomeNet": "None", "netInterestIncome": "None", "interestIncome": "None", "interestExpense": "337700000", "nonInterestIncome": "None", "otherNonOperatingIncome": "21500000", "depreciation": "None", "depreciationAndAmortization": "202000000", "incomeBeforeTax": "1179600000", "incomeTaxExpense": "343400000", "interestAndDebtExpense": "None", "netIncomeFromContinuingOperations": "836200000", "comprehensiveIncomeNetOfTax": "None", "ebit": "1510300000", "ebitda": "1712300000", "netIncome": "839300000"}, {"fiscalDateEnding": "2014-02-28", "reportedCurrency": "USD", "grossProfit": "1991700000", "totalRevenue": "4867700000", "costOfRevenue": "2876000000", "costofGoodsAndServicesSold": "2876000000", "operatingIncome": "2437700000", "sellingGeneralAndAdministrative": "616600000", "researchAndDevelopment": "0", "operatingExpenses": "895100000", "investmentIncomeNet": "None", "netInterestIncome": "None", "interestIncome": "None", "interestExpense": "323200000", "nonInterestIncome": "None", "otherNonOperatingIncome": "87800000", "depreciation": "None", "depreciationAndAmortization": "155300000", "incomeBeforeTax": "2202300000", "incomeTaxExpense": "259200000", "interestAndDebtExpense": "None", "netIncomeFromContinuingOperations": "1943100000", "comprehensiveIncomeNetOfTax": "None", "ebit": "2541200000", "ebitda": "2696500000", "netIncome": "1943100000"}, {"fiscalDateEnding": "2013-02-28", "reportedCurrency": "USD", "grossProfit": "1108300000", "totalRevenue": "2796100000", "costOfRevenue": "1687800000", "costofGoodsAndServicesSold": "1687800000", "operatingIncome": "522900000", "sellingGeneralAndAdministrative": "462800000", "researchAndDevelopment": "0", "operatingExpenses": "584700000", "investmentIncomeNet": "None", "netInterestIncome": "None", "interestIncome": "None", "interestExpense": "227100000", "nonInterestIncome": "None", "otherNonOperatingIncome": "233100000", "depreciation": "None", "depreciationAndAmortization": "115400000", "incomeBeforeTax": "516400000", "incomeTaxExpense": "128600000", "interestAndDebtExpense": "None", "netIncomeFromContinuingOperations": "387800000", "comprehensiveIncomeNetOfTax": "None", "ebit": "741800000", "ebitda": "857200000", "netIncome": "387800000"}, {"fiscalDateEnding": "2012-02-29", "reportedCurrency": "USD", "grossProfit": "1062100000", "totalRevenue": "2654300000", "costOfRevenue": "1592200000", "costofGoodsAndServicesSold": "1592200000", "operatingIncome": "486500000", "sellingGeneralAndAdministrative": "521500000", "researchAndDevelopment": "0", "operatingExpenses": "521500000", "investmentIncomeNet": "None", "netInterestIncome": "None", "interestIncome": "None", "interestExpense": "181000000", "nonInterestIncome": "None", "otherNonOperatingIncome": "None", "depreciation": "None", "depreciationAndAmortization": "110300000", "incomeBeforeTax": "534000000", "incomeTaxExpense": "89000000", "interestAndDebtExpense": "None", "netIncomeFromContinuingOperations": "None", "comprehensiveIncomeNetOfTax": "None", "ebit": "723300000", "ebitda": "833600000", "netIncome": "445000000"}, {"fiscalDateEnding": "2011-02-28", "reportedCurrency": "USD", "grossProfit": "1190100000", "totalRevenue": "3332000000", "costOfRevenue": "2141900000", "costofGoodsAndServicesSold": "2141900000", "operatingIncome": "502500000", "sellingGeneralAndAdministrative": "640900000", "researchAndDevelopment": "0", "operatingExpenses": "640900000", "investmentIncomeNet": "None", "netInterestIncome": "None", "interestIncome": "None", "interestExpense": "195300000", "nonInterestIncome": "None", "otherNonOperatingIncome": "243800000", "depreciation": "None", "depreciationAndAmortization": "133800000", "incomeBeforeTax": "551000000", "incomeTaxExpense": "-8500000", "interestAndDebtExpense": "None", "netIncomeFromContinuingOperations": "559500000", "comprehensiveIncomeNetOfTax": "None", "ebit": "749800000", "ebitda": "883600000", "netIncome": "559500000"}, {"fiscalDateEnding": "2010-02-28", "reportedCurrency": "USD", "grossProfit": "1144800000", "totalRevenue": "3364800000", "costOfRevenue": "2220000000", "costofGoodsAndServicesSold": "2220000000", "operatingIncome": "311500000", "sellingGeneralAndAdministrative": "682300000", "researchAndDevelopment": "None", "operatingExpenses": "682300000", "investmentIncomeNet": "None", "netInterestIncome": "None", "interestIncome": "None", "interestExpense": "265100000", "nonInterestIncome": "None", "otherNonOperatingIncome": "None", "depreciation": "None", "depreciationAndAmortization": "155900000", "incomeBeforeTax": "259300000", "incomeTaxExpense": "160000000", "interestAndDebtExpense": "None", "netIncomeFromContinuingOperations": "None", "comprehensiveIncomeNetOfTax": "None", "ebit": "506700000", "ebitda": "662600000", "netIncome": "99300000"}, {"fiscalDateEnding": "2009-02-28", "reportedCurrency": "USD", "grossProfit": "1230000000", "totalRevenue": "3654600000", "costOfRevenue": "2424600000", "costofGoodsAndServicesSold": "2424600000", "operatingIncome": "23000000", "sellingGeneralAndAdministrative": "830400000", "researchAndDevelopment": "None", "operatingExpenses": "830400000", "investmentIncomeNet": "None", "netInterestIncome": "None", "interestIncome": "None", "interestExpense": "506400000", "nonInterestIncome": "None", "otherNonOperatingIncome": "None", "depreciation": "None", "depreciationAndAmortization": "157000000", "incomeBeforeTax": "-106800000", "incomeTaxExpense": "194600000", "interestAndDebtExpense": "None", "netIncomeFromContinuingOperations": "None", "comprehensiveIncomeNetOfTax": "None", "ebit": "217400000", "ebitda": "374400000", "netIncome": "-301400000"}, {"fiscalDateEnding": "2008-02-29", "reportedCurrency": "USD", "grossProfit": "1281500000", "totalRevenue": "3773000000", "costOfRevenue": "2491500000", "costofGoodsAndServicesSold": "2491500000", "operatingIncome": "-356700000", "sellingGeneralAndAdministrative": "807300000", "researchAndDevelopment": "None", "operatingExpenses": "807300000", "investmentIncomeNet": "None", "netInterestIncome": "None", "interestIncome": "None", "interestExpense": "914800000", "nonInterestIncome": "None", "otherNonOperatingIncome": "None", "depreciation": "None", "depreciationAndAmortization": "165900000", "incomeBeforeTax": "-440600000", "incomeTaxExpense": "172700000", "interestAndDebtExpense": "None", "netIncomeFromContinuingOperations": "None", "comprehensiveIncomeNetOfTax": "None", "ebit": "-100200001", "ebitda": "65699999", "netIncome": "-613300000"}, {"fiscalDateEnding": "2007-02-28", "reportedCurrency": "USD", "grossProfit": "1523900000", "totalRevenue": "5216400000", "costOfRevenue": "3692500000", "costofGoodsAndServicesSold": "3692500000", "operatingIncome": "699000000", "sellingGeneralAndAdministrative": "768800000", "researchAndDevelopment": "None", "operatingExpenses": "768800000", "investmentIncomeNet": "None", "netInterestIncome": "None", "interestIncome": "None", "interestExpense": "219800000", "nonInterestIncome": "None", "otherNonOperatingIncome": "None", "depreciation": "None", "depreciationAndAmortization": "139300000", "incomeBeforeTax": "535300000", "incomeTaxExpense": "203400000", "interestAndDebtExpense": "None", "netIncomeFromContinuingOperations": "None", "comprehensiveIncomeNetOfTax": "None", "ebit": "815300000", "ebitda": "954600000", "netIncome": "331900000"}, {"fiscalDateEnding": "2006-02-28", "reportedCurrency": "USD", "grossProfit": "1324591000", "totalRevenue": "4603448000", "costOfRevenue": "3278857000", "costofGoodsAndServicesSold": "3278857000", "operatingIncome": "666115000", "sellingGeneralAndAdministrative": "612404000", "researchAndDevelopment": "None", "operatingExpenses": "612404000", "investmentIncomeNet": "None", "netInterestIncome": "None", "interestIncome": "None", "interestExpense": "234929000", "nonInterestIncome": "None", "otherNonOperatingIncome": "None", "depreciation": "None", "depreciationAndAmortization": "128175000", "incomeBeforeTax": "477258000", "incomeTaxExpense": "151996000", "interestAndDebtExpense": "None", "netIncomeFromContinuingOperations": "None", "comprehensiveIncomeNetOfTax": "None", "ebit": "712125000", "ebitda": "840300000", "netIncome": "325262000"}], "quarterlyReports": [{"fiscalDateEnding": "2025-02-28", "reportedCurrency": "None", "grossProfit": "1114700000", "totalRevenue": "2164200000", "costOfRevenue": "1049500000", "costofGoodsAndServicesSold": "1049500000", "operatingIncome": "-150300000", "sellingGeneralAndAdministrative": "None", "researchAndDevelopment": "None", "operatingExpenses": "505300000", "investmentIncomeNet": "None", "netInterestIncome": "None", "interestIncome": "None", "interestExpense": "100200000", "nonInterestIncome": "None", "otherNonOperatingIncome": "None", "depreciation": "None", "depreciationAndAmortization": "292500000", "incomeBeforeTax": "-342600000", "incomeTaxExpense": "-28000000", "interestAndDebtExpense": "None", "netIncomeFromContinuingOperations": "None", "comprehensiveIncomeNetOfTax": "None", "ebit": "-442800000", "ebitda": "-150300000", "netIncome": "-375300000"}, {"fiscalDateEnding": "2024-11-30", "reportedCurrency": "USD", "grossProfit": "1284300000", "totalRevenue": "2463800000", "costOfRevenue": "1179500000", "costofGoodsAndServicesSold": "1179500000", "operatingIncome": "793000000", "sellingGeneralAndAdministrative": "491300000", "researchAndDevelopment": "None", "operatingExpenses": "491300000", "investmentIncomeNet": "None", "netInterestIncome": "-104400000", "interestIncome": "None", "interestExpense": "104400000", "nonInterestIncome": "None", "otherNonOperatingIncome": "None", "depreciation": "None", "depreciationAndAmortization": "119000000", "incomeBeforeTax": "673600000", "incomeTaxExpense": "44500000", "interestAndDebtExpense": "None", "netIncomeFromContinuingOperations": "629100000", "comprehensiveIncomeNetOfTax": "None", "ebit": "778000000", "ebitda": "897000000", "netIncome": "615900000"}, {"fiscalDateEnding": "2024-08-31", "reportedCurrency": "USD", "grossProfit": "1511800000", "totalRevenue": "2918900000", "costOfRevenue": "1407100000", "costofGoodsAndServicesSold": "1407100000", "operatingIncome": "-1229400000", "sellingGeneralAndAdministrative": "491200000", "researchAndDevelopment": "None", "operatingExpenses": "2741200000", "investmentIncomeNet": "None", "netInterestIncome": "-104000000", "interestIncome": "None", "interestExpense": "104000000", "nonInterestIncome": "None", "otherNonOperatingIncome": "None", "depreciation": "None", "depreciationAndAmortization": "109200000", "incomeBeforeTax": "-1334600000", "incomeTaxExpense": "-152200000", "interestAndDebtExpense": "None", "netIncomeFromContinuingOperations": "-1182400000", "comprehensiveIncomeNetOfTax": "None", "ebit": "-1230600000", "ebitda": "-1121400000", "netIncome": "-1199000000"}, {"fiscalDateEnding": "2024-05-31", "reportedCurrency": "USD", "grossProfit": "1387600000", "totalRevenue": "2661700000", "costOfRevenue": "1274100000", "costofGoodsAndServicesSold": "1274100000", "operatingIncome": "926200000", "sellingGeneralAndAdministrative": "462200000", "researchAndDevelopment": "None", "operatingExpenses": "461400000", "investmentIncomeNet": "None", "netInterestIncome": "-102800000", "interestIncome": "None", "interestExpense": "102800000", "nonInterestIncome": "None", "otherNonOperatingIncome": "None", "depreciation": "None", "depreciationAndAmortization": "111900000", "incomeBeforeTax": "920800000", "incomeTaxExpense": "28000000", "interestAndDebtExpense": "None", "netIncomeFromContinuingOperations": "892800000", "comprehensiveIncomeNetOfTax": "None", "ebit": "1023400000", "ebitda": "1135300000", "netIncome": "877000000"}, {"fiscalDateEnding": "2024-02-29", "reportedCurrency": "USD", "grossProfit": "1012900000", "totalRevenue": "2139100000", "costOfRevenue": "1126200000", "costofGoodsAndServicesSold": "1126200000", "operatingIncome": "630900000", "sellingGeneralAndAdministrative": "471500000", "researchAndDevelopment": "None", "operatingExpenses": "382000000", "investmentIncomeNet": "None", "netInterestIncome": "-102400000", "interestIncome": "None", "interestExpense": "102400000", "nonInterestIncome": "None", "otherNonOperatingIncome": "None", "depreciation": "None", "depreciationAndAmortization": "106400000", "incomeBeforeTax": "492600000", "incomeTaxExpense": "88200000", "interestAndDebtExpense": "None", "netIncomeFromContinuingOperations": "404400000", "comprehensiveIncomeNetOfTax": "None", "ebit": "595000000", "ebitda": "701400000", "netIncome": "392400000"}, {"fiscalDateEnding": "2023-11-30", "reportedCurrency": "USD", "grossProfit": "1270600000", "totalRevenue": "2470900000", "costOfRevenue": "1200300000", "costofGoodsAndServicesSold": "1200300000", "operatingIncome": "796900000", "sellingGeneralAndAdministrative": "473700000", "researchAndDevelopment": "None", "operatingExpenses": "473700000", "investmentIncomeNet": "None", "netInterestIncome": "-104200000", "interestIncome": "None", "interestExpense": "104200000", "nonInterestIncome": "None", "otherNonOperatingIncome": "None", "depreciation": "None", "depreciationAndAmortization": "108100000", "incomeBeforeTax": "650900000", "incomeTaxExpense": "130000000", "interestAndDebtExpense": "None", "netIncomeFromContinuingOperations": "520900000", "comprehensiveIncomeNetOfTax": "None", "ebit": "755100000", "ebitda": "863200000", "netIncome": "509100000"}, {"fiscalDateEnding": "2023-08-31", "reportedCurrency": "USD", "grossProfit": "1449900000", "totalRevenue": "2836800000", "costOfRevenue": "1386900000", "costofGoodsAndServicesSold": "1386900000", "operatingIncome": "978700000", "sellingGeneralAndAdministrative": "452600000", "researchAndDevelopment": "None", "operatingExpenses": "471200000", "investmentIncomeNet": "None", "netInterestIncome": "-110600000", "interestIncome": "130800000", "interestExpense": "110600000", "nonInterestIncome": "None", "otherNonOperatingIncome": "None", "depreciation": "None", "depreciationAndAmortization": "108400000", "incomeBeforeTax": "847900000", "incomeTaxExpense": "147200000", "interestAndDebtExpense": "None", "netIncomeFromContinuingOperations": "700700000", "comprehensiveIncomeNetOfTax": "None", "ebit": "978700000", "ebitda": "1087100000", "netIncome": "690000000"}, {"fiscalDateEnding": "2023-05-31", "reportedCurrency": "USD", "grossProfit": "1257800000", "totalRevenue": "2514900000", "costOfRevenue": "1257100000", "costofGoodsAndServicesSold": "1257100000", "operatingIncome": "764700000", "sellingGeneralAndAdministrative": "465200000", "researchAndDevelopment": "None", "operatingExpenses": "493100000", "investmentIncomeNet": "None", "netInterestIncome": "-118200000", "interestIncome": "533600000", "interestExpense": "118200000", "nonInterestIncome": "None", "otherNonOperatingIncome": "None", "depreciation": "None", "depreciationAndAmortization": "127700000", "incomeBeforeTax": "230400000", "incomeTaxExpense": "91200000", "interestAndDebtExpense": "None", "netIncomeFromContinuingOperations": "139200000", "comprehensiveIncomeNetOfTax": "None", "ebit": "348400000", "ebitda": "476100000", "netIncome": "135900000"}, {"fiscalDateEnding": "2023-02-28", "reportedCurrency": "USD", "grossProfit": "961200000", "totalRevenue": "1997800000", "costOfRevenue": "1036600000", "costofGoodsAndServicesSold": "1036600000", "operatingIncome": "466700000", "sellingGeneralAndAdministrative": "366300000", "researchAndDevelopment": "None", "operatingExpenses": "494500000", "investmentIncomeNet": "None", "netInterestIncome": "-117200000", "interestIncome": "209400000", "interestExpense": "117200000", "nonInterestIncome": "None", "otherNonOperatingIncome": "None", "depreciation": "None", "depreciationAndAmortization": "105400000", "incomeBeforeTax": "256400000", "incomeTaxExpense": "33200000", "interestAndDebtExpense": "None", "netIncomeFromContinuingOperations": "223200000", "comprehensiveIncomeNetOfTax": "None", "ebit": "373600000", "ebitda": "479000000", "netIncome": "223000000"}, {"fiscalDateEnding": "2022-11-30", "reportedCurrency": "USD", "grossProfit": "1226900000", "totalRevenue": "2436500000", "costOfRevenue": "1209600000", "costofGoodsAndServicesSold": "1209600000", "operatingIncome": "746700000", "sellingGeneralAndAdministrative": "480200000", "researchAndDevelopment": "None", "operatingExpenses": "480200000", "investmentIncomeNet": "None", "netInterestIncome": "-98700000", "interestIncome": "135900000", "interestExpense": "98700000", "nonInterestIncome": "None", "otherNonOperatingIncome": "-37200000", "depreciation": "None", "depreciationAndAmortization": "118100000", "incomeBeforeTax": "610800000", "incomeTaxExpense": "131100000", "interestAndDebtExpense": "None", "netIncomeFromContinuingOperations": "479700000", "comprehensiveIncomeNetOfTax": "None", "ebit": "709300000", "ebitda": "827400000", "netIncome": "467700000"}, {"fiscalDateEnding": "2022-08-31", "reportedCurrency": "USD", "grossProfit": "1325900000", "totalRevenue": "2655100000", "costOfRevenue": "1329200000", "costofGoodsAndServicesSold": "1329200000", "operatingIncome": "163600000", "sellingGeneralAndAdministrative": "512800000", "researchAndDevelopment": "None", "operatingExpenses": "512800000", "investmentIncomeNet": "None", "netInterestIncome": "-94300000", "interestIncome": "1813400000", "interestExpense": "94300000", "nonInterestIncome": "None", "otherNonOperatingIncome": "-1727100000", "depreciation": "None", "depreciationAndAmortization": "114500000", "incomeBeforeTax": "-1008300000", "incomeTaxExpense": "132400000", "interestAndDebtExpense": "None", "netIncomeFromContinuingOperations": "-1140700000", "comprehensiveIncomeNetOfTax": "None", "ebit": "-914100000", "ebitda": "-799600000", "netIncome": "-1140700000"}, {"fiscalDateEnding": "2022-05-31", "reportedCurrency": "USD", "grossProfit": "1255000000", "totalRevenue": "2363200000", "costOfRevenue": "1108200000", "costofGoodsAndServicesSold": "1108200000", "operatingIncome": "650900000", "sellingGeneralAndAdministrative": "438600000", "researchAndDevelopment": "None", "operatingExpenses": "438600000", "investmentIncomeNet": "None", "netInterestIncome": "-88500000", "interestIncome": "276400000", "interestExpense": "88500000", "nonInterestIncome": "None", "otherNonOperatingIncome": "None", "depreciation": "None", "depreciationAndAmortization": "115300000", "incomeBeforeTax": "524700000", "incomeTaxExpense": "125400000", "interestAndDebtExpense": "None", "netIncomeFromContinuingOperations": "399300000", "comprehensiveIncomeNetOfTax": "None", "ebit": "612700000", "ebitda": "728000000", "netIncome": "389500000"}, {"fiscalDateEnding": "2022-02-28", "reportedCurrency": "USD", "grossProfit": "1132600000", "totalRevenue": "2102500000", "costOfRevenue": "969900000", "costofGoodsAndServicesSold": "969900000", "operatingIncome": "677500000", "sellingGeneralAndAdministrative": "371500000", "researchAndDevelopment": "None", "operatingExpenses": "454900000", "investmentIncomeNet": "None", "netInterestIncome": "-85900000", "interestIncome": "179600000", "interestExpense": "85900000", "nonInterestIncome": "None", "otherNonOperatingIncome": "-93700000", "depreciation": "None", "depreciationAndAmortization": "111000000", "incomeBeforeTax": "497900000", "incomeTaxExpense": "92300000", "interestAndDebtExpense": "None", "netIncomeFromContinuingOperations": "405600000", "comprehensiveIncomeNetOfTax": "None", "ebit": "581400000", "ebitda": "692400000", "netIncome": "395400000"}, {"fiscalDateEnding": "2021-11-30", "reportedCurrency": "USD", "grossProfit": "1225700000", "totalRevenue": "2320600000", "costOfRevenue": "1094900000", "costofGoodsAndServicesSold": "1094900000", "operatingIncome": "839900000", "sellingGeneralAndAdministrative": "385800000", "researchAndDevelopment": "None", "operatingExpenses": "385800000", "investmentIncomeNet": "None", "netInterestIncome": "-88000000", "interestIncome": "259800000", "interestExpense": "88000000", "nonInterestIncome": "None", "otherNonOperatingIncome": "-171800000", "depreciation": "None", "depreciationAndAmortization": "108600000", "incomeBeforeTax": "580100000", "incomeTaxExpense": "99300000", "interestAndDebtExpense": "None", "netIncomeFromContinuingOperations": "480800000", "comprehensiveIncomeNetOfTax": "None", "ebit": "667800000", "ebitda": "776400000", "netIncome": "470800000"}, {"fiscalDateEnding": "2021-08-31", "reportedCurrency": "USD", "grossProfit": "1229700000", "totalRevenue": "2371100000", "costOfRevenue": "1141400000", "costofGoodsAndServicesSold": "1141400000", "operatingIncome": "739200000", "sellingGeneralAndAdministrative": "490500000", "researchAndDevelopment": "None", "operatingExpenses": "490500000", "investmentIncomeNet": "None", "netInterestIncome": "-95800000", "interestIncome": "566600000", "interestExpense": "95800000", "nonInterestIncome": "None", "otherNonOperatingIncome": "-500200000", "depreciation": "None", "depreciationAndAmortization": "107800000", "incomeBeforeTax": "143200000", "incomeTaxExpense": "131300000", "interestAndDebtExpense": "None", "netIncomeFromContinuingOperations": "11900000", "comprehensiveIncomeNetOfTax": "None", "ebit": "239000000", "ebitda": "346800000", "netIncome": "1500000"}, {"fiscalDateEnding": "2021-05-31", "reportedCurrency": "USD", "grossProfit": "1119300000", "totalRevenue": "2026500000", "costOfRevenue": "907200000", "costofGoodsAndServicesSold": "907200000", "operatingIncome": "75100000", "sellingGeneralAndAdministrative": "378300000", "researchAndDevelopment": "None", "operatingExpenses": "378300000", "investmentIncomeNet": "None", "netInterestIncome": "-86700000", "interestIncome": "985900000", "interestExpense": "86700000", "nonInterestIncome": "None", "otherNonOperatingIncome": "-899200000", "depreciation": "None", "depreciationAndAmortization": "96900000", "incomeBeforeTax": "-910800000", "incomeTaxExpense": "-13500000", "interestAndDebtExpense": "None", "netIncomeFromContinuingOperations": "-897300000", "comprehensiveIncomeNetOfTax": "None", "ebit": "-824100000", "ebitda": "-727200000", "netIncome": "-908100000"}, {"fiscalDateEnding": "2021-02-28", "reportedCurrency": "USD", "grossProfit": "993700000", "totalRevenue": "1953000000", "costOfRevenue": "959300000", "costofGoodsAndServicesSold": "959300000", "operatingIncome": "559300000", "sellingGeneralAndAdministrative": "463000000", "researchAndDevelopment": "None", "operatingExpenses": "453300000", "investmentIncomeNet": "None", "netInterestIncome": "-89800000", "interestIncome": "70000000", "interestExpense": "89800000", "nonInterestIncome": "None", "otherNonOperatingIncome": "15800000", "depreciation": "None", "depreciationAndAmortization": "74600000", "incomeBeforeTax": "485300000", "incomeTaxExpense": "94700000", "interestAndDebtExpense": "None", "netIncomeFromContinuingOperations": "390600000", "comprehensiveIncomeNetOfTax": "None", "ebit": "575100000", "ebitda": "649700000", "netIncome": "382900000"}, {"fiscalDateEnding": "2020-11-30", "reportedCurrency": "USD", "grossProfit": "1268200000", "totalRevenue": "2438100000", "costOfRevenue": "1169900000", "costofGoodsAndServicesSold": "1169900000", "operatingIncome": "783100000", "sellingGeneralAndAdministrative": "463000000", "researchAndDevelopment": "None", "operatingExpenses": "463800000", "investmentIncomeNet": "None", "netInterestIncome": "-95700000", "interestIncome": "686700000", "interestExpense": "95700000", "nonInterestIncome": "None", "otherNonOperatingIncome": "781200000", "depreciation": "None", "depreciationAndAmortization": "76500000", "incomeBeforeTax": "1468600000", "incomeTaxExpense": "176600000", "interestAndDebtExpense": "None", "netIncomeFromContinuingOperations": "1292000000", "comprehensiveIncomeNetOfTax": "None", "ebit": "1564300000", "ebitda": "1640800000", "netIncome": "1280900000"}, {"fiscalDateEnding": "2020-08-31", "reportedCurrency": "USD", "grossProfit": "1215800000", "totalRevenue": "2260400000", "costOfRevenue": "1044600000", "costofGoodsAndServicesSold": "1044600000", "operatingIncome": "838700000", "sellingGeneralAndAdministrative": "399100000", "researchAndDevelopment": "None", "operatingExpenses": "399100000", "investmentIncomeNet": "None", "netInterestIncome": "-100200000", "interestIncome": "180900000", "interestExpense": "100200000", "nonInterestIncome": "None", "otherNonOperatingIncome": "-81300000", "depreciation": "None", "depreciationAndAmortization": "71700000", "incomeBeforeTax": "657200000", "incomeTaxExpense": "135400000", "interestAndDebtExpense": "None", "netIncomeFromContinuingOperations": "521800000", "comprehensiveIncomeNetOfTax": "None", "ebit": "757400000", "ebitda": "829100000", "netIncome": "512100000"}, {"fiscalDateEnding": "2020-05-31", "reportedCurrency": "USD", "grossProfit": "988300000", "totalRevenue": "1963400000", "costOfRevenue": "975100000", "costofGoodsAndServicesSold": "975100000", "operatingIncome": "610000000", "sellingGeneralAndAdministrative": "353300000", "researchAndDevelopment": "None", "operatingExpenses": "353300000", "investmentIncomeNet": "None", "netInterestIncome": "-100000000", "interestIncome": "671200000", "interestExpense": "100000000", "nonInterestIncome": "None", "otherNonOperatingIncome": "-578200000", "depreciation": "None", "depreciationAndAmortization": "71000000", "incomeBeforeTax": "-68200000", "incomeTaxExpense": "104400000", "interestAndDebtExpense": "None", "netIncomeFromContinuingOperations": "-172600000", "comprehensiveIncomeNetOfTax": "None", "ebit": "635000000", "ebitda": "706000000", "netIncome": "-177900000"}, {"fiscalDateEnding": "2020-02-29", "reportedCurrency": "USD", "grossProfit": "949800000", "totalRevenue": "1902900000", "costOfRevenue": "953100000", "costofGoodsAndServicesSold": "953100000", "operatingIncome": "545100000", "sellingGeneralAndAdministrative": "417200000", "researchAndDevelopment": "None", "operatingExpenses": "370100000", "investmentIncomeNet": "None", "netInterestIncome": "-99400000", "interestIncome": "56200000", "interestExpense": "99400000", "nonInterestIncome": "None", "otherNonOperatingIncome": "43200000", "depreciation": "None", "depreciationAndAmortization": "77600000", "incomeBeforeTax": "488900000", "incomeTaxExpense": "79900000", "interestAndDebtExpense": "None", "netIncomeFromContinuingOperations": "409000000", "comprehensiveIncomeNetOfTax": "None", "ebit": "622400000", "ebitda": "700000000", "netIncome": "398400000"}, {"fiscalDateEnding": "2019-11-30", "reportedCurrency": "USD", "grossProfit": "987500000", "totalRevenue": "1999400000", "costOfRevenue": "1011900000", "costofGoodsAndServicesSold": "1011900000", "operatingIncome": "267200000", "sellingGeneralAndAdministrative": "406300000", "researchAndDevelopment": "None", "operatingExpenses": "406300000", "investmentIncomeNet": "None", "netInterestIncome": "-103100000", "interestIncome": "559600000", "interestExpense": "103100000", "nonInterestIncome": "None", "otherNonOperatingIncome": "-456500000", "depreciation": "None", "depreciationAndAmortization": "79800000", "incomeBeforeTax": "-292400000", "incomeTaxExpense": "-658900000", "interestAndDebtExpense": "None", "netIncomeFromContinuingOperations": "366500000", "comprehensiveIncomeNetOfTax": "None", "ebit": "-183300000", "ebitda": "-103500000", "netIncome": "360400000"}, {"fiscalDateEnding": "2019-08-31", "reportedCurrency": "USD", "grossProfit": "1185900000", "totalRevenue": "2344000000", "costOfRevenue": "1158100000", "costofGoodsAndServicesSold": "1158100000", "operatingIncome": "719500000", "sellingGeneralAndAdministrative": "466400000", "researchAndDevelopment": "None", "operatingExpenses": "466400000", "investmentIncomeNet": "None", "netInterestIncome": "-111600000", "interestIncome": "1436300000", "interestExpense": "111600000", "nonInterestIncome": "None", "otherNonOperatingIncome": "-1327100000", "depreciation": "None", "depreciationAndAmortization": "82500000", "incomeBeforeTax": "-719200000", "incomeTaxExpense": "-202200000", "interestAndDebtExpense": "None", "netIncomeFromContinuingOperations": "-517000000", "comprehensiveIncomeNetOfTax": "None", "ebit": "-601300000", "ebitda": "-518800000", "netIncome": "-525200000"}, {"fiscalDateEnding": "2019-05-31", "reportedCurrency": "USD", "grossProfit": "1028700000", "totalRevenue": "2097200000", "costOfRevenue": "1068500000", "costofGoodsAndServicesSold": "1068500000", "operatingIncome": "622700000", "sellingGeneralAndAdministrative": "406000000", "researchAndDevelopment": "None", "operatingExpenses": "406000000", "investmentIncomeNet": "None", "netInterestIncome": "-114600000", "interestIncome": "1045200000", "interestExpense": "114600000", "nonInterestIncome": "None", "otherNonOperatingIncome": "-930600000", "depreciation": "None", "depreciationAndAmortization": "86600000", "incomeBeforeTax": "-422500000", "incomeTaxExpense": "-185400000", "interestAndDebtExpense": "None", "netIncomeFromContinuingOperations": "-237100000", "comprehensiveIncomeNetOfTax": "None", "ebit": "-302100000", "ebitda": "-215500000", "netIncome": "-245400000"}, {"fiscalDateEnding": "2019-02-28", "reportedCurrency": "USD", "grossProfit": "893500000", "totalRevenue": "1797200000", "costOfRevenue": "903700000", "costofGoodsAndServicesSold": "903700000", "operatingIncome": "465300000", "sellingGeneralAndAdministrative": "272600000", "researchAndDevelopment": "0", "operatingExpenses": "428200000", "investmentIncomeNet": "None", "netInterestIncome": "-118500000", "interestIncome": "None", "interestExpense": "118500000", "nonInterestIncome": "None", "otherNonOperatingIncome": "1183400000", "depreciation": "None", "depreciationAndAmortization": "78500000", "incomeBeforeTax": "1530200000", "incomeTaxExpense": "280800000", "interestAndDebtExpense": "None", "netIncomeFromContinuingOperations": "1249400000", "comprehensiveIncomeNetOfTax": "None", "ebit": "386800000", "ebitda": "465300000", "netIncome": "1239500000"}, {"fiscalDateEnding": "2018-11-30", "reportedCurrency": "USD", "grossProfit": "970000000", "totalRevenue": "1972600000", "costOfRevenue": "1002600000", "costofGoodsAndServicesSold": "1002600000", "operatingIncome": "556500000", "sellingGeneralAndAdministrative": "413500000", "researchAndDevelopment": "0", "operatingExpenses": "413500000", "investmentIncomeNet": "None", "netInterestIncome": "None", "interestIncome": "None", "interestExpense": "72800000", "nonInterestIncome": "None", "otherNonOperatingIncome": "-136300000", "depreciation": "None", "depreciationAndAmortization": "85800000", "incomeBeforeTax": "347400000", "incomeTaxExpense": "35300000", "interestAndDebtExpense": "None", "netIncomeFromContinuingOperations": "312100000", "comprehensiveIncomeNetOfTax": "None", "ebit": "556500000", "ebitda": "642300000", "netIncome": "303100000"}, {"fiscalDateEnding": "2018-08-31", "reportedCurrency": "USD", "grossProfit": "1168200000", "totalRevenue": "2299100000", "costOfRevenue": "1130900000", "costofGoodsAndServicesSold": "1130900000", "operatingIncome": "765000000", "sellingGeneralAndAdministrative": "403200000", "researchAndDevelopment": "0", "operatingExpenses": "403200000", "investmentIncomeNet": "None", "netInterestIncome": "None", "interestIncome": "None", "interestExpense": "88000000", "nonInterestIncome": "None", "otherNonOperatingIncome": "688400000", "depreciation": "None", "depreciationAndAmortization": "84600000", "incomeBeforeTax": "1365400000", "incomeTaxExpense": "214100000", "interestAndDebtExpense": "None", "netIncomeFromContinuingOperations": "1151300000", "comprehensiveIncomeNetOfTax": "None", "ebit": "765000000", "ebitda": "849600000", "netIncome": "1149500000"}, {"fiscalDateEnding": "2018-05-31", "reportedCurrency": "USD", "grossProfit": "1048600000", "totalRevenue": "2047100000", "costOfRevenue": "998500000", "costofGoodsAndServicesSold": "998500000", "operatingIncome": "625400000", "sellingGeneralAndAdministrative": "423200000", "researchAndDevelopment": "0", "operatingExpenses": "423200000", "investmentIncomeNet": "None", "netInterestIncome": "None", "interestIncome": "None", "interestExpense": "87800000", "nonInterestIncome": "None", "otherNonOperatingIncome": "364400000", "depreciation": "None", "depreciationAndAmortization": "84200000", "incomeBeforeTax": "902000000", "incomeTaxExpense": "155700000", "interestAndDebtExpense": "None", "netIncomeFromContinuingOperations": "746300000", "comprehensiveIncomeNetOfTax": "None", "ebit": "625400000", "ebitda": "709600000", "netIncome": "743800000"}, {"fiscalDateEnding": "2018-02-28", "reportedCurrency": "USD", "grossProfit": "849100000", "totalRevenue": "1765900000", "costOfRevenue": "916800000", "costofGoodsAndServicesSold": "916800000", "operatingIncome": "515700000", "sellingGeneralAndAdministrative": "282300000", "researchAndDevelopment": "0", "operatingExpenses": "333400000", "investmentIncomeNet": "None", "netInterestIncome": "None", "interestIncome": "None", "interestExpense": "86900000", "nonInterestIncome": "None", "otherNonOperatingIncome": "256600000", "depreciation": "None", "depreciationAndAmortization": "79400000", "incomeBeforeTax": "588400000", "incomeTaxExpense": "-340400000", "interestAndDebtExpense": "None", "netIncomeFromContinuingOperations": "928800000", "comprehensiveIncomeNetOfTax": "None", "ebit": "436300000", "ebitda": "515700000", "netIncome": "925500000"}, {"fiscalDateEnding": "2017-11-30", "reportedCurrency": "USD", "grossProfit": "907500000", "totalRevenue": "1799100000", "costOfRevenue": "891600000", "costofGoodsAndServicesSold": "891600000", "operatingIncome": "486800000", "sellingGeneralAndAdministrative": "420700000", "researchAndDevelopment": "0", "operatingExpenses": "420700000", "investmentIncomeNet": "None", "netInterestIncome": "None", "interestIncome": "None", "interestExpense": "81400000", "nonInterestIncome": "None", "otherNonOperatingIncome": "238800000", "depreciation": "None", "depreciationAndAmortization": "73500000", "incomeBeforeTax": "644200000", "incomeTaxExpense": "149500000", "interestAndDebtExpense": "None", "netIncomeFromContinuingOperations": "494700000", "comprehensiveIncomeNetOfTax": "None", "ebit": "486800000", "ebitda": "560300000", "netIncome": "491100000"}, {"fiscalDateEnding": "2017-08-31", "reportedCurrency": "USD", "grossProfit": "1065300000", "totalRevenue": "2084500000", "costOfRevenue": "1019200000", "costofGoodsAndServicesSold": "1019200000", "operatingIncome": "713900000", "sellingGeneralAndAdministrative": "351400000", "researchAndDevelopment": "0", "operatingExpenses": "351400000", "investmentIncomeNet": "None", "netInterestIncome": "None", "interestIncome": "None", "interestExpense": "81300000", "nonInterestIncome": "None", "otherNonOperatingIncome": "-1900000", "depreciation": "None", "depreciationAndAmortization": "70800000", "incomeBeforeTax": "630700000", "incomeTaxExpense": "128700000", "interestAndDebtExpense": "None", "netIncomeFromContinuingOperations": "502000000", "comprehensiveIncomeNetOfTax": "None", "ebit": "715400000", "ebitda": "786200000", "netIncome": "499500000"}, {"fiscalDateEnding": "2017-05-31", "reportedCurrency": "USD", "grossProfit": "995300000", "totalRevenue": "1935500000", "costOfRevenue": "940200000", "costofGoodsAndServicesSold": "940200000", "operatingIncome": "568100000", "sellingGeneralAndAdministrative": "427200000", "researchAndDevelopment": "0", "operatingExpenses": "427200000", "investmentIncomeNet": "None", "netInterestIncome": "None", "interestIncome": "None", "interestExpense": "82400000", "nonInterestIncome": "None", "otherNonOperatingIncome": "-6300000", "depreciation": "None", "depreciationAndAmortization": "70100000", "incomeBeforeTax": "479400000", "incomeTaxExpense": "74100000", "interestAndDebtExpense": "None", "netIncomeFromContinuingOperations": "405300000", "comprehensiveIncomeNetOfTax": "None", "ebit": "554800000", "ebitda": "624900000", "netIncome": "402800000"}, {"fiscalDateEnding": "2017-02-28", "reportedCurrency": "USD", "grossProfit": "787700000", "totalRevenue": "1628000000", "costOfRevenue": "840300000", "costofGoodsAndServicesSold": "840300000", "operatingIncome": "701800000", "sellingGeneralAndAdministrative": "204500000", "researchAndDevelopment": "0", "operatingExpenses": "348300000", "investmentIncomeNet": "None", "netInterestIncome": "None", "interestIncome": "None", "interestExpense": "77000000", "nonInterestIncome": "None", "otherNonOperatingIncome": "-900000", "depreciation": "None", "depreciationAndAmortization": "110200000", "incomeBeforeTax": "623900000", "incomeTaxExpense": "162000000", "interestAndDebtExpense": "None", "netIncomeFromContinuingOperations": "461900000", "comprehensiveIncomeNetOfTax": "None", "ebit": "701400000", "ebitda": "811600000", "netIncome": "452000000"}, {"fiscalDateEnding": "2016-11-30", "reportedCurrency": "USD", "grossProfit": "891400000", "totalRevenue": "1810500000", "costOfRevenue": "919100000", "costofGoodsAndServicesSold": "919100000", "operatingIncome": "534000000", "sellingGeneralAndAdministrative": "357400000", "researchAndDevelopment": "0", "operatingExpenses": "357400000", "investmentIncomeNet": "None", "netInterestIncome": "None", "interestIncome": "None", "interestExpense": "77600000", "nonInterestIncome": "None", "otherNonOperatingIncome": "27500000", "depreciation": "None", "depreciationAndAmortization": "63500000", "incomeBeforeTax": "483900000", "incomeTaxExpense": "78900000", "interestAndDebtExpense": "None", "netIncomeFromContinuingOperations": "405000000", "comprehensiveIncomeNetOfTax": "None", "ebit": "561600000", "ebitda": "625100000", "netIncome": "405900000"}, {"fiscalDateEnding": "2016-08-31", "reportedCurrency": "USD", "grossProfit": "969000000", "totalRevenue": "2021200000", "costOfRevenue": "1052200000", "costofGoodsAndServicesSold": "1052200000", "operatingIncome": "610900000", "sellingGeneralAndAdministrative": "358100000", "researchAndDevelopment": "0", "operatingExpenses": "358100000", "investmentIncomeNet": "None", "netInterestIncome": "None", "interestIncome": "None", "interestExpense": "94100000", "nonInterestIncome": "None", "otherNonOperatingIncome": "None", "depreciation": "None", "depreciationAndAmortization": "60200000", "incomeBeforeTax": "516800000", "incomeTaxExpense": "163600000", "interestAndDebtExpense": "None", "netIncomeFromContinuingOperations": "353200000", "comprehensiveIncomeNetOfTax": "None", "ebit": "610900000", "ebitda": "671100000", "netIncome": "358900000"}, {"fiscalDateEnding": "2016-05-31", "reportedCurrency": "USD", "grossProfit": "881300000", "totalRevenue": "1871800000", "costOfRevenue": "990500000", "costofGoodsAndServicesSold": "990500000", "operatingIncome": "552700000", "sellingGeneralAndAdministrative": "328600000", "researchAndDevelopment": "0", "operatingExpenses": "328600000", "investmentIncomeNet": "None", "netInterestIncome": "None", "interestIncome": "None", "interestExpense": "84600000", "nonInterestIncome": "None", "otherNonOperatingIncome": "700000", "depreciation": "None", "depreciationAndAmortization": "60000000", "incomeBeforeTax": "468800000", "incomeTaxExpense": "149700000", "interestAndDebtExpense": "None", "netIncomeFromContinuingOperations": "319100000", "comprehensiveIncomeNetOfTax": "None", "ebit": "549200000", "ebitda": "609200000", "netIncome": "318300000"}, {"fiscalDateEnding": "2016-02-29", "reportedCurrency": "USD", "grossProfit": "696100000", "totalRevenue": "1543200000", "costOfRevenue": "847100000", "costofGoodsAndServicesSold": "847100000", "operatingIncome": "411100000", "sellingGeneralAndAdministrative": "183300000", "researchAndDevelopment": "0", "operatingExpenses": "285000000", "investmentIncomeNet": "None", "netInterestIncome": "None", "interestIncome": "None", "interestExpense": "83500000", "nonInterestIncome": "None", "otherNonOperatingIncome": "21500000", "depreciation": "None", "depreciationAndAmortization": "58300000", "incomeBeforeTax": "350200000", "incomeTaxExpense": "104900000", "interestAndDebtExpense": "None", "netIncomeFromContinuingOperations": "244100000", "comprehensiveIncomeNetOfTax": "None", "ebit": "433700000", "ebitda": "492000000", "netIncome": "243400000"}, {"fiscalDateEnding": "2015-11-30", "reportedCurrency": "USD", "grossProfit": "733500000", "totalRevenue": "1640500000", "costOfRevenue": "907000000", "costofGoodsAndServicesSold": "907000000", "operatingIncome": "447300000", "sellingGeneralAndAdministrative": "286200000", "researchAndDevelopment": "0", "operatingExpenses": "286200000", "investmentIncomeNet": "None", "netInterestIncome": "None", "interestIncome": "None", "interestExpense": "75600000", "nonInterestIncome": "None", "otherNonOperatingIncome": "27300000", "depreciation": "None", "depreciationAndAmortization": "51300000", "incomeBeforeTax": "399000000", "incomeTaxExpense": "128000000", "interestAndDebtExpense": "None", "netIncomeFromContinuingOperations": "271000000", "comprehensiveIncomeNetOfTax": "None", "ebit": "474600000", "ebitda": "525900000", "netIncome": "270500000"}, {"fiscalDateEnding": "2015-08-31", "reportedCurrency": "USD", "grossProfit": "775600000", "totalRevenue": "1733400000", "costOfRevenue": "957800000", "costofGoodsAndServicesSold": "957800000", "operatingIncome": "479400000", "sellingGeneralAndAdministrative": "296200000", "researchAndDevelopment": "0", "operatingExpenses": "296200000", "investmentIncomeNet": "None", "netInterestIncome": "None", "interestIncome": "None", "interestExpense": "77300000", "nonInterestIncome": "None", "otherNonOperatingIncome": "200000", "depreciation": "None", "depreciationAndAmortization": "56700000", "incomeBeforeTax": "401200000", "incomeTaxExpense": "97100000", "interestAndDebtExpense": "None", "netIncomeFromContinuingOperations": "304100000", "comprehensiveIncomeNetOfTax": "None", "ebit": "478500000", "ebitda": "535200000", "netIncome": "302400000"}, {"fiscalDateEnding": "2015-05-31", "reportedCurrency": "USD", "grossProfit": "737100000", "totalRevenue": "1631300000", "costOfRevenue": "894200000", "costofGoodsAndServicesSold": "894200000", "operatingIncome": "427300000", "sellingGeneralAndAdministrative": "309800000", "researchAndDevelopment": "0", "operatingExpenses": "309800000", "investmentIncomeNet": "None", "netInterestIncome": "None", "interestIncome": "None", "interestExpense": "77500000", "nonInterestIncome": "None", "otherNonOperatingIncome": "1000000", "depreciation": "None", "depreciationAndAmortization": "54700000", "incomeBeforeTax": "350800000", "incomeTaxExpense": "110600000", "interestAndDebtExpense": "None", "netIncomeFromContinuingOperations": "241400000", "comprehensiveIncomeNetOfTax": "None", "ebit": "428300000", "ebitda": "483000000", "netIncome": "238600000"}, {"fiscalDateEnding": "2015-02-28", "reportedCurrency": "USD", "grossProfit": "597600000", "totalRevenue": "1356200000", "costOfRevenue": "758600000", "costofGoodsAndServicesSold": "758600000", "operatingIncome": "353700000", "sellingGeneralAndAdministrative": "162200000", "researchAndDevelopment": "0", "operatingExpenses": "243900000", "investmentIncomeNet": "None", "netInterestIncome": "None", "interestIncome": "None", "interestExpense": "80300000", "nonInterestIncome": "None", "otherNonOperatingIncome": "None", "depreciation": "None", "depreciationAndAmortization": "47400000", "incomeBeforeTax": "273800000", "incomeTaxExpense": "62300000", "interestAndDebtExpense": "None", "netIncomeFromContinuingOperations": "836200000", "comprehensiveIncomeNetOfTax": "None", "ebit": "354100000", "ebitda": "401500000", "netIncome": "214600000"}, {"fiscalDateEnding": "2014-11-30", "reportedCurrency": "USD", "grossProfit": "638900000", "totalRevenue": "1541700000", "costOfRevenue": "902800000", "costofGoodsAndServicesSold": "902800000", "operatingIncome": "375600000", "sellingGeneralAndAdministrative": "263300000", "researchAndDevelopment": "0", "operatingExpenses": "263300000", "investmentIncomeNet": "None", "netInterestIncome": "None", "interestIncome": "None", "interestExpense": "86000000", "nonInterestIncome": "None", "otherNonOperatingIncome": "None", "depreciation": "None", "depreciationAndAmortization": "51600000", "incomeBeforeTax": "310800000", "incomeTaxExpense": "88600000", "interestAndDebtExpense": "None", "netIncomeFromContinuingOperations": "0", "comprehensiveIncomeNetOfTax": "None", "ebit": "396800000", "ebitda": "448400000", "netIncome": "222200000"}, {"fiscalDateEnding": "2014-08-31", "reportedCurrency": "USD", "grossProfit": "672000000", "totalRevenue": "1604100000", "costOfRevenue": "932100000", "costofGoodsAndServicesSold": "932100000", "operatingIncome": "378700000", "sellingGeneralAndAdministrative": "293300000", "researchAndDevelopment": "0", "operatingExpenses": "293300000", "investmentIncomeNet": "None", "netInterestIncome": "None", "interestIncome": "None", "interestExpense": "85000000", "nonInterestIncome": "None", "otherNonOperatingIncome": "-600000", "depreciation": "None", "depreciationAndAmortization": "53500000", "incomeBeforeTax": "288700000", "incomeTaxExpense": "92900000", "interestAndDebtExpense": "None", "netIncomeFromContinuingOperations": "195800000", "comprehensiveIncomeNetOfTax": "None", "ebit": "373700000", "ebitda": "427200000", "netIncome": "195800000"}, {"fiscalDateEnding": "2014-05-31", "reportedCurrency": "USD", "grossProfit": "670100000", "totalRevenue": "1526000000", "costOfRevenue": "855900000", "costofGoodsAndServicesSold": "855900000", "operatingIncome": "392200000", "sellingGeneralAndAdministrative": "277900000", "researchAndDevelopment": "0", "operatingExpenses": "277900000", "investmentIncomeNet": "None", "netInterestIncome": "None", "interestIncome": "None", "interestExpense": "86400000", "nonInterestIncome": "None", "otherNonOperatingIncome": "None", "depreciation": "None", "depreciationAndAmortization": "49500000", "incomeBeforeTax": "306300000", "incomeTaxExpense": "99600000", "interestAndDebtExpense": "None", "netIncomeFromContinuingOperations": "0", "comprehensiveIncomeNetOfTax": "None", "ebit": "392700000", "ebitda": "442200000", "netIncome": "206700000"}, {"fiscalDateEnding": "2014-02-28", "reportedCurrency": "USD", "grossProfit": "548900000", "totalRevenue": "1291200000", "costOfRevenue": "742300000", "costofGoodsAndServicesSold": "742300000", "operatingIncome": "329400000", "sellingGeneralAndAdministrative": "59000000", "researchAndDevelopment": "0", "operatingExpenses": "219500000", "investmentIncomeNet": "None", "netInterestIncome": "None", "interestIncome": "None", "interestExpense": "88500000", "nonInterestIncome": "None", "otherNonOperatingIncome": "-500000", "depreciation": "None", "depreciationAndAmortization": "42000000", "incomeBeforeTax": "240400000", "incomeTaxExpense": "83200000", "interestAndDebtExpense": "None", "netIncomeFromContinuingOperations": "157200000", "comprehensiveIncomeNetOfTax": "None", "ebit": "328900000", "ebitda": "370900000", "netIncome": "157200000"}, {"fiscalDateEnding": "2013-11-30", "reportedCurrency": "USD", "grossProfit": "609700000", "totalRevenue": "1443300000", "costOfRevenue": "833600000", "costofGoodsAndServicesSold": "833600000", "operatingIncome": "363800000", "sellingGeneralAndAdministrative": "245900000", "researchAndDevelopment": "0", "operatingExpenses": "245900000", "investmentIncomeNet": "None", "netInterestIncome": "None", "interestIncome": "None", "interestExpense": "89600000", "nonInterestIncome": "None", "otherNonOperatingIncome": "18000000", "depreciation": "None", "depreciationAndAmortization": "42100000", "incomeBeforeTax": "292200000", "incomeTaxExpense": "81200000", "interestAndDebtExpense": "None", "netIncomeFromContinuingOperations": "211000000", "comprehensiveIncomeNetOfTax": "None", "ebit": "381800000", "ebitda": "423900000", "netIncome": "211000000"}, {"fiscalDateEnding": "2013-08-31", "reportedCurrency": "USD", "grossProfit": "577000000", "totalRevenue": "1459800000", "costOfRevenue": "882800000", "costofGoodsAndServicesSold": "882800000", "operatingIncome": "1674000000", "sellingGeneralAndAdministrative": "244100000", "researchAndDevelopment": "0", "operatingExpenses": "244100000", "investmentIncomeNet": "None", "netInterestIncome": "None", "interestIncome": "None", "interestExpense": "90300000", "nonInterestIncome": "None", "otherNonOperatingIncome": "3700000", "depreciation": "None", "depreciationAndAmortization": "42200000", "incomeBeforeTax": "1587400000", "incomeTaxExpense": "65400000", "interestAndDebtExpense": "None", "netIncomeFromContinuingOperations": "1522000000", "comprehensiveIncomeNetOfTax": "None", "ebit": "1677700000", "ebitda": "1719900000", "netIncome": "1522000000"}, {"fiscalDateEnding": "2013-05-31", "reportedCurrency": "USD", "grossProfit": "256100000", "totalRevenue": "673400000", "costOfRevenue": "417300000", "costofGoodsAndServicesSold": "417300000", "operatingIncome": "70500000", "sellingGeneralAndAdministrative": "186500000", "researchAndDevelopment": "0", "operatingExpenses": "186500000", "investmentIncomeNet": "None", "netInterestIncome": "None", "interestIncome": "None", "interestExpense": "54800000", "nonInterestIncome": "None", "otherNonOperatingIncome": "66600000", "depreciation": "None", "depreciationAndAmortization": "29000000", "incomeBeforeTax": "82300000", "incomeTaxExpense": "29400000", "interestAndDebtExpense": "None", "netIncomeFromContinuingOperations": "52900000", "comprehensiveIncomeNetOfTax": "None", "ebit": "69600000", "ebitda": "98600000", "netIncome": "52900000"}, {"fiscalDateEnding": "2013-02-28", "reportedCurrency": "USD", "grossProfit": "261800000", "totalRevenue": "695900000", "costOfRevenue": "434100000", "costofGoodsAndServicesSold": "434100000", "operatingIncome": "127400000", "sellingGeneralAndAdministrative": "12800000", "researchAndDevelopment": "0", "operatingExpenses": "134700000", "investmentIncomeNet": "None", "netInterestIncome": "None", "interestIncome": "None", "interestExpense": "60400000", "nonInterestIncome": "None", "otherNonOperatingIncome": "None", "depreciation": "None", "depreciationAndAmortization": "26900000", "incomeBeforeTax": "106800000", "incomeTaxExpense": "25100000", "interestAndDebtExpense": "None", "netIncomeFromContinuingOperations": "0", "comprehensiveIncomeNetOfTax": "None", "ebit": "100200000", "ebitda": "127100000", "netIncome": "81700000"}, {"fiscalDateEnding": "2012-11-30", "reportedCurrency": "USD", "grossProfit": "310800000", "totalRevenue": "766900000", "costOfRevenue": "456100000", "costofGoodsAndServicesSold": "456100000", "operatingIncome": "158800000", "sellingGeneralAndAdministrative": "151700000", "researchAndDevelopment": "0", "operatingExpenses": "151700000", "investmentIncomeNet": "None", "netInterestIncome": "None", "interestIncome": "None", "interestExpense": "61400000", "nonInterestIncome": "None", "otherNonOperatingIncome": "None", "depreciation": "None", "depreciationAndAmortization": "31300000", "incomeBeforeTax": "149900000", "incomeTaxExpense": "40400000", "interestAndDebtExpense": "None", "netIncomeFromContinuingOperations": "0", "comprehensiveIncomeNetOfTax": "None", "ebit": "209500000", "ebitda": "240800000", "netIncome": "109500000"}, {"fiscalDateEnding": "2012-08-31", "reportedCurrency": "USD", "grossProfit": "285100000", "totalRevenue": "698500000", "costOfRevenue": "413400000", "costofGoodsAndServicesSold": "413400000", "operatingIncome": "130600000", "sellingGeneralAndAdministrative": "154300000", "researchAndDevelopment": "0", "operatingExpenses": "154300000", "investmentIncomeNet": "None", "netInterestIncome": "None", "interestIncome": "None", "interestExpense": "54600000", "nonInterestIncome": "None", "otherNonOperatingIncome": "None", "depreciation": "None", "depreciationAndAmortization": "27700000", "incomeBeforeTax": "146500000", "incomeTaxExpense": "21900000", "interestAndDebtExpense": "None", "netIncomeFromContinuingOperations": "0", "comprehensiveIncomeNetOfTax": "None", "ebit": "201300000", "ebitda": "229000000", "netIncome": "124600000"}, {"fiscalDateEnding": "2012-05-31", "reportedCurrency": "USD", "grossProfit": "250600000", "totalRevenue": "634800000", "costOfRevenue": "384200000", "costofGoodsAndServicesSold": "384200000", "operatingIncome": "106100000", "sellingGeneralAndAdministrative": "144000000", "researchAndDevelopment": "0", "operatingExpenses": "144000000", "investmentIncomeNet": "None", "netInterestIncome": "None", "interestIncome": "None", "interestExpense": "50700000", "nonInterestIncome": "None", "otherNonOperatingIncome": "None", "depreciation": "None", "depreciationAndAmortization": "29500000", "incomeBeforeTax": "113200000", "incomeTaxExpense": "41200000", "interestAndDebtExpense": "None", "netIncomeFromContinuingOperations": "0", "comprehensiveIncomeNetOfTax": "None", "ebit": "162500000", "ebitda": "192000000", "netIncome": "72000000"}, {"fiscalDateEnding": "2012-02-29", "reportedCurrency": "USD", "grossProfit": "245200000", "totalRevenue": "628100000", "costOfRevenue": "382900000", "costofGoodsAndServicesSold": "382900000", "operatingIncome": "79400000", "sellingGeneralAndAdministrative": "123300000", "researchAndDevelopment": "0", "operatingExpenses": "123300000", "investmentIncomeNet": "None", "netInterestIncome": "None", "interestIncome": "None", "interestExpense": "47900000", "nonInterestIncome": "None", "otherNonOperatingIncome": "None", "depreciation": "None", "depreciationAndAmortization": "29700000", "incomeBeforeTax": "80500000", "incomeTaxExpense": "-22500000", "interestAndDebtExpense": "None", "netIncomeFromContinuingOperations": "0", "comprehensiveIncomeNetOfTax": "None", "ebit": "128400000", "ebitda": "158100000", "netIncome": "103000000"}, {"fiscalDateEnding": "2011-11-30", "reportedCurrency": "USD", "grossProfit": "282900000", "totalRevenue": "700700000", "costOfRevenue": "417800000", "costofGoodsAndServicesSold": "417800000", "operatingIncome": "160300000", "sellingGeneralAndAdministrative": "121800000", "researchAndDevelopment": "0", "operatingExpenses": "121800000", "investmentIncomeNet": "None", "netInterestIncome": "None", "interestIncome": "None", "interestExpense": "46300000", "nonInterestIncome": "None", "otherNonOperatingIncome": "None", "depreciation": "None", "depreciationAndAmortization": "28300000", "incomeBeforeTax": "167300000", "incomeTaxExpense": "62500000", "interestAndDebtExpense": "None", "netIncomeFromContinuingOperations": "0", "comprehensiveIncomeNetOfTax": "None", "ebit": "213600000", "ebitda": "241900000", "netIncome": "104800000"}, {"fiscalDateEnding": "2011-08-31", "reportedCurrency": "USD", "grossProfit": "283000000", "totalRevenue": "690200000", "costOfRevenue": "407200000", "costofGoodsAndServicesSold": "407200000", "operatingIncome": "145100000", "sellingGeneralAndAdministrative": "138200000", "researchAndDevelopment": "0", "operatingExpenses": "138200000", "investmentIncomeNet": "None", "netInterestIncome": "None", "interestIncome": "None", "interestExpense": "42500000", "nonInterestIncome": "None", "otherNonOperatingIncome": "64000000", "depreciation": "None", "depreciationAndAmortization": "25400000", "incomeBeforeTax": "166600000", "incomeTaxExpense": "3900000", "interestAndDebtExpense": "None", "netIncomeFromContinuingOperations": "162700000", "comprehensiveIncomeNetOfTax": "None", "ebit": "209100000", "ebitda": "234500000", "netIncome": "162700000"}, {"fiscalDateEnding": "2011-05-31", "reportedCurrency": "USD", "grossProfit": "251000000", "totalRevenue": "635300000", "costOfRevenue": "384300000", "costofGoodsAndServicesSold": "384300000", "operatingIncome": "101700000", "sellingGeneralAndAdministrative": "138200000", "researchAndDevelopment": "0", "operatingExpenses": "138200000", "investmentIncomeNet": "None", "netInterestIncome": "None", "interestIncome": "None", "interestExpense": "44300000", "nonInterestIncome": "None", "otherNonOperatingIncome": "62200000", "depreciation": "None", "depreciationAndAmortization": "26900000", "incomeBeforeTax": "119600000", "incomeTaxExpense": "45100000", "interestAndDebtExpense": "None", "netIncomeFromContinuingOperations": "74500000", "comprehensiveIncomeNetOfTax": "None", "ebit": "163900000", "ebitda": "190800000", "netIncome": "74500000"}, {"fiscalDateEnding": "2011-02-28", "reportedCurrency": "USD", "grossProfit": "254000000", "totalRevenue": "715300000", "costOfRevenue": "461300000", "costofGoodsAndServicesSold": "461300000", "operatingIncome": "102900000", "sellingGeneralAndAdministrative": "128700000", "researchAndDevelopment": "0", "operatingExpenses": "128700000", "investmentIncomeNet": "None", "netInterestIncome": "None", "interestIncome": "None", "interestExpense": "4100000", "nonInterestIncome": "None", "otherNonOperatingIncome": "None", "depreciation": "None", "depreciationAndAmortization": "30900000", "incomeBeforeTax": "107000000", "incomeTaxExpense": "-172800000", "interestAndDebtExpense": "None", "netIncomeFromContinuingOperations": "0", "comprehensiveIncomeNetOfTax": "None", "ebit": "-42700000", "ebitda": "-11800000", "netIncome": "279800000"}, {"fiscalDateEnding": "2010-11-30", "reportedCurrency": "USD", "grossProfit": "351900000", "totalRevenue": "966400000", "costOfRevenue": "614500000", "costofGoodsAndServicesSold": "614500000", "operatingIncome": "170100000", "sellingGeneralAndAdministrative": "176100000", "researchAndDevelopment": "0", "operatingExpenses": "176100000", "investmentIncomeNet": "None", "netInterestIncome": "None", "interestIncome": "None", "interestExpense": "49100000", "nonInterestIncome": "None", "otherNonOperatingIncome": "71400000", "depreciation": "None", "depreciationAndAmortization": "34600000", "incomeBeforeTax": "192400000", "incomeTaxExpense": "53100000", "interestAndDebtExpense": "None", "netIncomeFromContinuingOperations": "139300000", "comprehensiveIncomeNetOfTax": "None", "ebit": "241500000", "ebitda": "276100000", "netIncome": "139300000"}, {"fiscalDateEnding": "2010-08-31", "reportedCurrency": "USD", "grossProfit": "314200000", "totalRevenue": "862800000", "costOfRevenue": "548600000", "costofGoodsAndServicesSold": "548600000", "operatingIncome": "133200000", "sellingGeneralAndAdministrative": "167300000", "researchAndDevelopment": "0", "operatingExpenses": "167300000", "investmentIncomeNet": "None", "netInterestIncome": "None", "interestIncome": "None", "interestExpense": "50300000", "nonInterestIncome": "None", "otherNonOperatingIncome": "None", "depreciation": "None", "depreciationAndAmortization": "33700000", "incomeBeforeTax": "149300000", "incomeTaxExpense": "58000000", "interestAndDebtExpense": "None", "netIncomeFromContinuingOperations": "0", "comprehensiveIncomeNetOfTax": "None", "ebit": "199600000", "ebitda": "233300000", "netIncome": "91300000"}, {"fiscalDateEnding": "2010-05-31", "reportedCurrency": "USD", "grossProfit": "270000000", "totalRevenue": "787500000", "costOfRevenue": "517500000", "costofGoodsAndServicesSold": "517500000", "operatingIncome": "96300000", "sellingGeneralAndAdministrative": "168800000", "researchAndDevelopment": "0", "operatingExpenses": "168800000", "investmentIncomeNet": "None", "netInterestIncome": "None", "interestIncome": "None", "interestExpense": "48500000", "nonInterestIncome": "None", "otherNonOperatingIncome": "None", "depreciation": "None", "depreciationAndAmortization": "34600000", "incomeBeforeTax": "102300000", "incomeTaxExpense": "53200000", "interestAndDebtExpense": "None", "netIncomeFromContinuingOperations": "0", "comprehensiveIncomeNetOfTax": "None", "ebit": "150800000", "ebitda": "185400000", "netIncome": "49100000"}, {"fiscalDateEnding": "2010-02-28", "reportedCurrency": "USD", "grossProfit": "222400000", "totalRevenue": "708700000", "costOfRevenue": "486300000", "costofGoodsAndServicesSold": "486300000", "operatingIncome": "-44800000", "sellingGeneralAndAdministrative": "143600000", "researchAndDevelopment": "0", "operatingExpenses": "143600000", "investmentIncomeNet": "None", "netInterestIncome": "None", "interestIncome": "None", "interestExpense": "67700000", "nonInterestIncome": "None", "otherNonOperatingIncome": "None", "depreciation": "None", "depreciationAndAmortization": "35500000", "incomeBeforeTax": "-70200000", "incomeTaxExpense": "-19200000", "interestAndDebtExpense": "None", "netIncomeFromContinuingOperations": "0", "comprehensiveIncomeNetOfTax": "None", "ebit": "-2500000", "ebitda": "33000000", "netIncome": "-51000000"}, {"fiscalDateEnding": "2009-11-30", "reportedCurrency": "USD", "grossProfit": "344100000", "totalRevenue": "987700000", "costOfRevenue": "643600000", "costofGoodsAndServicesSold": "643600000", "operatingIncome": "134600000", "sellingGeneralAndAdministrative": "204300000", "researchAndDevelopment": "0", "operatingExpenses": "204300000", "investmentIncomeNet": "None", "netInterestIncome": "None", "interestIncome": "None", "interestExpense": "64000000", "nonInterestIncome": "None", "otherNonOperatingIncome": "None", "depreciation": "None", "depreciationAndAmortization": "37300000", "incomeBeforeTax": "105200000", "incomeTaxExpense": "61100000", "interestAndDebtExpense": "None", "netIncomeFromContinuingOperations": "0", "comprehensiveIncomeNetOfTax": "None", "ebit": "170700000", "ebitda": "208000000", "netIncome": "44100000"}, {"fiscalDateEnding": "2009-08-31", "reportedCurrency": "USD", "grossProfit": "309600000", "totalRevenue": "876800000", "costOfRevenue": "567200000", "costofGoodsAndServicesSold": "567200000", "operatingIncome": "138600000", "sellingGeneralAndAdministrative": "167800000", "researchAndDevelopment": "0", "operatingExpenses": "167800000", "investmentIncomeNet": "None", "netInterestIncome": "None", "interestIncome": "None", "interestExpense": "66600000", "nonInterestIncome": "None", "otherNonOperatingIncome": "None", "depreciation": "None", "depreciationAndAmortization": "45900000", "incomeBeforeTax": "145200000", "incomeTaxExpense": "45500000", "interestAndDebtExpense": "None", "netIncomeFromContinuingOperations": "0", "comprehensiveIncomeNetOfTax": "None", "ebit": "213300000", "ebitda": "259200000", "netIncome": "99700000"}, {"fiscalDateEnding": "2009-05-31", "reportedCurrency": "USD", "grossProfit": "268700000", "totalRevenue": "791600000", "costOfRevenue": "522900000", "costofGoodsAndServicesSold": "522900000", "operatingIncome": "83100000", "sellingGeneralAndAdministrative": "166600000", "researchAndDevelopment": "0", "operatingExpenses": "166600000", "investmentIncomeNet": "None", "netInterestIncome": "None", "interestIncome": "None", "interestExpense": "66800000", "nonInterestIncome": "None", "otherNonOperatingIncome": "None", "depreciation": "None", "depreciationAndAmortization": "37200000", "incomeBeforeTax": "79100000", "incomeTaxExpense": "72600000", "interestAndDebtExpense": "None", "netIncomeFromContinuingOperations": "0", "comprehensiveIncomeNetOfTax": "None", "ebit": "147500000", "ebitda": "184700000", "netIncome": "6500000"}, {"fiscalDateEnding": "2009-02-28", "reportedCurrency": "USD", "grossProfit": "191200000", "totalRevenue": "735100000", "costOfRevenue": "543900000", "costofGoodsAndServicesSold": "543900000", "operatingIncome": "-286900000", "sellingGeneralAndAdministrative": "171200000", "researchAndDevelopment": "0", "operatingExpenses": "171200000", "investmentIncomeNet": "None", "netInterestIncome": "None", "interestIncome": "None", "interestExpense": "409500000", "nonInterestIncome": "None", "otherNonOperatingIncome": "None", "depreciation": "None", "depreciationAndAmortization": "37800000", "incomeBeforeTax": "-389500000", "incomeTaxExpense": "17300000", "interestAndDebtExpense": "None", "netIncomeFromContinuingOperations": "0", "comprehensiveIncomeNetOfTax": "None", "ebit": "-128800000", "ebitda": "-91000000", "netIncome": "-406800000"}, {"fiscalDateEnding": "2008-11-30", "reportedCurrency": "USD", "grossProfit": "404000000", "totalRevenue": "1031200000", "costOfRevenue": "627200000", "costofGoodsAndServicesSold": "627200000", "operatingIncome": "197700000", "sellingGeneralAndAdministrative": "200500000", "researchAndDevelopment": "0", "operatingExpenses": "200500000", "investmentIncomeNet": "None", "netInterestIncome": "None", "interestIncome": "None", "interestExpense": "78400000", "nonInterestIncome": "None", "otherNonOperatingIncome": "None", "depreciation": "None", "depreciationAndAmortization": "34000000", "incomeBeforeTax": "195600000", "incomeTaxExpense": "112100000", "interestAndDebtExpense": "None", "netIncomeFromContinuingOperations": "0", "comprehensiveIncomeNetOfTax": "None", "ebit": "274000000", "ebitda": "308000000", "netIncome": "83500000"}, {"fiscalDateEnding": "2008-08-31", "reportedCurrency": "USD", "grossProfit": "305800000", "totalRevenue": "956500000", "costOfRevenue": "650700000", "costofGoodsAndServicesSold": "650700000", "operatingIncome": "21500000", "sellingGeneralAndAdministrative": "225200000", "researchAndDevelopment": "0", "operatingExpenses": "225200000", "investmentIncomeNet": "None", "netInterestIncome": "None", "interestIncome": "None", "interestExpense": "80700000", "nonInterestIncome": "None", "otherNonOperatingIncome": "None", "depreciation": "None", "depreciationAndAmortization": "41000000", "incomeBeforeTax": "10900000", "incomeTaxExpense": "33600000", "interestAndDebtExpense": "None", "netIncomeFromContinuingOperations": "0", "comprehensiveIncomeNetOfTax": "None", "ebit": "91600000", "ebitda": "132600000", "netIncome": "-22700000"}, {"fiscalDateEnding": "2008-05-31", "reportedCurrency": "USD", "grossProfit": "329000000", "totalRevenue": "931800000", "costOfRevenue": "602800000", "costofGoodsAndServicesSold": "602800000", "operatingIncome": "90700000", "sellingGeneralAndAdministrative": "233500000", "researchAndDevelopment": "0", "operatingExpenses": "233500000", "investmentIncomeNet": "None", "netInterestIncome": "None", "interestIncome": "None", "interestExpense": "86600000", "nonInterestIncome": "None", "otherNonOperatingIncome": "None", "depreciation": "None", "depreciationAndAmortization": "44200000", "incomeBeforeTax": "76200000", "incomeTaxExpense": "31600000", "interestAndDebtExpense": "None", "netIncomeFromContinuingOperations": "0", "comprehensiveIncomeNetOfTax": "None", "ebit": "162800000", "ebitda": "207000000", "netIncome": "44600000"}, {"fiscalDateEnding": "2008-02-29", "reportedCurrency": "USD", "grossProfit": "311700000", "totalRevenue": "884400000", "costOfRevenue": "572700000", "costofGoodsAndServicesSold": "572700000", "operatingIncome": "-740400000", "sellingGeneralAndAdministrative": "227100000", "researchAndDevelopment": "0", "operatingExpenses": "227100000", "investmentIncomeNet": "None", "netInterestIncome": "None", "interestIncome": "None", "interestExpense": "890200000", "nonInterestIncome": "None", "otherNonOperatingIncome": "None", "depreciation": "None", "depreciationAndAmortization": "48400000", "incomeBeforeTax": "-805600000", "incomeTaxExpense": "29200000", "interestAndDebtExpense": "None", "netIncomeFromContinuingOperations": "0", "comprehensiveIncomeNetOfTax": "None", "ebit": "84600000", "ebitda": "133000000", "netIncome": "-834800000"}, {"fiscalDateEnding": "2007-11-30", "reportedCurrency": "USD", "grossProfit": "391900000", "totalRevenue": "1094800000", "costOfRevenue": "702900000", "costofGoodsAndServicesSold": "702900000", "operatingIncome": "198300000", "sellingGeneralAndAdministrative": "192100000", "researchAndDevelopment": "0", "operatingExpenses": "192100000", "investmentIncomeNet": "None", "netInterestIncome": "None", "interestIncome": "None", "interestExpense": "8200000", "nonInterestIncome": "None", "otherNonOperatingIncome": "None", "depreciation": "None", "depreciationAndAmortization": "40500000", "incomeBeforeTax": "190100000", "incomeTaxExpense": "70500000", "interestAndDebtExpense": "None", "netIncomeFromContinuingOperations": "0", "comprehensiveIncomeNetOfTax": "None", "ebit": "272500000", "ebitda": "313000000", "netIncome": "119600000"}, {"fiscalDateEnding": "2007-08-31", "reportedCurrency": "USD", "grossProfit": "309700000", "totalRevenue": "892600000", "costOfRevenue": "582900000", "costofGoodsAndServicesSold": "582900000", "operatingIncome": "117200000", "sellingGeneralAndAdministrative": "190500000", "researchAndDevelopment": "0", "operatingExpenses": "190500000", "investmentIncomeNet": "None", "netInterestIncome": "None", "interestIncome": "None", "interestExpense": "6600000", "nonInterestIncome": "None", "otherNonOperatingIncome": "None", "depreciation": "None", "depreciationAndAmortization": "38300000", "incomeBeforeTax": "110600000", "incomeTaxExpense": "38500000", "interestAndDebtExpense": "None", "netIncomeFromContinuingOperations": "0", "comprehensiveIncomeNetOfTax": "None", "ebit": "197300000", "ebitda": "235600000", "netIncome": "72100000"}, {"fiscalDateEnding": "2007-05-31", "reportedCurrency": "USD", "grossProfit": "268200000", "totalRevenue": "901200000", "costOfRevenue": "633000000", "costofGoodsAndServicesSold": "633000000", "operatingIncome": "68200000", "sellingGeneralAndAdministrative": "197600000", "researchAndDevelopment": "0", "operatingExpenses": "197600000", "investmentIncomeNet": "None", "netInterestIncome": "None", "interestIncome": "None", "interestExpense": "3900000", "nonInterestIncome": "None", "otherNonOperatingIncome": "None", "depreciation": "None", "depreciationAndAmortization": "38700000", "incomeBeforeTax": "64300000", "incomeTaxExpense": "34500000", "interestAndDebtExpense": "None", "netIncomeFromContinuingOperations": "0", "comprehensiveIncomeNetOfTax": "None", "ebit": "144000000", "ebitda": "182700000", "netIncome": "29800000"}, {"fiscalDateEnding": "2007-02-28", "reportedCurrency": "USD", "grossProfit": "345300000", "totalRevenue": "1142200000", "costOfRevenue": "796900000", "costofGoodsAndServicesSold": "796900000", "operatingIncome": "138900000", "sellingGeneralAndAdministrative": "194000000", "researchAndDevelopment": "0", "operatingExpenses": "194000000", "investmentIncomeNet": "None", "netInterestIncome": "None", "interestIncome": "None", "interestExpense": "47600000", "nonInterestIncome": "None", "otherNonOperatingIncome": "None", "depreciation": "None", "depreciationAndAmortization": "41100000", "incomeBeforeTax": "103700000", "incomeTaxExpense": "33500000", "interestAndDebtExpense": "None", "netIncomeFromContinuingOperations": "0", "comprehensiveIncomeNetOfTax": "None", "ebit": "151300000", "ebitda": "192400000", "netIncome": "70200000"}, {"fiscalDateEnding": "2006-11-30", "reportedCurrency": "USD", "grossProfit": "445200000", "totalRevenue": "1500800000", "costOfRevenue": "1055600000", "costofGoodsAndServicesSold": "1055600000", "operatingIncome": "235800000", "sellingGeneralAndAdministrative": "197800000", "researchAndDevelopment": "0", "operatingExpenses": "197800000", "investmentIncomeNet": "None", "netInterestIncome": "None", "interestIncome": "None", "interestExpense": "74300000", "nonInterestIncome": "None", "otherNonOperatingIncome": "None", "depreciation": "None", "depreciationAndAmortization": "36000000", "incomeBeforeTax": "173100000", "incomeTaxExpense": "65300000", "interestAndDebtExpense": "None", "netIncomeFromContinuingOperations": "0", "comprehensiveIncomeNetOfTax": "None", "ebit": "247400000", "ebitda": "283400000", "netIncome": "107800000"}, {"fiscalDateEnding": "2006-08-31", "reportedCurrency": "USD", "grossProfit": "414800000", "totalRevenue": "1417500000", "costOfRevenue": "1002700000", "costofGoodsAndServicesSold": "1002700000", "operatingIncome": "181300000", "sellingGeneralAndAdministrative": "204400000", "researchAndDevelopment": "0", "operatingExpenses": "204400000", "investmentIncomeNet": "None", "netInterestIncome": "None", "interestIncome": "None", "interestExpense": "98800000", "nonInterestIncome": "None", "otherNonOperatingIncome": "None", "depreciation": "None", "depreciationAndAmortization": "33500000", "incomeBeforeTax": "111600000", "incomeTaxExpense": "43200000", "interestAndDebtExpense": "None", "netIncomeFromContinuingOperations": "0", "comprehensiveIncomeNetOfTax": "None", "ebit": "210400000", "ebitda": "243900000", "netIncome": "68400000"}, {"fiscalDateEnding": "2006-05-31", "reportedCurrency": "USD", "grossProfit": "318600000", "totalRevenue": "1155900000", "costOfRevenue": "837300000", "costofGoodsAndServicesSold": "837300000", "operatingIncome": "143000000", "sellingGeneralAndAdministrative": "172600000", "researchAndDevelopment": "0", "operatingExpenses": "172600000", "investmentIncomeNet": "None", "netInterestIncome": "None", "interestIncome": "None", "interestExpense": "3900000", "nonInterestIncome": "None", "otherNonOperatingIncome": "None", "depreciation": "None", "depreciationAndAmortization": "28700000", "incomeBeforeTax": "146900000", "incomeTaxExpense": "61400000", "interestAndDebtExpense": "None", "netIncomeFromContinuingOperations": "0", "comprehensiveIncomeNetOfTax": "None", "ebit": "146000000", "ebitda": "174700000", "netIncome": "85500000"}, {"fiscalDateEnding": "2006-02-28", "reportedCurrency": "USD", "grossProfit": "286364000", "totalRevenue": "1047867000", "costOfRevenue": "761503000", "costofGoodsAndServicesSold": "761503000", "operatingIncome": "130742000", "sellingGeneralAndAdministrative": "133845000", "researchAndDevelopment": "0", "operatingExpenses": "133845000", "investmentIncomeNet": "None", "netInterestIncome": "None", "interestIncome": "None", "interestExpense": "74089000", "nonInterestIncome": "None", "otherNonOperatingIncome": "None", "depreciation": "None", "depreciationAndAmortization": "35808000", "incomeBeforeTax": "78430000", "incomeTaxExpense": "20248000", "interestAndDebtExpense": "None", "netIncomeFromContinuingOperations": "0", "comprehensiveIncomeNetOfTax": "None", "ebit": "152519000", "ebitda": "188327000", "netIncome": "58182000"}, {"fiscalDateEnding": "2005-11-30", "reportedCurrency": "USD", "grossProfit": "384221000", "totalRevenue": "1267087000", "costOfRevenue": "882866000", "costofGoodsAndServicesSold": "882866000", "operatingIncome": "221353000", "sellingGeneralAndAdministrative": "156978000", "researchAndDevelopment": "0", "operatingExpenses": "156978000", "investmentIncomeNet": "None", "netInterestIncome": "None", "interestIncome": "None", "interestExpense": "41569000", "nonInterestIncome": "None", "otherNonOperatingIncome": "None", "depreciation": "None", "depreciationAndAmortization": "34190000", "incomeBeforeTax": "179784000", "incomeTaxExpense": "70823000", "interestAndDebtExpense": "None", "netIncomeFromContinuingOperations": "0", "comprehensiveIncomeNetOfTax": "None", "ebit": "227310000", "ebitda": "261500000", "netIncome": "108961000"}, {"fiscalDateEnding": "2005-08-31", "reportedCurrency": "USD", "grossProfit": "348000000", "totalRevenue": "1191959000", "costOfRevenue": "843959000", "costofGoodsAndServicesSold": "843959000", "operatingIncome": "174197000", "sellingGeneralAndAdministrative": "163717000", "researchAndDevelopment": "0", "operatingExpenses": "163717000", "investmentIncomeNet": "None", "netInterestIncome": "None", "interestIncome": "None", "interestExpense": "57225000", "nonInterestIncome": "None", "otherNonOperatingIncome": "None", "depreciation": "None", "depreciationAndAmortization": "28878000", "incomeBeforeTax": "127058000", "incomeTaxExpense": "44638000", "interestAndDebtExpense": "None", "netIncomeFromContinuingOperations": "0", "comprehensiveIncomeNetOfTax": "None", "ebit": "184223000", "ebitda": "213101000", "netIncome": "82420000"}, {"fiscalDateEnding": "2005-05-31", "reportedCurrency": "USD", "grossProfit": "306006000", "totalRevenue": "1096535000", "costOfRevenue": "790529000", "costofGoodsAndServicesSold": "790529000", "operatingIncome": "139823000", "sellingGeneralAndAdministrative": "157864000", "researchAndDevelopment": "0", "operatingExpenses": "157864000", "investmentIncomeNet": "None", "netInterestIncome": "None", "interestIncome": "None", "interestExpense": "56156000", "nonInterestIncome": "None", "otherNonOperatingIncome": "None", "depreciation": "None", "depreciationAndAmortization": "29299000", "incomeBeforeTax": "91986000", "incomeTaxExpense": "16287000", "interestAndDebtExpense": "None", "netIncomeFromContinuingOperations": "0", "comprehensiveIncomeNetOfTax": "None", "ebit": "148142000", "ebitda": "177441000", "netIncome": "75699000"}, {"fiscalDateEnding": "2005-02-28", "reportedCurrency": "USD", "grossProfit": "286780000", "totalRevenue": "1037681000", "costOfRevenue": "750901000", "costofGoodsAndServicesSold": "750901000", "operatingIncome": "119629000", "sellingGeneralAndAdministrative": "154578000", "researchAndDevelopment": "0", "operatingExpenses": "154578000", "investmentIncomeNet": "None", "netInterestIncome": "None", "interestIncome": "None", "interestExpense": "57784000", "nonInterestIncome": "None", "otherNonOperatingIncome": "None", "depreciation": "None", "depreciationAndAmortization": "30062000", "incomeBeforeTax": "74418000", "incomeTaxExpense": "26790000", "interestAndDebtExpense": "None", "netIncomeFromContinuingOperations": "0", "comprehensiveIncomeNetOfTax": "None", "ebit": "132202000", "ebitda": "162264000", "netIncome": "47628000"}]}