{"symbol": "EXC", "annualReports": [{"fiscalDateEnding": "2024-12-31", "reportedCurrency": "USD", "grossProfit": "9874000000", "totalRevenue": "23028000000", "costOfRevenue": "13154000000", "costofGoodsAndServicesSold": "13154000000", "operatingIncome": "4319000000", "sellingGeneralAndAdministrative": "None", "researchAndDevelopment": "None", "operatingExpenses": "18721000000", "investmentIncomeNet": "None", "netInterestIncome": "-1914000000", "interestIncome": "None", "interestExpense": "1914000000", "nonInterestIncome": "None", "otherNonOperatingIncome": "None", "depreciation": "None", "depreciationAndAmortization": "3594000000", "incomeBeforeTax": "2667000000", "incomeTaxExpense": "207000000", "interestAndDebtExpense": "None", "netIncomeFromContinuingOperations": "2460000000", "comprehensiveIncomeNetOfTax": "None", "ebit": "4581000000", "ebitda": "8175000000", "netIncome": "2460000000"}, {"fiscalDateEnding": "2023-12-31", "reportedCurrency": "USD", "grossProfit": "8927000000", "totalRevenue": "21727000000", "costOfRevenue": "12800000000", "costofGoodsAndServicesSold": "12800000000", "operatingIncome": "4023000000", "sellingGeneralAndAdministrative": "None", "researchAndDevelopment": "None", "operatingExpenses": "4904000000", "investmentIncomeNet": "None", "netInterestIncome": "-1729000000", "interestIncome": "None", "interestExpense": "1729000000", "nonInterestIncome": "None", "otherNonOperatingIncome": "None", "depreciation": "None", "depreciationAndAmortization": "3506000000", "incomeBeforeTax": "2702000000", "incomeTaxExpense": "374000000", "interestAndDebtExpense": "None", "netIncomeFromContinuingOperations": "2328000000", "comprehensiveIncomeNetOfTax": "None", "ebit": "4431000000", "ebitda": "7937000000", "netIncome": "2328000000"}, {"fiscalDateEnding": "2022-12-31", "reportedCurrency": "USD", "grossProfit": "8032000000", "totalRevenue": "19078000000", "costOfRevenue": "11046000000", "costofGoodsAndServicesSold": "11046000000", "operatingIncome": "3315000000", "sellingGeneralAndAdministrative": "1390000000", "researchAndDevelopment": "None", "operatingExpenses": "4715000000", "investmentIncomeNet": "None", "netInterestIncome": "-1447000000", "interestIncome": "None", "interestExpense": "1447000000", "nonInterestIncome": "None", "otherNonOperatingIncome": "535000000", "depreciation": "None", "depreciationAndAmortization": "3533000000", "incomeBeforeTax": "2403000000", "incomeTaxExpense": "349000000", "interestAndDebtExpense": "None", "netIncomeFromContinuingOperations": "2054000000", "comprehensiveIncomeNetOfTax": "None", "ebit": "3850000000", "ebitda": "7383000000", "netIncome": "2170000000"}, {"fiscalDateEnding": "2021-12-31", "reportedCurrency": "USD", "grossProfit": "7006000000", "totalRevenue": "17938000000", "costOfRevenue": "10932000000", "costofGoodsAndServicesSold": "10932000000", "operatingIncome": "2682000000", "sellingGeneralAndAdministrative": "1766000000", "researchAndDevelopment": "None", "operatingExpenses": "4324000000", "investmentIncomeNet": "None", "netInterestIncome": "-1571000000", "interestIncome": "None", "interestExpense": "1289000000", "nonInterestIncome": "None", "otherNonOperatingIncome": "1047000000", "depreciation": "None", "depreciationAndAmortization": "7573000000", "incomeBeforeTax": "1654000000", "incomeTaxExpense": "38000000", "interestAndDebtExpense": "None", "netIncomeFromContinuingOperations": "1715000000", "comprehensiveIncomeNetOfTax": "None", "ebit": "2943000000", "ebitda": "10516000000", "netIncome": "1706000000"}, {"fiscalDateEnding": "2020-12-31", "reportedCurrency": "USD", "grossProfit": "9527000000", "totalRevenue": "33039000000", "costOfRevenue": "23512000000", "costofGoodsAndServicesSold": "23512000000", "operatingIncome": "3944000000", "sellingGeneralAndAdministrative": "1714000000", "researchAndDevelopment": "None", "operatingExpenses": "6728000000", "investmentIncomeNet": "None", "netInterestIncome": "-1635000000", "interestIncome": "None", "interestExpense": "1635000000", "nonInterestIncome": "None", "otherNonOperatingIncome": "1139000000", "depreciation": "None", "depreciationAndAmortization": "5572000000", "incomeBeforeTax": "2333000000", "incomeTaxExpense": "373000000", "interestAndDebtExpense": "None", "netIncomeFromContinuingOperations": "1612000000", "comprehensiveIncomeNetOfTax": "None", "ebit": "3968000000", "ebitda": "9540000000", "netIncome": "1963000000"}, {"fiscalDateEnding": "2019-12-31", "reportedCurrency": "USD", "grossProfit": "10326000000", "totalRevenue": "34438000000", "costOfRevenue": "24112000000", "costofGoodsAndServicesSold": "24112000000", "operatingIncome": "4374000000", "sellingGeneralAndAdministrative": "1732000000", "researchAndDevelopment": "None", "operatingExpenses": "5984000000", "investmentIncomeNet": "None", "netInterestIncome": "-1616000000", "interestIncome": "1616000000", "interestExpense": "1616000000", "nonInterestIncome": "None", "otherNonOperatingIncome": "1044000000", "depreciation": "None", "depreciationAndAmortization": "5551000000", "incomeBeforeTax": "3985000000", "incomeTaxExpense": "774000000", "interestAndDebtExpense": "None", "netIncomeFromContinuingOperations": "2829000000", "comprehensiveIncomeNetOfTax": "None", "ebit": "5601000000", "ebitda": "11152000000", "netIncome": "2936000000"}, {"fiscalDateEnding": "2018-12-31", "reportedCurrency": "USD", "grossProfit": "9978000000", "totalRevenue": "35985000000", "costOfRevenue": "26007000000", "costofGoodsAndServicesSold": "26007000000", "operatingIncome": "3898000000", "sellingGeneralAndAdministrative": "1783000000", "researchAndDevelopment": "0", "operatingExpenses": "6136000000", "investmentIncomeNet": "None", "netInterestIncome": "-1554000000", "interestIncome": "1554000000", "interestExpense": "1554000000", "nonInterestIncome": "None", "otherNonOperatingIncome": "-140000000", "depreciation": "None", "depreciationAndAmortization": "5375000000", "incomeBeforeTax": "2232000000", "incomeTaxExpense": "120000000", "interestAndDebtExpense": "None", "netIncomeFromContinuingOperations": "1894000000", "comprehensiveIncomeNetOfTax": "None", "ebit": "3791000000", "ebitda": "9166000000", "netIncome": "2010000000"}, {"fiscalDateEnding": "2017-12-31", "reportedCurrency": "USD", "grossProfit": "9370000000", "totalRevenue": "33531000000", "costOfRevenue": "24161000000", "costofGoodsAndServicesSold": "24161000000", "operatingIncome": "4260000000", "sellingGeneralAndAdministrative": "1731000000", "researchAndDevelopment": "0", "operatingExpenses": "5559000000", "investmentIncomeNet": "None", "netInterestIncome": "-1560000000", "interestIncome": "1560000000", "interestExpense": "1560000000", "nonInterestIncome": "None", "otherNonOperatingIncome": "1024000000", "depreciation": "None", "depreciationAndAmortization": "5427000000", "incomeBeforeTax": "3756000000", "incomeTaxExpense": "-125000000", "interestAndDebtExpense": "None", "netIncomeFromContinuingOperations": "3891000000", "comprehensiveIncomeNetOfTax": "None", "ebit": "5354000000", "ebitda": "10781000000", "netIncome": "3770000000"}, {"fiscalDateEnding": "2016-12-31", "reportedCurrency": "USD", "grossProfit": "8672000000", "totalRevenue": "31360000000", "costOfRevenue": "22688000000", "costofGoodsAndServicesSold": "22688000000", "operatingIncome": "3112000000", "sellingGeneralAndAdministrative": "116000000", "researchAndDevelopment": "0", "operatingExpenses": "5512000000", "investmentIncomeNet": "None", "netInterestIncome": "-1536000000", "interestIncome": "1536000000", "interestExpense": "1536000000", "nonInterestIncome": "None", "otherNonOperatingIncome": "None", "depreciation": "None", "depreciationAndAmortization": "5576000000", "incomeBeforeTax": "1989000000", "incomeTaxExpense": "761000000", "interestAndDebtExpense": "None", "netIncomeFromContinuingOperations": "1204000000", "comprehensiveIncomeNetOfTax": "None", "ebit": "3526000000", "ebitda": "9102000000", "netIncome": "1134000000"}, {"fiscalDateEnding": "2015-12-31", "reportedCurrency": "USD", "grossProfit": "8041000000", "totalRevenue": "29447000000", "costOfRevenue": "21406000000", "costofGoodsAndServicesSold": "21406000000", "operatingIncome": "4409000000", "sellingGeneralAndAdministrative": "9522000000", "researchAndDevelopment": "0", "operatingExpenses": "3650000000", "investmentIncomeNet": "None", "netInterestIncome": "None", "interestIncome": "1033000000", "interestExpense": "1071000000", "nonInterestIncome": "None", "otherNonOperatingIncome": "-53000000", "depreciation": "None", "depreciationAndAmortization": "3987000000", "incomeBeforeTax": "3330000000", "incomeTaxExpense": "1073000000", "interestAndDebtExpense": "None", "netIncomeFromContinuingOperations": "2257000000", "comprehensiveIncomeNetOfTax": "None", "ebit": "4445000000", "ebitda": "8432000000", "netIncome": "2269000000"}, {"fiscalDateEnding": "2014-12-31", "reportedCurrency": "USD", "grossProfit": "5858000000", "totalRevenue": "27429000000", "costOfRevenue": "21571000000", "costofGoodsAndServicesSold": "21571000000", "operatingIncome": "3096000000", "sellingGeneralAndAdministrative": "9722000000", "researchAndDevelopment": "0", "operatingExpenses": "3468000000", "investmentIncomeNet": "None", "netInterestIncome": "None", "interestIncome": "None", "interestExpense": "1065000000", "nonInterestIncome": "None", "otherNonOperatingIncome": "455000000", "depreciation": "None", "depreciationAndAmortization": "3868000000", "incomeBeforeTax": "2486000000", "incomeTaxExpense": "666000000", "interestAndDebtExpense": "None", "netIncomeFromContinuingOperations": "1820000000", "comprehensiveIncomeNetOfTax": "None", "ebit": "3467000000", "ebitda": "7335000000", "netIncome": "1623000000"}, {"fiscalDateEnding": "2013-12-31", "reportedCurrency": "USD", "grossProfit": "6894000000", "totalRevenue": "24901000000", "costOfRevenue": "18007000000", "costofGoodsAndServicesSold": "18007000000", "operatingIncome": "3656000000", "sellingGeneralAndAdministrative": "8365000000", "researchAndDevelopment": "0", "operatingExpenses": "3248000000", "investmentIncomeNet": "None", "netInterestIncome": "None", "interestIncome": "None", "interestExpense": "1356000000", "nonInterestIncome": "None", "otherNonOperatingIncome": "473000000", "depreciation": "None", "depreciationAndAmortization": "3779000000", "incomeBeforeTax": "2773000000", "incomeTaxExpense": "1044000000", "interestAndDebtExpense": "None", "netIncomeFromContinuingOperations": "1729000000", "comprehensiveIncomeNetOfTax": "None", "ebit": "4113000000", "ebitda": "7892000000", "netIncome": "1719000000"}, {"fiscalDateEnding": "2012-12-31", "reportedCurrency": "USD", "grossProfit": "5371000000", "totalRevenue": "23489000000", "costOfRevenue": "18118000000", "costofGoodsAndServicesSold": "18118000000", "operatingIncome": "2380000000", "sellingGeneralAndAdministrative": "0", "researchAndDevelopment": "0", "operatingExpenses": "2900000000", "investmentIncomeNet": "None", "netInterestIncome": "None", "interestIncome": "None", "interestExpense": "928000000", "nonInterestIncome": "None", "otherNonOperatingIncome": "None", "depreciation": "None", "depreciationAndAmortization": "4073000000", "incomeBeforeTax": "1798000000", "incomeTaxExpense": "627000000", "interestAndDebtExpense": "None", "netIncomeFromContinuingOperations": "None", "comprehensiveIncomeNetOfTax": "None", "ebit": "2732000000", "ebitda": "6805000000", "netIncome": "1160000000"}, {"fiscalDateEnding": "2011-12-31", "reportedCurrency": "USD", "grossProfit": "11796000000", "totalRevenue": "19184000000", "costOfRevenue": "7388000000", "costofGoodsAndServicesSold": "7388000000", "operatingIncome": "4480000000", "sellingGeneralAndAdministrative": "0", "researchAndDevelopment": "0", "operatingExpenses": "7316000000", "investmentIncomeNet": "None", "netInterestIncome": "None", "interestIncome": "None", "interestExpense": "726000000", "nonInterestIncome": "None", "otherNonOperatingIncome": "None", "depreciation": "None", "depreciationAndAmortization": "2304000000", "incomeBeforeTax": "3952000000", "incomeTaxExpense": "1457000000", "interestAndDebtExpense": "None", "netIncomeFromContinuingOperations": "None", "comprehensiveIncomeNetOfTax": "None", "ebit": "4678000000", "ebitda": "6982000000", "netIncome": "2495000000"}, {"fiscalDateEnding": "2010-12-31", "reportedCurrency": "USD", "grossProfit": "12209000000", "totalRevenue": "18644000000", "costOfRevenue": "6435000000", "costofGoodsAndServicesSold": "6435000000", "operatingIncome": "4726000000", "sellingGeneralAndAdministrative": "0", "researchAndDevelopment": "0", "operatingExpenses": "7483000000", "investmentIncomeNet": "None", "netInterestIncome": "None", "interestIncome": "None", "interestExpense": "817000000", "nonInterestIncome": "None", "otherNonOperatingIncome": "None", "depreciation": "None", "depreciationAndAmortization": "2075000000", "incomeBeforeTax": "4221000000", "incomeTaxExpense": "1658000000", "interestAndDebtExpense": "None", "netIncomeFromContinuingOperations": "None", "comprehensiveIncomeNetOfTax": "None", "ebit": "4414000000", "ebitda": "6489000000", "netIncome": "2563000000"}, {"fiscalDateEnding": "2009-12-31", "reportedCurrency": "USD", "grossProfit": "12037000000", "totalRevenue": "17318000000", "costOfRevenue": "5281000000", "costofGoodsAndServicesSold": "5281000000", "operatingIncome": "4750000000", "sellingGeneralAndAdministrative": "0", "researchAndDevelopment": "0", "operatingExpenses": "7287000000", "investmentIncomeNet": "None", "netInterestIncome": "None", "interestIncome": "None", "interestExpense": "731000000", "nonInterestIncome": "None", "otherNonOperatingIncome": "None", "depreciation": "None", "depreciationAndAmortization": "2601000000", "incomeBeforeTax": "4418000000", "incomeTaxExpense": "1712000000", "interestAndDebtExpense": "None", "netIncomeFromContinuingOperations": "None", "comprehensiveIncomeNetOfTax": "None", "ebit": "5149000000", "ebitda": "7750000000", "netIncome": "2707000000"}, {"fiscalDateEnding": "2008-12-31", "reportedCurrency": "USD", "grossProfit": "12277000000", "totalRevenue": "18859000000", "costOfRevenue": "6582000000", "costofGoodsAndServicesSold": "6582000000", "operatingIncome": "5299000000", "sellingGeneralAndAdministrative": "None", "researchAndDevelopment": "None", "operatingExpenses": "6978000000", "investmentIncomeNet": "None", "netInterestIncome": "None", "interestIncome": "None", "interestExpense": "832000000", "nonInterestIncome": "None", "otherNonOperatingIncome": "None", "depreciation": "None", "depreciationAndAmortization": "2308000000", "incomeBeforeTax": "4034000000", "incomeTaxExpense": "1317000000", "interestAndDebtExpense": "None", "netIncomeFromContinuingOperations": "None", "comprehensiveIncomeNetOfTax": "None", "ebit": "4866000000", "ebitda": "7174000000", "netIncome": "2737000000"}, {"fiscalDateEnding": "2007-12-31", "reportedCurrency": "USD", "grossProfit": "11274000000", "totalRevenue": "18916000000", "costOfRevenue": "7642000000", "costofGoodsAndServicesSold": "7642000000", "operatingIncome": "4276000000", "sellingGeneralAndAdministrative": "None", "researchAndDevelopment": "None", "operatingExpenses": "6998000000", "investmentIncomeNet": "None", "netInterestIncome": "None", "interestIncome": "None", "interestExpense": "850000000", "nonInterestIncome": "None", "otherNonOperatingIncome": "None", "depreciation": "None", "depreciationAndAmortization": "2183000000", "incomeBeforeTax": "4172000000", "incomeTaxExpense": "1446000000", "interestAndDebtExpense": "None", "netIncomeFromContinuingOperations": "None", "comprehensiveIncomeNetOfTax": "None", "ebit": "5022000000", "ebitda": "7205000000", "netIncome": "2736000000"}, {"fiscalDateEnding": "2006-12-31", "reportedCurrency": "USD", "grossProfit": "10423000000", "totalRevenue": "15655000000", "costOfRevenue": "5232000000", "costofGoodsAndServicesSold": "5232000000", "operatingIncome": "3606000000", "sellingGeneralAndAdministrative": "None", "researchAndDevelopment": "None", "operatingExpenses": "6817000000", "investmentIncomeNet": "None", "netInterestIncome": "None", "interestIncome": "None", "interestExpense": "616000000", "nonInterestIncome": "None", "otherNonOperatingIncome": "None", "depreciation": "None", "depreciationAndAmortization": "2132000000", "incomeBeforeTax": "2796000000", "incomeTaxExpense": "1206000000", "interestAndDebtExpense": "None", "netIncomeFromContinuingOperations": "None", "comprehensiveIncomeNetOfTax": "None", "ebit": "3606000000", "ebitda": "5738000000", "netIncome": "1592000000"}, {"fiscalDateEnding": "2005-12-31", "reportedCurrency": "USD", "grossProfit": "9711000000", "totalRevenue": "15357000000", "costOfRevenue": "5646000000", "costofGoodsAndServicesSold": "5646000000", "operatingIncome": "2724000000", "sellingGeneralAndAdministrative": "None", "researchAndDevelopment": "None", "operatingExpenses": "6987000000", "investmentIncomeNet": "None", "netInterestIncome": "None", "interestIncome": "None", "interestExpense": "513000000", "nonInterestIncome": "None", "otherNonOperatingIncome": "None", "depreciation": "None", "depreciationAndAmortization": "1967000000", "incomeBeforeTax": "1895000000", "incomeTaxExpense": "944000000", "interestAndDebtExpense": "None", "netIncomeFromContinuingOperations": "None", "comprehensiveIncomeNetOfTax": "None", "ebit": "2091000000", "ebitda": "4058000000", "netIncome": "923000000"}], "quarterlyReports": [{"fiscalDateEnding": "2024-12-31", "reportedCurrency": "USD", "grossProfit": "2388000000", "totalRevenue": "5471000000", "costOfRevenue": "3083000000", "costofGoodsAndServicesSold": "3083000000", "operatingIncome": "1098000000", "sellingGeneralAndAdministrative": "None", "researchAndDevelopment": "None", "operatingExpenses": "1290000000", "investmentIncomeNet": "None", "netInterestIncome": "-468000000", "interestIncome": "None", "interestExpense": "468000000", "nonInterestIncome": "None", "otherNonOperatingIncome": "None", "depreciation": "None", "depreciationAndAmortization": "744000000", "incomeBeforeTax": "696000000", "incomeTaxExpense": "49000000", "interestAndDebtExpense": "None", "netIncomeFromContinuingOperations": "647000000", "comprehensiveIncomeNetOfTax": "None", "ebit": "1333000000", "ebitda": "2077000000", "netIncome": "647000000"}, {"fiscalDateEnding": "2024-09-30", "reportedCurrency": "USD", "grossProfit": "2496000000", "totalRevenue": "6154000000", "costOfRevenue": "3658000000", "costofGoodsAndServicesSold": "3658000000", "operatingIncome": "1196000000", "sellingGeneralAndAdministrative": "None", "researchAndDevelopment": "None", "operatingExpenses": "1303000000", "investmentIncomeNet": "None", "netInterestIncome": "-496000000", "interestIncome": "None", "interestExpense": "496000000", "nonInterestIncome": "None", "otherNonOperatingIncome": "None", "depreciation": "None", "depreciationAndAmortization": "909000000", "incomeBeforeTax": "757000000", "incomeTaxExpense": "50000000", "interestAndDebtExpense": "None", "netIncomeFromContinuingOperations": "707000000", "comprehensiveIncomeNetOfTax": "None", "ebit": "1253000000", "ebitda": "2162000000", "netIncome": "707000000"}, {"fiscalDateEnding": "2024-06-30", "reportedCurrency": "USD", "grossProfit": "1263000000", "totalRevenue": "5361000000", "costOfRevenue": "4098000000", "costofGoodsAndServicesSold": "4098000000", "operatingIncome": "903000000", "sellingGeneralAndAdministrative": "None", "researchAndDevelopment": "None", "operatingExpenses": "360000000", "investmentIncomeNet": "None", "netInterestIncome": "-483000000", "interestIncome": "None", "interestExpense": "483000000", "nonInterestIncome": "None", "otherNonOperatingIncome": "None", "depreciation": "None", "depreciationAndAmortization": "894000000", "incomeBeforeTax": "494000000", "incomeTaxExpense": "46000000", "interestAndDebtExpense": "None", "netIncomeFromContinuingOperations": "448000000", "comprehensiveIncomeNetOfTax": "None", "ebit": "977000000", "ebitda": "1871000000", "netIncome": "448000000"}, {"fiscalDateEnding": "2024-03-31", "reportedCurrency": "USD", "grossProfit": "1483000000", "totalRevenue": "6043000000", "costOfRevenue": "4560000000", "costofGoodsAndServicesSold": "4560000000", "operatingIncome": "1112000000", "sellingGeneralAndAdministrative": "None", "researchAndDevelopment": "None", "operatingExpenses": "371000000", "investmentIncomeNet": "None", "netInterestIncome": "-468000000", "interestIncome": "None", "interestExpense": "468000000", "nonInterestIncome": "None", "otherNonOperatingIncome": "None", "depreciation": "None", "depreciationAndAmortization": "880000000", "incomeBeforeTax": "721000000", "incomeTaxExpense": "63000000", "interestAndDebtExpense": "None", "netIncomeFromContinuingOperations": "658000000", "comprehensiveIncomeNetOfTax": "None", "ebit": "1189000000", "ebitda": "2069000000", "netIncome": "658000000"}, {"fiscalDateEnding": "2023-12-31", "reportedCurrency": "USD", "grossProfit": "2317000000", "totalRevenue": "5367000000", "costOfRevenue": "3050000000", "costofGoodsAndServicesSold": "3050000000", "operatingIncome": "1092000000", "sellingGeneralAndAdministrative": "None", "researchAndDevelopment": "None", "operatingExpenses": "1235000000", "investmentIncomeNet": "None", "netInterestIncome": "-452000000", "interestIncome": "None", "interestExpense": "452000000", "nonInterestIncome": "None", "otherNonOperatingIncome": "None", "depreciation": "None", "depreciationAndAmortization": "890000000", "incomeBeforeTax": "717000000", "incomeTaxExpense": "100000000", "interestAndDebtExpense": "None", "netIncomeFromContinuingOperations": "617000000", "comprehensiveIncomeNetOfTax": "None", "ebit": "1169000000", "ebitda": "2059000000", "netIncome": "617000000"}, {"fiscalDateEnding": "2023-09-30", "reportedCurrency": "USD", "grossProfit": "2396000000", "totalRevenue": "5980000000", "costOfRevenue": "3584000000", "costofGoodsAndServicesSold": "3584000000", "operatingIncome": "1123000000", "sellingGeneralAndAdministrative": "None", "researchAndDevelopment": "None", "operatingExpenses": "1273000000", "investmentIncomeNet": "None", "netInterestIncome": "-437000000", "interestIncome": "None", "interestExpense": "437000000", "nonInterestIncome": "None", "otherNonOperatingIncome": "None", "depreciation": "None", "depreciationAndAmortization": "890000000", "incomeBeforeTax": "767000000", "incomeTaxExpense": "67000000", "interestAndDebtExpense": "None", "netIncomeFromContinuingOperations": "700000000", "comprehensiveIncomeNetOfTax": "None", "ebit": "1204000000", "ebitda": "2094000000", "netIncome": "700000000"}, {"fiscalDateEnding": "2023-06-30", "reportedCurrency": "USD", "grossProfit": "1894000000", "totalRevenue": "4818000000", "costOfRevenue": "2924000000", "costofGoodsAndServicesSold": "2924000000", "operatingIncome": "704000000", "sellingGeneralAndAdministrative": "324000000", "researchAndDevelopment": "None", "operatingExpenses": "1190000000", "investmentIncomeNet": "None", "netInterestIncome": "-427000000", "interestIncome": "None", "interestExpense": "427000000", "nonInterestIncome": "None", "otherNonOperatingIncome": "139000000", "depreciation": "None", "depreciationAndAmortization": "866000000", "incomeBeforeTax": "416000000", "incomeTaxExpense": "73000000", "interestAndDebtExpense": "None", "netIncomeFromContinuingOperations": "343000000", "comprehensiveIncomeNetOfTax": "None", "ebit": "844000000", "ebitda": "1710000000", "netIncome": "343000000"}, {"fiscalDateEnding": "2023-03-31", "reportedCurrency": "USD", "grossProfit": "2321000000", "totalRevenue": "5563000000", "costOfRevenue": "3242000000", "costofGoodsAndServicesSold": "3242000000", "operatingIncome": "1106000000", "sellingGeneralAndAdministrative": "355000000", "researchAndDevelopment": "None", "operatingExpenses": "1215000000", "investmentIncomeNet": "None", "netInterestIncome": "-412000000", "interestIncome": "None", "interestExpense": "412000000", "nonInterestIncome": "None", "otherNonOperatingIncome": "109000000", "depreciation": "None", "depreciationAndAmortization": "860000000", "incomeBeforeTax": "803000000", "incomeTaxExpense": "134000000", "interestAndDebtExpense": "None", "netIncomeFromContinuingOperations": "669000000", "comprehensiveIncomeNetOfTax": "None", "ebit": "1215000000", "ebitda": "2075000000", "netIncome": "669000000"}, {"fiscalDateEnding": "2022-12-31", "reportedCurrency": "USD", "grossProfit": "1892000000", "totalRevenue": "4667000000", "costOfRevenue": "2775000000", "costofGoodsAndServicesSold": "2775000000", "operatingIncome": "710000000", "sellingGeneralAndAdministrative": "329000000", "researchAndDevelopment": "None", "operatingExpenses": "1182000000", "investmentIncomeNet": "None", "netInterestIncome": "-384000000", "interestIncome": "None", "interestExpense": "385000000", "nonInterestIncome": "None", "otherNonOperatingIncome": "101000000", "depreciation": "None", "depreciationAndAmortization": "852000000", "incomeBeforeTax": "426000000", "incomeTaxExpense": "-6000000", "interestAndDebtExpense": "None", "netIncomeFromContinuingOperations": "432000000", "comprehensiveIncomeNetOfTax": "None", "ebit": "811000000", "ebitda": "1663000000", "netIncome": "432000000"}, {"fiscalDateEnding": "2022-09-30", "reportedCurrency": "USD", "grossProfit": "2213000000", "totalRevenue": "4845000000", "costOfRevenue": "2632000000", "costofGoodsAndServicesSold": "2632000000", "operatingIncome": "1011000000", "sellingGeneralAndAdministrative": "377000000", "researchAndDevelopment": "None", "operatingExpenses": "1202000000", "investmentIncomeNet": "None", "netInterestIncome": "-365000000", "interestIncome": "None", "interestExpense": "365000000", "nonInterestIncome": "None", "otherNonOperatingIncome": "122000000", "depreciation": "None", "depreciationAndAmortization": "246000000", "incomeBeforeTax": "768000000", "incomeTaxExpense": "92000000", "interestAndDebtExpense": "None", "netIncomeFromContinuingOperations": "676000000", "comprehensiveIncomeNetOfTax": "None", "ebit": "1712000000", "ebitda": "1958000000", "netIncome": "676000000"}, {"fiscalDateEnding": "2022-06-30", "reportedCurrency": "USD", "grossProfit": "1856000000", "totalRevenue": "4239000000", "costOfRevenue": "2383000000", "costofGoodsAndServicesSold": "2383000000", "operatingIncome": "694000000", "sellingGeneralAndAdministrative": "330000000", "researchAndDevelopment": "None", "operatingExpenses": "1160000000", "investmentIncomeNet": "None", "netInterestIncome": "-358000000", "interestIncome": "None", "interestExpense": "358000000", "nonInterestIncome": "None", "otherNonOperatingIncome": "175000000", "depreciation": "None", "depreciationAndAmortization": "830000000", "incomeBeforeTax": "511000000", "incomeTaxExpense": "46000000", "interestAndDebtExpense": "None", "netIncomeFromContinuingOperations": "465000000", "comprehensiveIncomeNetOfTax": "None", "ebit": "869000000", "ebitda": "1699000000", "netIncome": "465000000"}, {"fiscalDateEnding": "2022-03-31", "reportedCurrency": "USD", "grossProfit": "2071000000", "totalRevenue": "5327000000", "costOfRevenue": "3256000000", "costofGoodsAndServicesSold": "3256000000", "operatingIncome": "900000000", "sellingGeneralAndAdministrative": "354000000", "researchAndDevelopment": "None", "operatingExpenses": "1171000000", "investmentIncomeNet": "None", "netInterestIncome": "-338000000", "interestIncome": "None", "interestExpense": "338000000", "nonInterestIncome": "None", "otherNonOperatingIncome": "137000000", "depreciation": "None", "depreciationAndAmortization": "1024000000", "incomeBeforeTax": "699000000", "incomeTaxExpense": "218000000", "interestAndDebtExpense": "None", "netIncomeFromContinuingOperations": "481000000", "comprehensiveIncomeNetOfTax": "None", "ebit": "1037000000", "ebitda": "2061000000", "netIncome": "597000000"}, {"fiscalDateEnding": "2021-12-31", "reportedCurrency": "USD", "grossProfit": "2042000000", "totalRevenue": "9632000000", "costOfRevenue": "7590000000", "costofGoodsAndServicesSold": "7590000000", "operatingIncome": "619000000", "sellingGeneralAndAdministrative": "428000000", "researchAndDevelopment": "None", "operatingExpenses": "1477000000", "investmentIncomeNet": "None", "netInterestIncome": "-391000000", "interestIncome": "None", "interestExpense": "391000000", "nonInterestIncome": "None", "otherNonOperatingIncome": "301000000", "depreciation": "None", "depreciationAndAmortization": "1369000000", "incomeBeforeTax": "533000000", "incomeTaxExpense": "141000000", "interestAndDebtExpense": "None", "netIncomeFromContinuingOperations": "372000000", "comprehensiveIncomeNetOfTax": "None", "ebit": "924000000", "ebitda": "2293000000", "netIncome": "391000000"}, {"fiscalDateEnding": "2021-09-30", "reportedCurrency": "USD", "grossProfit": "3885000000", "totalRevenue": "8910000000", "costOfRevenue": "5025000000", "costofGoodsAndServicesSold": "5025000000", "operatingIncome": "1858000000", "sellingGeneralAndAdministrative": "468000000", "researchAndDevelopment": "None", "operatingExpenses": "2092000000", "investmentIncomeNet": "None", "netInterestIncome": "-397000000", "interestIncome": "None", "interestExpense": "397000000", "nonInterestIncome": "None", "otherNonOperatingIncome": "-58000000", "depreciation": "None", "depreciationAndAmortization": "2024000000", "incomeBeforeTax": "1406000000", "incomeTaxExpense": "174000000", "interestAndDebtExpense": "None", "netIncomeFromContinuingOperations": "1206000000", "comprehensiveIncomeNetOfTax": "None", "ebit": "1803000000", "ebitda": "3827000000", "netIncome": "1203000000"}, {"fiscalDateEnding": "2021-06-30", "reportedCurrency": "USD", "grossProfit": "2452000000", "totalRevenue": "7915000000", "costOfRevenue": "5463000000", "costofGoodsAndServicesSold": "5463000000", "operatingIncome": "366000000", "sellingGeneralAndAdministrative": "432000000", "researchAndDevelopment": "None", "operatingExpenses": "2098000000", "investmentIncomeNet": "None", "netInterestIncome": "-396000000", "interestIncome": "None", "interestExpense": "396000000", "nonInterestIncome": "None", "otherNonOperatingIncome": "580000000", "depreciation": "None", "depreciationAndAmortization": "2076000000", "incomeBeforeTax": "551000000", "incomeTaxExpense": "74000000", "interestAndDebtExpense": "None", "netIncomeFromContinuingOperations": "476000000", "comprehensiveIncomeNetOfTax": "None", "ebit": "947000000", "ebitda": "3023000000", "netIncome": "401000000"}, {"fiscalDateEnding": "2021-03-31", "reportedCurrency": "USD", "grossProfit": "1943000000", "totalRevenue": "9890000000", "costOfRevenue": "7947000000", "costofGoodsAndServicesSold": "7947000000", "operatingIncome": "-121000000", "sellingGeneralAndAdministrative": "438000000", "researchAndDevelopment": "None", "operatingExpenses": "2135000000", "investmentIncomeNet": "None", "netInterestIncome": "-386000000", "interestIncome": "None", "interestExpense": "386000000", "nonInterestIncome": "None", "otherNonOperatingIncome": "224000000", "depreciation": "None", "depreciationAndAmortization": "2104000000", "incomeBeforeTax": "-282000000", "incomeTaxExpense": "-19000000", "interestAndDebtExpense": "None", "netIncomeFromContinuingOperations": "-265000000", "comprehensiveIncomeNetOfTax": "None", "ebit": "104000000", "ebitda": "2208000000", "netIncome": "-289000000"}, {"fiscalDateEnding": "2020-12-31", "reportedCurrency": "USD", "grossProfit": "2380000000", "totalRevenue": "8117000000", "costOfRevenue": "5737000000", "costofGoodsAndServicesSold": "5737000000", "operatingIncome": "272000000", "sellingGeneralAndAdministrative": "414000000", "researchAndDevelopment": "None", "operatingExpenses": "2116000000", "investmentIncomeNet": "None", "netInterestIncome": "-395000000", "interestIncome": "None", "interestExpense": "395000000", "nonInterestIncome": "None", "otherNonOperatingIncome": "792000000", "depreciation": "None", "depreciationAndAmortization": "2108000000", "incomeBeforeTax": "669000000", "incomeTaxExpense": "232000000", "interestAndDebtExpense": "None", "netIncomeFromContinuingOperations": "106000000", "comprehensiveIncomeNetOfTax": "None", "ebit": "1062000000", "ebitda": "3170000000", "netIncome": "360000000"}, {"fiscalDateEnding": "2020-09-30", "reportedCurrency": "USD", "grossProfit": "2507000000", "totalRevenue": "8853000000", "costOfRevenue": "6346000000", "costofGoodsAndServicesSold": "6346000000", "operatingIncome": "769000000", "sellingGeneralAndAdministrative": "452000000", "researchAndDevelopment": "None", "operatingExpenses": "1741000000", "investmentIncomeNet": "None", "netInterestIncome": "-404000000", "interestIncome": "None", "interestExpense": "404000000", "nonInterestIncome": "None", "otherNonOperatingIncome": "420000000", "depreciation": "None", "depreciationAndAmortization": "1289000000", "incomeBeforeTax": "786000000", "incomeTaxExpense": "216000000", "interestAndDebtExpense": "None", "netIncomeFromContinuingOperations": "557000000", "comprehensiveIncomeNetOfTax": "None", "ebit": "1579000000", "ebitda": "2868000000", "netIncome": "501000000"}, {"fiscalDateEnding": "2020-06-30", "reportedCurrency": "USD", "grossProfit": "1965000000", "totalRevenue": "7322000000", "costOfRevenue": "5357000000", "costofGoodsAndServicesSold": "5357000000", "operatingIncome": "565000000", "sellingGeneralAndAdministrative": "411000000", "researchAndDevelopment": "None", "operatingExpenses": "1412000000", "investmentIncomeNet": "None", "netInterestIncome": "-427000000", "interestIncome": "None", "interestExpense": "427000000", "nonInterestIncome": "None", "otherNonOperatingIncome": "655000000", "depreciation": "None", "depreciationAndAmortization": "1363000000", "incomeBeforeTax": "794000000", "incomeTaxExpense": "219000000", "interestAndDebtExpense": "None", "netIncomeFromContinuingOperations": "577000000", "comprehensiveIncomeNetOfTax": "None", "ebit": "1221000000", "ebitda": "2584000000", "netIncome": "521000000"}, {"fiscalDateEnding": "2020-03-31", "reportedCurrency": "USD", "grossProfit": "2676000000", "totalRevenue": "8747000000", "costOfRevenue": "6071000000", "costofGoodsAndServicesSold": "6071000000", "operatingIncome": "1220000000", "sellingGeneralAndAdministrative": "437000000", "researchAndDevelopment": "None", "operatingExpenses": "1458000000", "investmentIncomeNet": "None", "netInterestIncome": "-410000000", "interestIncome": "75000000", "interestExpense": "410000000", "nonInterestIncome": "None", "otherNonOperatingIncome": "-728000000", "depreciation": "None", "depreciationAndAmortization": "1378000000", "incomeBeforeTax": "85000000", "incomeTaxExpense": "-294000000", "interestAndDebtExpense": "None", "netIncomeFromContinuingOperations": "372000000", "comprehensiveIncomeNetOfTax": "None", "ebit": "495000000", "ebitda": "1873000000", "netIncome": "582000000"}, {"fiscalDateEnding": "2019-12-31", "reportedCurrency": "USD", "grossProfit": "2381000000", "totalRevenue": "8343000000", "costOfRevenue": "5962000000", "costofGoodsAndServicesSold": "5962000000", "operatingIncome": "960000000", "sellingGeneralAndAdministrative": "417000000", "researchAndDevelopment": "None", "operatingExpenses": "1432000000", "investmentIncomeNet": "None", "netInterestIncome": "-395000000", "interestIncome": "395000000", "interestExpense": "395000000", "nonInterestIncome": "None", "otherNonOperatingIncome": "389000000", "depreciation": "None", "depreciationAndAmortization": "1015000000", "incomeBeforeTax": "956000000", "incomeTaxExpense": "147000000", "interestAndDebtExpense": "None", "netIncomeFromContinuingOperations": "459000000", "comprehensiveIncomeNetOfTax": "None", "ebit": "1723000000", "ebitda": "2738000000", "netIncome": "773000000"}, {"fiscalDateEnding": "2019-09-30", "reportedCurrency": "USD", "grossProfit": "2905000000", "totalRevenue": "8929000000", "costOfRevenue": "6024000000", "costofGoodsAndServicesSold": "6024000000", "operatingIncome": "1353000000", "sellingGeneralAndAdministrative": "452000000", "researchAndDevelopment": "None", "operatingExpenses": "1535000000", "investmentIncomeNet": "None", "netInterestIncome": "-409000000", "interestIncome": "409000000", "interestExpense": "409000000", "nonInterestIncome": "None", "otherNonOperatingIncome": "-12000000", "depreciation": "None", "depreciationAndAmortization": "1471000000", "incomeBeforeTax": "1102000000", "incomeTaxExpense": "172000000", "interestAndDebtExpense": "None", "netIncomeFromContinuingOperations": "936000000", "comprehensiveIncomeNetOfTax": "None", "ebit": "1436000000", "ebitda": "2907000000", "netIncome": "772000000"}, {"fiscalDateEnding": "2019-06-30", "reportedCurrency": "USD", "grossProfit": "2305000000", "totalRevenue": "7689000000", "costOfRevenue": "5384000000", "costofGoodsAndServicesSold": "5384000000", "operatingIncome": "841000000", "sellingGeneralAndAdministrative": "418000000", "researchAndDevelopment": "None", "operatingExpenses": "1497000000", "investmentIncomeNet": "None", "netInterestIncome": "-409000000", "interestIncome": "409000000", "interestExpense": "409000000", "nonInterestIncome": "None", "otherNonOperatingIncome": "206000000", "depreciation": "None", "depreciationAndAmortization": "1462000000", "incomeBeforeTax": "644000000", "incomeTaxExpense": "144000000", "interestAndDebtExpense": "None", "netIncomeFromContinuingOperations": "500000000", "comprehensiveIncomeNetOfTax": "None", "ebit": "978000000", "ebitda": "2440000000", "netIncome": "484000000"}, {"fiscalDateEnding": "2019-03-31", "reportedCurrency": "USD", "grossProfit": "2735000000", "totalRevenue": "9477000000", "costOfRevenue": "6742000000", "costofGoodsAndServicesSold": "6742000000", "operatingIncome": "1218000000", "sellingGeneralAndAdministrative": "445000000", "researchAndDevelopment": "None", "operatingExpenses": "1520000000", "investmentIncomeNet": "None", "netInterestIncome": "-403000000", "interestIncome": "403000000", "interestExpense": "403000000", "nonInterestIncome": "None", "otherNonOperatingIncome": "461000000", "depreciation": "None", "depreciationAndAmortization": "1460000000", "incomeBeforeTax": "1282000000", "incomeTaxExpense": "310000000", "interestAndDebtExpense": "None", "netIncomeFromContinuingOperations": "934000000", "comprehensiveIncomeNetOfTax": "None", "ebit": "1606000000", "ebitda": "3066000000", "netIncome": "907000000"}, {"fiscalDateEnding": "2018-12-31", "reportedCurrency": "USD", "grossProfit": "2216000000", "totalRevenue": "8814000000", "costOfRevenue": "6598000000", "costofGoodsAndServicesSold": "6598000000", "operatingIncome": "708000000", "sellingGeneralAndAdministrative": "440000000", "researchAndDevelopment": "0", "operatingExpenses": "1509000000", "investmentIncomeNet": "None", "netInterestIncome": "None", "interestIncome": "None", "interestExpense": "416000000", "nonInterestIncome": "None", "otherNonOperatingIncome": "-328000000", "depreciation": "None", "depreciationAndAmortization": "1068000000", "incomeBeforeTax": "-31000000", "incomeTaxExpense": "-142000000", "interestAndDebtExpense": "None", "netIncomeFromContinuingOperations": "-72000000", "comprehensiveIncomeNetOfTax": "None", "ebit": "777000000", "ebitda": "1845000000", "netIncome": "152000000"}, {"fiscalDateEnding": "2018-09-30", "reportedCurrency": "USD", "grossProfit": "2725000000", "totalRevenue": "9403000000", "costOfRevenue": "6678000000", "costofGoodsAndServicesSold": "6678000000", "operatingIncome": "1146000000", "sellingGeneralAndAdministrative": "469000000", "researchAndDevelopment": "0", "operatingExpenses": "1574000000", "investmentIncomeNet": "None", "netInterestIncome": "None", "interestIncome": "None", "interestExpense": "393000000", "nonInterestIncome": "None", "otherNonOperatingIncome": "184000000", "depreciation": "None", "depreciationAndAmortization": "1511000000", "incomeBeforeTax": "947000000", "incomeTaxExpense": "137000000", "interestAndDebtExpense": "None", "netIncomeFromContinuingOperations": "815000000", "comprehensiveIncomeNetOfTax": "None", "ebit": "1340000000", "ebitda": "2851000000", "netIncome": "733000000"}, {"fiscalDateEnding": "2018-06-30", "reportedCurrency": "USD", "grossProfit": "2454000000", "totalRevenue": "8076000000", "costOfRevenue": "5622000000", "costofGoodsAndServicesSold": "5622000000", "operatingIncome": "942000000", "sellingGeneralAndAdministrative": "428000000", "researchAndDevelopment": "0", "operatingExpenses": "1516000000", "investmentIncomeNet": "None", "netInterestIncome": "None", "interestIncome": "None", "interestExpense": "373000000", "nonInterestIncome": "None", "otherNonOperatingIncome": "39000000", "depreciation": "None", "depreciationAndAmortization": "1499000000", "incomeBeforeTax": "613000000", "incomeTaxExpense": "66000000", "interestAndDebtExpense": "None", "netIncomeFromContinuingOperations": "542000000", "comprehensiveIncomeNetOfTax": "None", "ebit": "986000000", "ebitda": "2485000000", "netIncome": "539000000"}, {"fiscalDateEnding": "2018-03-31", "reportedCurrency": "USD", "grossProfit": "2582000000", "totalRevenue": "9693000000", "costOfRevenue": "7111000000", "costofGoodsAndServicesSold": "7111000000", "operatingIncome": "1101000000", "sellingGeneralAndAdministrative": "446000000", "researchAndDevelopment": "0", "operatingExpenses": "1537000000", "investmentIncomeNet": "None", "netInterestIncome": "None", "interestIncome": "None", "interestExpense": "371000000", "nonInterestIncome": "None", "otherNonOperatingIncome": "-35000000", "depreciation": "None", "depreciationAndAmortization": "1501000000", "incomeBeforeTax": "702000000", "incomeTaxExpense": "59000000", "interestAndDebtExpense": "None", "netIncomeFromContinuingOperations": "609000000", "comprehensiveIncomeNetOfTax": "None", "ebit": "921000000", "ebitda": "2422000000", "netIncome": "585000000"}, {"fiscalDateEnding": "2017-12-31", "reportedCurrency": "USD", "grossProfit": "2478000000", "totalRevenue": "8381000000", "costOfRevenue": "5903000000", "costofGoodsAndServicesSold": "5903000000", "operatingIncome": "1258000000", "sellingGeneralAndAdministrative": "5012000000", "researchAndDevelopment": "0", "operatingExpenses": "1433000000", "investmentIncomeNet": "None", "netInterestIncome": "None", "interestIncome": "None", "interestExpense": "365000000", "nonInterestIncome": "None", "otherNonOperatingIncome": "325000000", "depreciation": "None", "depreciationAndAmortization": "1015000000", "incomeBeforeTax": "1224000000", "incomeTaxExpense": "-719000000", "interestAndDebtExpense": "None", "netIncomeFromContinuingOperations": "1904000000", "comprehensiveIncomeNetOfTax": "None", "ebit": "2006000000", "ebitda": "3021000000", "netIncome": "1871000000"}, {"fiscalDateEnding": "2017-09-30", "reportedCurrency": "USD", "grossProfit": "2927000000", "totalRevenue": "8769000000", "costOfRevenue": "5842000000", "costofGoodsAndServicesSold": "5842000000", "operatingIncome": "1475000000", "sellingGeneralAndAdministrative": "456000000", "researchAndDevelopment": "0", "operatingExpenses": "1458000000", "investmentIncomeNet": "None", "netInterestIncome": "None", "interestIncome": "None", "interestExpense": "386000000", "nonInterestIncome": "None", "otherNonOperatingIncome": "230000000", "depreciation": "None", "depreciationAndAmortization": "1408000000", "incomeBeforeTax": "1326000000", "incomeTaxExpense": "452000000", "interestAndDebtExpense": "None", "netIncomeFromContinuingOperations": "834000000", "comprehensiveIncomeNetOfTax": "None", "ebit": "1717000000", "ebitda": "3125000000", "netIncome": "824000000"}, {"fiscalDateEnding": "2017-06-30", "reportedCurrency": "USD", "grossProfit": "1566000000", "totalRevenue": "7623000000", "costOfRevenue": "6057000000", "costofGoodsAndServicesSold": "6057000000", "operatingIncome": "232000000", "sellingGeneralAndAdministrative": "3391000000", "researchAndDevelopment": "0", "operatingExpenses": "1335000000", "investmentIncomeNet": "None", "netInterestIncome": "None", "interestIncome": "None", "interestExpense": "436000000", "nonInterestIncome": "None", "otherNonOperatingIncome": "196000000", "depreciation": "None", "depreciationAndAmortization": "1317000000", "incomeBeforeTax": "1000000", "incomeTaxExpense": "-72000000", "interestAndDebtExpense": "None", "netIncomeFromContinuingOperations": "87000000", "comprehensiveIncomeNetOfTax": "None", "ebit": "440000000", "ebitda": "1757000000", "netIncome": "80000000"}, {"fiscalDateEnding": "2017-03-31", "reportedCurrency": "USD", "grossProfit": "2398000000", "totalRevenue": "8757000000", "costOfRevenue": "6359000000", "costofGoodsAndServicesSold": "6359000000", "operatingIncome": "1296000000", "sellingGeneralAndAdministrative": "2896000000", "researchAndDevelopment": "0", "operatingExpenses": "1332000000", "investmentIncomeNet": "None", "netInterestIncome": "None", "interestIncome": "None", "interestExpense": "373000000", "nonInterestIncome": "None", "otherNonOperatingIncome": "273000000", "depreciation": "None", "depreciationAndAmortization": "1274000000", "incomeBeforeTax": "1206000000", "incomeTaxExpense": "215000000", "interestAndDebtExpense": "None", "netIncomeFromContinuingOperations": "1066000000", "comprehensiveIncomeNetOfTax": "None", "ebit": "1576000000", "ebitda": "2850000000", "netIncome": "995000000"}, {"fiscalDateEnding": "2016-12-31", "reportedCurrency": "USD", "grossProfit": "2326000000", "totalRevenue": "7875000000", "costOfRevenue": "5549000000", "costofGoodsAndServicesSold": "5549000000", "operatingIncome": "714000000", "sellingGeneralAndAdministrative": "116000000", "researchAndDevelopment": "0", "operatingExpenses": "1523000000", "investmentIncomeNet": "None", "netInterestIncome": "None", "interestIncome": "None", "interestExpense": "356000000", "nonInterestIncome": "None", "otherNonOperatingIncome": "None", "depreciation": "None", "depreciationAndAmortization": "1115000000", "incomeBeforeTax": "391000000", "incomeTaxExpense": "136000000", "interestAndDebtExpense": "None", "netIncomeFromContinuingOperations": "1196000000", "comprehensiveIncomeNetOfTax": "None", "ebit": "1191000000", "ebitda": "2306000000", "netIncome": "204000000"}, {"fiscalDateEnding": "2016-09-30", "reportedCurrency": "USD", "grossProfit": "2910000000", "totalRevenue": "9002000000", "costOfRevenue": "6092000000", "costofGoodsAndServicesSold": "6092000000", "operatingIncome": "1267000000", "sellingGeneralAndAdministrative": "2787000000", "researchAndDevelopment": "0", "operatingExpenses": "1644000000", "investmentIncomeNet": "None", "netInterestIncome": "None", "interestIncome": "None", "interestExpense": "516000000", "nonInterestIncome": "None", "otherNonOperatingIncome": "115000000", "depreciation": "None", "depreciationAndAmortization": "1613000000", "incomeBeforeTax": "871000000", "incomeTaxExpense": "340000000", "interestAndDebtExpense": "None", "netIncomeFromContinuingOperations": "526000000", "comprehensiveIncomeNetOfTax": "None", "ebit": "1393000000", "ebitda": "3006000000", "netIncome": "490000000"}, {"fiscalDateEnding": "2016-06-30", "reportedCurrency": "USD", "grossProfit": "1951000000", "totalRevenue": "6910000000", "costOfRevenue": "4959000000", "costofGoodsAndServicesSold": "4959000000", "operatingIncome": "647000000", "sellingGeneralAndAdministrative": "2899000000", "researchAndDevelopment": "0", "operatingExpenses": "1335000000", "investmentIncomeNet": "None", "netInterestIncome": "None", "interestIncome": "None", "interestExpense": "376000000", "nonInterestIncome": "None", "otherNonOperatingIncome": "137000000", "depreciation": "None", "depreciationAndAmortization": "1333000000", "incomeBeforeTax": "415000000", "incomeTaxExpense": "102000000", "interestAndDebtExpense": "None", "netIncomeFromContinuingOperations": "306000000", "comprehensiveIncomeNetOfTax": "None", "ebit": "791000000", "ebitda": "2124000000", "netIncome": "267000000"}, {"fiscalDateEnding": "2016-03-31", "reportedCurrency": "USD", "grossProfit": "1484000000", "totalRevenue": "7573000000", "costOfRevenue": "6089000000", "costofGoodsAndServicesSold": "6089000000", "operatingIncome": "483000000", "sellingGeneralAndAdministrative": "3160000000", "researchAndDevelopment": "0", "operatingExpenses": "1010000000", "investmentIncomeNet": "None", "netInterestIncome": "None", "interestIncome": "None", "interestExpense": "292000000", "nonInterestIncome": "None", "otherNonOperatingIncome": "111000000", "depreciation": "None", "depreciationAndAmortization": "1063000000", "incomeBeforeTax": "310000000", "incomeTaxExpense": "184000000", "interestAndDebtExpense": "None", "netIncomeFromContinuingOperations": "123000000", "comprehensiveIncomeNetOfTax": "None", "ebit": "597000000", "ebitda": "1660000000", "netIncome": "173000000"}, {"fiscalDateEnding": "2015-12-31", "reportedCurrency": "USD", "grossProfit": "1624000000", "totalRevenue": "6702000000", "costOfRevenue": "5078000000", "costofGoodsAndServicesSold": "5078000000", "operatingIncome": "707000000", "sellingGeneralAndAdministrative": "2495000000", "researchAndDevelopment": "0", "operatingExpenses": "925000000", "investmentIncomeNet": "None", "netInterestIncome": "None", "interestIncome": "None", "interestExpense": "316000000", "nonInterestIncome": "None", "otherNonOperatingIncome": "539000000", "depreciation": "None", "depreciationAndAmortization": "633000000", "incomeBeforeTax": "563000000", "incomeTaxExpense": "268000000", "interestAndDebtExpense": "None", "netIncomeFromContinuingOperations": "-89000000", "comprehensiveIncomeNetOfTax": "None", "ebit": "1265000000", "ebitda": "1898000000", "netIncome": "309000000"}, {"fiscalDateEnding": "2015-09-30", "reportedCurrency": "USD", "grossProfit": "2114000000", "totalRevenue": "7401000000", "costOfRevenue": "5287000000", "costofGoodsAndServicesSold": "5287000000", "operatingIncome": "1200000000", "sellingGeneralAndAdministrative": "2306000000", "researchAndDevelopment": "0", "operatingExpenses": "916000000", "investmentIncomeNet": "None", "netInterestIncome": "None", "interestIncome": "None", "interestExpense": "253000000", "nonInterestIncome": "None", "otherNonOperatingIncome": "-498000000", "depreciation": "None", "depreciationAndAmortization": "973000000", "incomeBeforeTax": "703000000", "incomeTaxExpense": "115000000", "interestAndDebtExpense": "None", "netIncomeFromContinuingOperations": "830000000", "comprehensiveIncomeNetOfTax": "None", "ebit": "956000000", "ebitda": "1929000000", "netIncome": "629000000"}, {"fiscalDateEnding": "2015-06-30", "reportedCurrency": "USD", "grossProfit": "2023000000", "totalRevenue": "6514000000", "costOfRevenue": "4491000000", "costofGoodsAndServicesSold": "4491000000", "operatingIncome": "1134000000", "sellingGeneralAndAdministrative": "2336000000", "researchAndDevelopment": "0", "operatingExpenses": "896000000", "investmentIncomeNet": "None", "netInterestIncome": "None", "interestIncome": "None", "interestExpense": "155000000", "nonInterestIncome": "None", "otherNonOperatingIncome": "-174000000", "depreciation": "None", "depreciationAndAmortization": "602000000", "incomeBeforeTax": "962000000", "incomeTaxExpense": "327000000", "interestAndDebtExpense": "None", "netIncomeFromContinuingOperations": "778000000", "comprehensiveIncomeNetOfTax": "None", "ebit": "1524000000", "ebitda": "2126000000", "netIncome": "638000000"}, {"fiscalDateEnding": "2015-03-31", "reportedCurrency": "USD", "grossProfit": "2279000000", "totalRevenue": "8830000000", "costOfRevenue": "6551000000", "costofGoodsAndServicesSold": "6551000000", "operatingIncome": "1366000000", "sellingGeneralAndAdministrative": "2385000000", "researchAndDevelopment": "0", "operatingExpenses": "914000000", "investmentIncomeNet": "None", "netInterestIncome": "None", "interestIncome": "None", "interestExpense": "345000000", "nonInterestIncome": "None", "otherNonOperatingIncome": "80000000", "depreciation": "None", "depreciationAndAmortization": "948000000", "incomeBeforeTax": "1101000000", "incomeTaxExpense": "363000000", "interestAndDebtExpense": "None", "netIncomeFromContinuingOperations": "738000000", "comprehensiveIncomeNetOfTax": "None", "ebit": "1446000000", "ebitda": "2394000000", "netIncome": "693000000"}, {"fiscalDateEnding": "2014-12-31", "reportedCurrency": "USD", "grossProfit": "1089000000", "totalRevenue": "7255000000", "costOfRevenue": "6166000000", "costofGoodsAndServicesSold": "6166000000", "operatingIncome": "348000000", "sellingGeneralAndAdministrative": "2829000000", "researchAndDevelopment": "0", "operatingExpenses": "849000000", "investmentIncomeNet": "None", "netInterestIncome": "None", "interestIncome": "None", "interestExpense": "343000000", "nonInterestIncome": "None", "otherNonOperatingIncome": "-245000000", "depreciation": "None", "depreciationAndAmortization": "582000000", "incomeBeforeTax": "115000000", "incomeTaxExpense": "20000000", "interestAndDebtExpense": "None", "netIncomeFromContinuingOperations": "96000000", "comprehensiveIncomeNetOfTax": "None", "ebit": "888000000", "ebitda": "1470000000", "netIncome": "18000000"}, {"fiscalDateEnding": "2014-09-30", "reportedCurrency": "USD", "grossProfit": "2282000000", "totalRevenue": "6912000000", "costOfRevenue": "4630000000", "costofGoodsAndServicesSold": "4630000000", "operatingIncome": "1400000000", "sellingGeneralAndAdministrative": "2288000000", "researchAndDevelopment": "0", "operatingExpenses": "883000000", "investmentIncomeNet": "None", "netInterestIncome": "None", "interestIncome": "None", "interestExpense": "258000000", "nonInterestIncome": "None", "otherNonOperatingIncome": "354000000", "depreciation": "None", "depreciationAndAmortization": "931000000", "incomeBeforeTax": "1496000000", "incomeTaxExpense": "422000000", "interestAndDebtExpense": "None", "netIncomeFromContinuingOperations": "1074000000", "comprehensiveIncomeNetOfTax": "None", "ebit": "1754000000", "ebitda": "2685000000", "netIncome": "993000000"}, {"fiscalDateEnding": "2014-06-30", "reportedCurrency": "USD", "grossProfit": "1446000000", "totalRevenue": "6024000000", "costOfRevenue": "4578000000", "costofGoodsAndServicesSold": "4578000000", "operatingIncome": "829000000", "sellingGeneralAndAdministrative": "2454000000", "researchAndDevelopment": "0", "operatingExpenses": "878000000", "investmentIncomeNet": "None", "netInterestIncome": "None", "interestIncome": "None", "interestExpense": "238000000", "nonInterestIncome": "None", "otherNonOperatingIncome": "243000000", "depreciation": "None", "depreciationAndAmortization": "1017000000", "incomeBeforeTax": "834000000", "incomeTaxExpense": "277000000", "interestAndDebtExpense": "None", "netIncomeFromContinuingOperations": "557000000", "comprehensiveIncomeNetOfTax": "None", "ebit": "1072000000", "ebitda": "2089000000", "netIncome": "522000000"}, {"fiscalDateEnding": "2014-03-31", "reportedCurrency": "USD", "grossProfit": "1039000000", "totalRevenue": "7237000000", "costOfRevenue": "6198000000", "costofGoodsAndServicesSold": "6198000000", "operatingIncome": "163000000", "sellingGeneralAndAdministrative": "2151000000", "researchAndDevelopment": "0", "operatingExpenses": "857000000", "investmentIncomeNet": "None", "netInterestIncome": "None", "interestIncome": "None", "interestExpense": "227000000", "nonInterestIncome": "None", "otherNonOperatingIncome": "103000000", "depreciation": "None", "depreciationAndAmortization": "908000000", "incomeBeforeTax": "39000000", "incomeTaxExpense": "-54000000", "interestAndDebtExpense": "None", "netIncomeFromContinuingOperations": "93000000", "comprehensiveIncomeNetOfTax": "None", "ebit": "266000000", "ebitda": "1174000000", "netIncome": "90000000"}, {"fiscalDateEnding": "2013-12-31", "reportedCurrency": "USD", "grossProfit": "1703000000", "totalRevenue": "6175000000", "costOfRevenue": "4472000000", "costofGoodsAndServicesSold": "4472000000", "operatingIncome": "889000000", "sellingGeneralAndAdministrative": "0", "researchAndDevelopment": "0", "operatingExpenses": "817000000", "investmentIncomeNet": "None", "netInterestIncome": "None", "interestIncome": "None", "interestExpense": "246000000", "nonInterestIncome": "None", "otherNonOperatingIncome": "None", "depreciation": "None", "depreciationAndAmortization": "935000000", "incomeBeforeTax": "805000000", "incomeTaxExpense": "311000000", "interestAndDebtExpense": "None", "netIncomeFromContinuingOperations": "0", "comprehensiveIncomeNetOfTax": "None", "ebit": "1051000000", "ebitda": "1986000000", "netIncome": "495000000"}, {"fiscalDateEnding": "2013-09-30", "reportedCurrency": "USD", "grossProfit": "2024000000", "totalRevenue": "6502000000", "costOfRevenue": "4478000000", "costofGoodsAndServicesSold": "4478000000", "operatingIncome": "1254000000", "sellingGeneralAndAdministrative": "2012000000", "researchAndDevelopment": "0", "operatingExpenses": "807000000", "investmentIncomeNet": "None", "netInterestIncome": "None", "interestIncome": "None", "interestExpense": "234000000", "nonInterestIncome": "None", "otherNonOperatingIncome": "149000000", "depreciation": "None", "depreciationAndAmortization": "872000000", "incomeBeforeTax": "1175000000", "incomeTaxExpense": "439000000", "interestAndDebtExpense": "None", "netIncomeFromContinuingOperations": "736000000", "comprehensiveIncomeNetOfTax": "None", "ebit": "1409000000", "ebitda": "2281000000", "netIncome": "738000000"}, {"fiscalDateEnding": "2013-06-30", "reportedCurrency": "USD", "grossProfit": "1830000000", "totalRevenue": "6141000000", "costOfRevenue": "4311000000", "costofGoodsAndServicesSold": "4311000000", "operatingIncome": "1005000000", "sellingGeneralAndAdministrative": "2163000000", "researchAndDevelopment": "0", "operatingExpenses": "804000000", "investmentIncomeNet": "None", "netInterestIncome": "None", "interestIncome": "None", "interestExpense": "252000000", "nonInterestIncome": "None", "otherNonOperatingIncome": "-23000000", "depreciation": "None", "depreciationAndAmortization": "955000000", "incomeBeforeTax": "736000000", "incomeTaxExpense": "239000000", "interestAndDebtExpense": "None", "netIncomeFromContinuingOperations": "497000000", "comprehensiveIncomeNetOfTax": "None", "ebit": "988000000", "ebitda": "1943000000", "netIncome": "490000000"}, {"fiscalDateEnding": "2013-03-31", "reportedCurrency": "USD", "grossProfit": "1337000000", "totalRevenue": "6082000000", "costOfRevenue": "4745000000", "costofGoodsAndServicesSold": "4745000000", "operatingIncome": "508000000", "sellingGeneralAndAdministrative": "0", "researchAndDevelopment": "0", "operatingExpenses": "820000000", "investmentIncomeNet": "None", "netInterestIncome": "None", "interestIncome": "None", "interestExpense": "623000000", "nonInterestIncome": "None", "otherNonOperatingIncome": "None", "depreciation": "None", "depreciationAndAmortization": "1017000000", "incomeBeforeTax": "57000000", "incomeTaxExpense": "56000000", "interestAndDebtExpense": "None", "netIncomeFromContinuingOperations": "0", "comprehensiveIncomeNetOfTax": "None", "ebit": "680000000", "ebitda": "1697000000", "netIncome": "-4000000"}, {"fiscalDateEnding": "2012-12-31", "reportedCurrency": "USD", "grossProfit": "-4436000000", "totalRevenue": "6284000000", "costOfRevenue": "10720000000", "costofGoodsAndServicesSold": "10720000000", "operatingIncome": "704000000", "sellingGeneralAndAdministrative": "0", "researchAndDevelopment": "0", "operatingExpenses": "-5162000000", "investmentIncomeNet": "None", "netInterestIncome": "None", "interestIncome": "None", "interestExpense": "231000000", "nonInterestIncome": "None", "otherNonOperatingIncome": "None", "depreciation": "None", "depreciationAndAmortization": "1170000000", "incomeBeforeTax": "566000000", "incomeTaxExpense": "182000000", "interestAndDebtExpense": "None", "netIncomeFromContinuingOperations": "0", "comprehensiveIncomeNetOfTax": "None", "ebit": "797000000", "ebitda": "1967000000", "netIncome": "378000000"}, {"fiscalDateEnding": "2012-09-30", "reportedCurrency": "USD", "grossProfit": "3539000000", "totalRevenue": "6565000000", "costOfRevenue": "3026000000", "costofGoodsAndServicesSold": "3026000000", "operatingIncome": "603000000", "sellingGeneralAndAdministrative": "0", "researchAndDevelopment": "0", "operatingExpenses": "2946000000", "investmentIncomeNet": "None", "netInterestIncome": "None", "interestIncome": "None", "interestExpense": "246000000", "nonInterestIncome": "None", "otherNonOperatingIncome": "None", "depreciation": "None", "depreciationAndAmortization": "1014000000", "incomeBeforeTax": "458000000", "incomeTaxExpense": "161000000", "interestAndDebtExpense": "None", "netIncomeFromContinuingOperations": "0", "comprehensiveIncomeNetOfTax": "None", "ebit": "704000000", "ebitda": "1718000000", "netIncome": "297000000"}, {"fiscalDateEnding": "2012-06-30", "reportedCurrency": "USD", "grossProfit": "3348000000", "totalRevenue": "5954000000", "costOfRevenue": "2606000000", "costofGoodsAndServicesSold": "2606000000", "operatingIncome": "729000000", "sellingGeneralAndAdministrative": "0", "researchAndDevelopment": "0", "operatingExpenses": "2619000000", "investmentIncomeNet": "None", "netInterestIncome": "None", "interestIncome": "None", "interestExpense": "256000000", "nonInterestIncome": "None", "otherNonOperatingIncome": "None", "depreciation": "None", "depreciationAndAmortization": "1128000000", "incomeBeforeTax": "415000000", "incomeTaxExpense": "126000000", "interestAndDebtExpense": "None", "netIncomeFromContinuingOperations": "0", "comprehensiveIncomeNetOfTax": "None", "ebit": "662000000", "ebitda": "1790000000", "netIncome": "286000000"}, {"fiscalDateEnding": "2012-03-31", "reportedCurrency": "USD", "grossProfit": "2921000000", "totalRevenue": "4686000000", "costOfRevenue": "1765000000", "costofGoodsAndServicesSold": "1765000000", "operatingIncome": "359000000", "sellingGeneralAndAdministrative": "0", "researchAndDevelopment": "0", "operatingExpenses": "2518000000", "investmentIncomeNet": "None", "netInterestIncome": "None", "interestIncome": "None", "interestExpense": "195000000", "nonInterestIncome": "None", "otherNonOperatingIncome": "None", "depreciation": "None", "depreciationAndAmortization": "767000000", "incomeBeforeTax": "358000000", "incomeTaxExpense": "158000000", "interestAndDebtExpense": "None", "netIncomeFromContinuingOperations": "0", "comprehensiveIncomeNetOfTax": "None", "ebit": "562000000", "ebitda": "1329000000", "netIncome": "200000000"}, {"fiscalDateEnding": "2011-12-31", "reportedCurrency": "USD", "grossProfit": "2927000000", "totalRevenue": "3991000000", "costOfRevenue": "1064000000", "costofGoodsAndServicesSold": "1064000000", "operatingIncome": "1063000000", "sellingGeneralAndAdministrative": "0", "researchAndDevelopment": "0", "operatingExpenses": "1864000000", "investmentIncomeNet": "None", "netInterestIncome": "None", "interestIncome": "None", "interestExpense": "181000000", "nonInterestIncome": "None", "otherNonOperatingIncome": "None", "depreciation": "None", "depreciationAndAmortization": "602000000", "incomeBeforeTax": "1029000000", "incomeTaxExpense": "423000000", "interestAndDebtExpense": "None", "netIncomeFromContinuingOperations": "0", "comprehensiveIncomeNetOfTax": "None", "ebit": "1210000000", "ebitda": "1812000000", "netIncome": "606000000"}, {"fiscalDateEnding": "2011-09-30", "reportedCurrency": "USD", "grossProfit": "3133000000", "totalRevenue": "5295000000", "costOfRevenue": "2162000000", "costofGoodsAndServicesSold": "2162000000", "operatingIncome": "1181000000", "sellingGeneralAndAdministrative": "0", "researchAndDevelopment": "0", "operatingExpenses": "1952000000", "investmentIncomeNet": "None", "netInterestIncome": "None", "interestIncome": "None", "interestExpense": "182000000", "nonInterestIncome": "None", "otherNonOperatingIncome": "None", "depreciation": "None", "depreciationAndAmortization": "588000000", "incomeBeforeTax": "856000000", "incomeTaxExpense": "255000000", "interestAndDebtExpense": "None", "netIncomeFromContinuingOperations": "0", "comprehensiveIncomeNetOfTax": "None", "ebit": "1039000000", "ebitda": "1627000000", "netIncome": "601000000"}, {"fiscalDateEnding": "2011-06-30", "reportedCurrency": "USD", "grossProfit": "2780000000", "totalRevenue": "4587000000", "costOfRevenue": "1807000000", "costofGoodsAndServicesSold": "1807000000", "operatingIncome": "1034000000", "sellingGeneralAndAdministrative": "0", "researchAndDevelopment": "0", "operatingExpenses": "1746000000", "investmentIncomeNet": "None", "netInterestIncome": "None", "interestIncome": "None", "interestExpense": "182000000", "nonInterestIncome": "None", "otherNonOperatingIncome": "None", "depreciation": "None", "depreciationAndAmortization": "562000000", "incomeBeforeTax": "952000000", "incomeTaxExpense": "332000000", "interestAndDebtExpense": "None", "netIncomeFromContinuingOperations": "0", "comprehensiveIncomeNetOfTax": "None", "ebit": "1135000000", "ebitda": "1697000000", "netIncome": "620000000"}, {"fiscalDateEnding": "2011-03-31", "reportedCurrency": "USD", "grossProfit": "2955000000", "totalRevenue": "5052000000", "costOfRevenue": "2097000000", "costofGoodsAndServicesSold": "2097000000", "operatingIncome": "1202000000", "sellingGeneralAndAdministrative": "0", "researchAndDevelopment": "0", "operatingExpenses": "1753000000", "investmentIncomeNet": "None", "netInterestIncome": "None", "interestIncome": "None", "interestExpense": "181000000", "nonInterestIncome": "None", "otherNonOperatingIncome": "None", "depreciation": "None", "depreciationAndAmortization": "552000000", "incomeBeforeTax": "1114000000", "incomeTaxExpense": "446000000", "interestAndDebtExpense": "None", "netIncomeFromContinuingOperations": "0", "comprehensiveIncomeNetOfTax": "None", "ebit": "1296000000", "ebitda": "1848000000", "netIncome": "668000000"}, {"fiscalDateEnding": "2010-12-31", "reportedCurrency": "USD", "grossProfit": "2801000000", "totalRevenue": "4494000000", "costOfRevenue": "1693000000", "costofGoodsAndServicesSold": "1693000000", "operatingIncome": "940000000", "sellingGeneralAndAdministrative": "0", "researchAndDevelopment": "0", "operatingExpenses": "1861000000", "investmentIncomeNet": "None", "netInterestIncome": "None", "interestIncome": "None", "interestExpense": "183000000", "nonInterestIncome": "None", "otherNonOperatingIncome": "None", "depreciation": "None", "depreciationAndAmortization": "688000000", "incomeBeforeTax": "891000000", "incomeTaxExpense": "367000000", "interestAndDebtExpense": "None", "netIncomeFromContinuingOperations": "0", "comprehensiveIncomeNetOfTax": "None", "ebit": "1074000000", "ebitda": "1762000000", "netIncome": "524000000"}, {"fiscalDateEnding": "2010-09-30", "reportedCurrency": "USD", "grossProfit": "3335000000", "totalRevenue": "5291000000", "costOfRevenue": "1956000000", "costofGoodsAndServicesSold": "1956000000", "operatingIncome": "1366000000", "sellingGeneralAndAdministrative": "0", "researchAndDevelopment": "0", "operatingExpenses": "1969000000", "investmentIncomeNet": "None", "netInterestIncome": "None", "interestIncome": "None", "interestExpense": "175000000", "nonInterestIncome": "None", "otherNonOperatingIncome": "None", "depreciation": "None", "depreciationAndAmortization": "800000000", "incomeBeforeTax": "1397000000", "incomeTaxExpense": "552000000", "interestAndDebtExpense": "None", "netIncomeFromContinuingOperations": "0", "comprehensiveIncomeNetOfTax": "None", "ebit": "1572000000", "ebitda": "2372000000", "netIncome": "845000000"}, {"fiscalDateEnding": "2010-06-30", "reportedCurrency": "USD", "grossProfit": "2871000000", "totalRevenue": "4398000000", "costOfRevenue": "1527000000", "costofGoodsAndServicesSold": "1527000000", "operatingIncome": "1018000000", "sellingGeneralAndAdministrative": "0", "researchAndDevelopment": "0", "operatingExpenses": "1853000000", "investmentIncomeNet": "None", "netInterestIncome": "None", "interestIncome": "None", "interestExpense": "275000000", "nonInterestIncome": "None", "otherNonOperatingIncome": "None", "depreciation": "None", "depreciationAndAmortization": "737000000", "incomeBeforeTax": "621000000", "incomeTaxExpense": "176000000", "interestAndDebtExpense": "None", "netIncomeFromContinuingOperations": "0", "comprehensiveIncomeNetOfTax": "None", "ebit": "896000000", "ebitda": "1633000000", "netIncome": "445000000"}, {"fiscalDateEnding": "2010-03-31", "reportedCurrency": "USD", "grossProfit": "3202000000", "totalRevenue": "4461000000", "costOfRevenue": "1259000000", "costofGoodsAndServicesSold": "1259000000", "operatingIncome": "1402000000", "sellingGeneralAndAdministrative": "0", "researchAndDevelopment": "0", "operatingExpenses": "1800000000", "investmentIncomeNet": "None", "netInterestIncome": "None", "interestIncome": "None", "interestExpense": "183000000", "nonInterestIncome": "None", "otherNonOperatingIncome": "None", "depreciation": "None", "depreciationAndAmortization": "718000000", "incomeBeforeTax": "1312000000", "incomeTaxExpense": "563000000", "interestAndDebtExpense": "None", "netIncomeFromContinuingOperations": "0", "comprehensiveIncomeNetOfTax": "None", "ebit": "1495000000", "ebitda": "2213000000", "netIncome": "749000000"}, {"fiscalDateEnding": "2009-12-31", "reportedCurrency": "USD", "grossProfit": "2875000000", "totalRevenue": "4116000000", "costOfRevenue": "1241000000", "costofGoodsAndServicesSold": "1241000000", "operatingIncome": "1076000000", "sellingGeneralAndAdministrative": "0", "researchAndDevelopment": "0", "operatingExpenses": "1799000000", "investmentIncomeNet": "None", "netInterestIncome": "None", "interestIncome": "None", "interestExpense": "176000000", "nonInterestIncome": "None", "otherNonOperatingIncome": "None", "depreciation": "None", "depreciationAndAmortization": "666000000", "incomeBeforeTax": "953000000", "incomeTaxExpense": "373000000", "interestAndDebtExpense": "None", "netIncomeFromContinuingOperations": "0", "comprehensiveIncomeNetOfTax": "None", "ebit": "1129000000", "ebitda": "1795000000", "netIncome": "581000000"}, {"fiscalDateEnding": "2009-09-30", "reportedCurrency": "USD", "grossProfit": "3139000000", "totalRevenue": "4339000000", "costOfRevenue": "1200000000", "costofGoodsAndServicesSold": "1200000000", "operatingIncome": "1403000000", "sellingGeneralAndAdministrative": "0", "researchAndDevelopment": "0", "operatingExpenses": "1736000000", "investmentIncomeNet": "None", "netInterestIncome": "None", "interestIncome": "None", "interestExpense": "188000000", "nonInterestIncome": "None", "otherNonOperatingIncome": "None", "depreciation": "None", "depreciationAndAmortization": "682000000", "incomeBeforeTax": "1355000000", "incomeTaxExpense": "598000000", "interestAndDebtExpense": "None", "netIncomeFromContinuingOperations": "0", "comprehensiveIncomeNetOfTax": "None", "ebit": "1543000000", "ebitda": "2225000000", "netIncome": "757000000"}, {"fiscalDateEnding": "2009-06-30", "reportedCurrency": "USD", "grossProfit": "2760000000", "totalRevenue": "4141000000", "costOfRevenue": "1381000000", "costofGoodsAndServicesSold": "1381000000", "operatingIncome": "1017000000", "sellingGeneralAndAdministrative": "0", "researchAndDevelopment": "0", "operatingExpenses": "1743000000", "investmentIncomeNet": "None", "netInterestIncome": "None", "interestIncome": "None", "interestExpense": "180000000", "nonInterestIncome": "None", "otherNonOperatingIncome": "None", "depreciation": "None", "depreciationAndAmortization": "439000000", "incomeBeforeTax": "1088000000", "incomeTaxExpense": "430000000", "interestAndDebtExpense": "None", "netIncomeFromContinuingOperations": "0", "comprehensiveIncomeNetOfTax": "None", "ebit": "760000000", "ebitda": "1199000000", "netIncome": "657000000"}, {"fiscalDateEnding": "2009-03-31", "reportedCurrency": "USD", "grossProfit": "3263000000", "totalRevenue": "4722000000", "costOfRevenue": "1459000000", "costofGoodsAndServicesSold": "1459000000", "operatingIncome": "1254000000", "sellingGeneralAndAdministrative": "0", "researchAndDevelopment": "0", "operatingExpenses": "2009000000", "investmentIncomeNet": "None", "netInterestIncome": "None", "interestIncome": "None", "interestExpense": "233000000", "nonInterestIncome": "None", "otherNonOperatingIncome": "None", "depreciation": "None", "depreciationAndAmortization": "622000000", "incomeBeforeTax": "1021000000", "incomeTaxExpense": "310000000", "interestAndDebtExpense": "None", "netIncomeFromContinuingOperations": "0", "comprehensiveIncomeNetOfTax": "None", "ebit": "1210000000", "ebitda": "1832000000", "netIncome": "712000000"}, {"fiscalDateEnding": "2008-12-31", "reportedCurrency": "USD", "grossProfit": "3084000000", "totalRevenue": "4493000000", "costOfRevenue": "1409000000", "costofGoodsAndServicesSold": "1409000000", "operatingIncome": "1333000000", "sellingGeneralAndAdministrative": "0", "researchAndDevelopment": "0", "operatingExpenses": "1751000000", "investmentIncomeNet": "None", "netInterestIncome": "None", "interestIncome": "None", "interestExpense": "699000000", "nonInterestIncome": "None", "otherNonOperatingIncome": "None", "depreciation": "None", "depreciationAndAmortization": "583000000", "incomeBeforeTax": "981000000", "incomeTaxExpense": "295000000", "interestAndDebtExpense": "None", "netIncomeFromContinuingOperations": "0", "comprehensiveIncomeNetOfTax": "None", "ebit": "900000000", "ebitda": "1483000000", "netIncome": "707000000"}, {"fiscalDateEnding": "2008-09-30", "reportedCurrency": "USD", "grossProfit": "3183000000", "totalRevenue": "5228000000", "costOfRevenue": "2045000000", "costofGoodsAndServicesSold": "2045000000", "operatingIncome": "1413000000", "sellingGeneralAndAdministrative": "0", "researchAndDevelopment": "0", "operatingExpenses": "1770000000", "investmentIncomeNet": "None", "netInterestIncome": "None", "interestIncome": "None", "interestExpense": "172000000", "nonInterestIncome": "None", "otherNonOperatingIncome": "None", "depreciation": "None", "depreciationAndAmortization": "1285000000", "incomeBeforeTax": "1046000000", "incomeTaxExpense": "346000000", "interestAndDebtExpense": "None", "netIncomeFromContinuingOperations": "0", "comprehensiveIncomeNetOfTax": "None", "ebit": "1413000000", "ebitda": "2698000000", "netIncome": "700000000"}, {"fiscalDateEnding": "2008-06-30", "reportedCurrency": "USD", "grossProfit": "3104000000", "totalRevenue": "4622000000", "costOfRevenue": "1518000000", "costofGoodsAndServicesSold": "1518000000", "operatingIncome": "1430000000", "sellingGeneralAndAdministrative": "0", "researchAndDevelopment": "0", "operatingExpenses": "1674000000", "investmentIncomeNet": "None", "netInterestIncome": "None", "interestIncome": "None", "interestExpense": "180000000", "nonInterestIncome": "None", "otherNonOperatingIncome": "None", "depreciation": "None", "depreciationAndAmortization": "-112000000", "incomeBeforeTax": "1168000000", "incomeTaxExpense": "419000000", "interestAndDebtExpense": "None", "netIncomeFromContinuingOperations": "0", "comprehensiveIncomeNetOfTax": "None", "ebit": "1502000000", "ebitda": "1390000000", "netIncome": "748000000"}, {"fiscalDateEnding": "2008-03-31", "reportedCurrency": "USD", "grossProfit": "2907000000", "totalRevenue": "4517000000", "costOfRevenue": "1610000000", "costofGoodsAndServicesSold": "1610000000", "operatingIncome": "1123000000", "sellingGeneralAndAdministrative": "0", "researchAndDevelopment": "0", "operatingExpenses": "1784000000", "investmentIncomeNet": "None", "netInterestIncome": "None", "interestIncome": "None", "interestExpense": "180000000", "nonInterestIncome": "None", "otherNonOperatingIncome": "None", "depreciation": "None", "depreciationAndAmortization": "552000000", "incomeBeforeTax": "839000000", "incomeTaxExpense": "258000000", "interestAndDebtExpense": "None", "netIncomeFromContinuingOperations": "0", "comprehensiveIncomeNetOfTax": "None", "ebit": "1123000000", "ebitda": "1675000000", "netIncome": "581000000"}, {"fiscalDateEnding": "2007-12-31", "reportedCurrency": "USD", "grossProfit": "2638000000", "totalRevenue": "4554000000", "costOfRevenue": "1916000000", "costofGoodsAndServicesSold": "1916000000", "operatingIncome": "503000000", "sellingGeneralAndAdministrative": "0", "researchAndDevelopment": "0", "operatingExpenses": "2135000000", "investmentIncomeNet": "None", "netInterestIncome": "None", "interestIncome": "None", "interestExpense": "647000000", "nonInterestIncome": "None", "otherNonOperatingIncome": "None", "depreciation": "None", "depreciationAndAmortization": "540000000", "incomeBeforeTax": "902000000", "incomeTaxExpense": "339000000", "interestAndDebtExpense": "None", "netIncomeFromContinuingOperations": "0", "comprehensiveIncomeNetOfTax": "None", "ebit": "503000000", "ebitda": "1043000000", "netIncome": "563000000"}, {"fiscalDateEnding": "2007-09-30", "reportedCurrency": "USD", "grossProfit": "2961000000", "totalRevenue": "5032000000", "costOfRevenue": "2071000000", "costofGoodsAndServicesSold": "2071000000", "operatingIncome": "1351000000", "sellingGeneralAndAdministrative": "0", "researchAndDevelopment": "0", "operatingExpenses": "1610000000", "investmentIncomeNet": "None", "netInterestIncome": "None", "interestIncome": "None", "interestExpense": "162000000", "nonInterestIncome": "None", "otherNonOperatingIncome": "None", "depreciation": "None", "depreciationAndAmortization": "577000000", "incomeBeforeTax": "1238000000", "incomeTaxExpense": "459000000", "interestAndDebtExpense": "None", "netIncomeFromContinuingOperations": "0", "comprehensiveIncomeNetOfTax": "None", "ebit": "1351000000", "ebitda": "1928000000", "netIncome": "780000000"}, {"fiscalDateEnding": "2007-06-30", "reportedCurrency": "USD", "grossProfit": "2861000000", "totalRevenue": "4501000000", "costOfRevenue": "1640000000", "costofGoodsAndServicesSold": "1640000000", "operatingIncome": "1231000000", "sellingGeneralAndAdministrative": "0", "researchAndDevelopment": "0", "operatingExpenses": "1630000000", "investmentIncomeNet": "None", "netInterestIncome": "None", "interestIncome": "None", "interestExpense": "161000000", "nonInterestIncome": "None", "otherNonOperatingIncome": "None", "depreciation": "None", "depreciationAndAmortization": "533000000", "incomeBeforeTax": "1017000000", "incomeTaxExpense": "314000000", "interestAndDebtExpense": "None", "netIncomeFromContinuingOperations": "0", "comprehensiveIncomeNetOfTax": "None", "ebit": "1231000000", "ebitda": "1764000000", "netIncome": "702000000"}, {"fiscalDateEnding": "2007-03-31", "reportedCurrency": "USD", "grossProfit": "2814000000", "totalRevenue": "4829000000", "costOfRevenue": "2015000000", "costofGoodsAndServicesSold": "2015000000", "operatingIncome": "1191000000", "sellingGeneralAndAdministrative": "0", "researchAndDevelopment": "0", "operatingExpenses": "1623000000", "investmentIncomeNet": "None", "netInterestIncome": "None", "interestIncome": "None", "interestExpense": "156000000", "nonInterestIncome": "None", "otherNonOperatingIncome": "None", "depreciation": "None", "depreciationAndAmortization": "533000000", "incomeBeforeTax": "1015000000", "incomeTaxExpense": "334000000", "interestAndDebtExpense": "None", "netIncomeFromContinuingOperations": "0", "comprehensiveIncomeNetOfTax": "None", "ebit": "1191000000", "ebitda": "1724000000", "netIncome": "691000000"}, {"fiscalDateEnding": "2006-12-31", "reportedCurrency": "USD", "grossProfit": "2483000000", "totalRevenue": "3695000000", "costOfRevenue": "1212000000", "costofGoodsAndServicesSold": "1212000000", "operatingIncome": "1148000000", "sellingGeneralAndAdministrative": "0", "researchAndDevelopment": "0", "operatingExpenses": "1335000000", "investmentIncomeNet": "None", "netInterestIncome": "None", "interestIncome": "None", "interestExpense": "616000000", "nonInterestIncome": "None", "otherNonOperatingIncome": "None", "depreciation": "None", "depreciationAndAmortization": "511000000", "incomeBeforeTax": "870000000", "incomeTaxExpense": "277000000", "interestAndDebtExpense": "None", "netIncomeFromContinuingOperations": "0", "comprehensiveIncomeNetOfTax": "None", "ebit": "1148000000", "ebitda": "1659000000", "netIncome": "592000000"}, {"fiscalDateEnding": "2006-09-30", "reportedCurrency": "USD", "grossProfit": "2916000000", "totalRevenue": "4401000000", "costOfRevenue": "1485000000", "costofGoodsAndServicesSold": "1485000000", "operatingIncome": "438000000", "sellingGeneralAndAdministrative": "0", "researchAndDevelopment": "0", "operatingExpenses": "2478000000", "investmentIncomeNet": "None", "netInterestIncome": "None", "interestIncome": "None", "interestExpense": "154000000", "nonInterestIncome": "None", "otherNonOperatingIncome": "None", "depreciation": "None", "depreciationAndAmortization": "561000000", "incomeBeforeTax": "321000000", "incomeTaxExpense": "366000000", "interestAndDebtExpense": "None", "netIncomeFromContinuingOperations": "0", "comprehensiveIncomeNetOfTax": "None", "ebit": "438000000", "ebitda": "999000000", "netIncome": "-44000000"}, {"fiscalDateEnding": "2006-06-30", "reportedCurrency": "USD", "grossProfit": "2624000000", "totalRevenue": "3697000000", "costOfRevenue": "1073000000", "costofGoodsAndServicesSold": "1073000000", "operatingIncome": "1202000000", "sellingGeneralAndAdministrative": "0", "researchAndDevelopment": "0", "operatingExpenses": "1422000000", "investmentIncomeNet": "None", "netInterestIncome": "None", "interestIncome": "None", "interestExpense": "154000000", "nonInterestIncome": "None", "otherNonOperatingIncome": "None", "depreciation": "None", "depreciationAndAmortization": "962000000", "incomeBeforeTax": "1005000000", "incomeTaxExpense": "363000000", "interestAndDebtExpense": "None", "netIncomeFromContinuingOperations": "0", "comprehensiveIncomeNetOfTax": "None", "ebit": "776000000", "ebitda": "1738000000", "netIncome": "645000000"}, {"fiscalDateEnding": "2006-03-31", "reportedCurrency": "USD", "grossProfit": "2412000000", "totalRevenue": "3861000000", "costOfRevenue": "1449000000", "costofGoodsAndServicesSold": "1449000000", "operatingIncome": "818000000", "sellingGeneralAndAdministrative": "0", "researchAndDevelopment": "0", "operatingExpenses": "1594000000", "investmentIncomeNet": "None", "netInterestIncome": "None", "interestIncome": "None", "interestExpense": "153000000", "nonInterestIncome": "None", "otherNonOperatingIncome": "None", "depreciation": "None", "depreciationAndAmortization": "98000000", "incomeBeforeTax": "600000000", "incomeTaxExpense": "201000000", "interestAndDebtExpense": "None", "netIncomeFromContinuingOperations": "0", "comprehensiveIncomeNetOfTax": "None", "ebit": "1244000000", "ebitda": "1342000000", "netIncome": "400000000"}, {"fiscalDateEnding": "2005-12-31", "reportedCurrency": "USD", "grossProfit": "2204000000", "totalRevenue": "3838000000", "costOfRevenue": "1634000000", "costofGoodsAndServicesSold": "1634000000", "operatingIncome": "-416000000", "sellingGeneralAndAdministrative": "0", "researchAndDevelopment": "0", "operatingExpenses": "2620000000", "investmentIncomeNet": "None", "netInterestIncome": "None", "interestIncome": "None", "interestExpense": "513000000", "nonInterestIncome": "None", "otherNonOperatingIncome": "None", "depreciation": "None", "depreciationAndAmortization": "490000000", "incomeBeforeTax": "-631000000", "incomeTaxExpense": "165000000", "interestAndDebtExpense": "None", "netIncomeFromContinuingOperations": "0", "comprehensiveIncomeNetOfTax": "None", "ebit": "-416000000", "ebitda": "74000000", "netIncome": "-837000000"}, {"fiscalDateEnding": "2005-09-30", "reportedCurrency": "USD", "grossProfit": "2792000000", "totalRevenue": "4473000000", "costOfRevenue": "1681000000", "costofGoodsAndServicesSold": "1681000000", "operatingIncome": "1312000000", "sellingGeneralAndAdministrative": "0", "researchAndDevelopment": "0", "operatingExpenses": "1480000000", "investmentIncomeNet": "None", "netInterestIncome": "None", "interestIncome": "None", "interestExpense": "139000000", "nonInterestIncome": "None", "otherNonOperatingIncome": "None", "depreciation": "None", "depreciationAndAmortization": "1279000000", "incomeBeforeTax": "1068000000", "incomeTaxExpense": "344000000", "interestAndDebtExpense": "None", "netIncomeFromContinuingOperations": "0", "comprehensiveIncomeNetOfTax": "None", "ebit": "391000000", "ebitda": "1670000000", "netIncome": "725000000"}, {"fiscalDateEnding": "2005-06-30", "reportedCurrency": "USD", "grossProfit": "2344000000", "totalRevenue": "3484000000", "costOfRevenue": "1140000000", "costofGoodsAndServicesSold": "1140000000", "operatingIncome": "897000000", "sellingGeneralAndAdministrative": "0", "researchAndDevelopment": "0", "operatingExpenses": "1447000000", "investmentIncomeNet": "None", "netInterestIncome": "None", "interestIncome": "None", "interestExpense": "129000000", "nonInterestIncome": "None", "otherNonOperatingIncome": "None", "depreciation": "None", "depreciationAndAmortization": "-280000000", "incomeBeforeTax": "723000000", "incomeTaxExpense": "207000000", "interestAndDebtExpense": "None", "netIncomeFromContinuingOperations": "0", "comprehensiveIncomeNetOfTax": "None", "ebit": "1502000000", "ebitda": "1222000000", "netIncome": "514000000"}, {"fiscalDateEnding": "2005-03-31", "reportedCurrency": "USD", "grossProfit": "2371000000", "totalRevenue": "3561000000", "costOfRevenue": "1190000000", "costofGoodsAndServicesSold": "1190000000", "operatingIncome": "931000000", "sellingGeneralAndAdministrative": "0", "researchAndDevelopment": "0", "operatingExpenses": "1440000000", "investmentIncomeNet": "None", "netInterestIncome": "None", "interestIncome": "None", "interestExpense": "106000000", "nonInterestIncome": "None", "otherNonOperatingIncome": "None", "depreciation": "None", "depreciationAndAmortization": "478000000", "incomeBeforeTax": "734000000", "incomeTaxExpense": "227000000", "interestAndDebtExpense": "None", "netIncomeFromContinuingOperations": "0", "comprehensiveIncomeNetOfTax": "None", "ebit": "772000000", "ebitda": "1250000000", "netIncome": "521000000"}, {"fiscalDateEnding": "2004-12-31", "reportedCurrency": "USD", "grossProfit": "2184000000", "totalRevenue": "3378000000", "costOfRevenue": "1194000000", "costofGoodsAndServicesSold": "1194000000", "operatingIncome": "641000000", "sellingGeneralAndAdministrative": "0", "researchAndDevelopment": "0", "operatingExpenses": "1543000000", "investmentIncomeNet": "None", "netInterestIncome": "None", "interestIncome": "None", "interestExpense": "548000000", "nonInterestIncome": "None", "otherNonOperatingIncome": "None", "depreciation": "None", "depreciationAndAmortization": "426000000", "incomeBeforeTax": "399000000", "incomeTaxExpense": "36000000", "interestAndDebtExpense": "None", "netIncomeFromContinuingOperations": "0", "comprehensiveIncomeNetOfTax": "None", "ebit": "641000000", "ebitda": "1067000000", "netIncome": "363000000"}]}