{"symbol": "GNRC", "annualReports": [{"fiscalDateEnding": "2024-12-31", "reportedCurrency": "USD", "grossProfit": "1665626000", "totalRevenue": "4295834000", "costOfRevenue": "2630208000", "costofGoodsAndServicesSold": "2630208000", "operatingIncome": "536742000", "sellingGeneralAndAdministrative": "285095000", "researchAndDevelopment": "219600000", "operatingExpenses": "1128884000", "investmentIncomeNet": "None", "netInterestIncome": "-89713000", "interestIncome": "None", "interestExpense": "89713000", "nonInterestIncome": "None", "otherNonOperatingIncome": "None", "depreciation": "None", "depreciationAndAmortization": "171768000", "incomeBeforeTax": "409438000", "incomeTaxExpense": "92460000", "interestAndDebtExpense": "None", "netIncomeFromContinuingOperations": "316978000", "comprehensiveIncomeNetOfTax": "None", "ebit": "499151000", "ebitda": "670919000", "netIncome": "316315000"}, {"fiscalDateEnding": "2023-12-31", "reportedCurrency": "USD", "grossProfit": "1365431000", "totalRevenue": "4022667000", "costOfRevenue": "2657236000", "costofGoodsAndServicesSold": "2657236000", "operatingIncome": "386199000", "sellingGeneralAndAdministrative": "252936000", "researchAndDevelopment": "173443000", "operatingExpenses": "979232000", "investmentIncomeNet": "None", "netInterestIncome": "-92385000", "interestIncome": "None", "interestExpense": "97627000", "nonInterestIncome": "None", "otherNonOperatingIncome": "None", "depreciation": "None", "depreciationAndAmortization": "166602000", "incomeBeforeTax": "290300000", "incomeTaxExpense": "73180000", "interestAndDebtExpense": "None", "netIncomeFromContinuingOperations": "194201000", "comprehensiveIncomeNetOfTax": "None", "ebit": "386659000", "ebitda": "553261000", "netIncome": "203089000"}, {"fiscalDateEnding": "2022-12-31", "reportedCurrency": "USD", "grossProfit": "1522004000", "totalRevenue": "4564737000", "costOfRevenue": "3042733000", "costofGoodsAndServicesSold": "3042733000", "operatingIncome": "566330000", "sellingGeneralAndAdministrative": "194861000", "researchAndDevelopment": "159774000", "operatingExpenses": "954215000", "investmentIncomeNet": "None", "netInterestIncome": "-54826000", "interestIncome": "None", "interestExpense": "54826000", "nonInterestIncome": "None", "otherNonOperatingIncome": "-3038000", "depreciation": "None", "depreciationAndAmortization": "156141000", "incomeBeforeTax": "508466000", "incomeTaxExpense": "99596000", "interestAndDebtExpense": "None", "netIncomeFromContinuingOperations": "408870000", "comprehensiveIncomeNetOfTax": "None", "ebit": "567789000", "ebitda": "723930000", "netIncome": "350267000"}, {"fiscalDateEnding": "2021-12-31", "reportedCurrency": "USD", "grossProfit": "1360082000", "totalRevenue": "3737184000", "costOfRevenue": "2377102000", "costofGoodsAndServicesSold": "2377102000", "operatingIncome": "721136000", "sellingGeneralAndAdministrative": "144272000", "researchAndDevelopment": "104303000", "operatingExpenses": "617481000", "investmentIncomeNet": "None", "netInterestIncome": "-32953000", "interestIncome": "None", "interestExpense": "32953000", "nonInterestIncome": "None", "otherNonOperatingIncome": "3343000", "depreciation": "None", "depreciationAndAmortization": "92041000", "incomeBeforeTax": "691526000", "incomeTaxExpense": "134957000", "interestAndDebtExpense": "None", "netIncomeFromContinuingOperations": "556569000", "comprehensiveIncomeNetOfTax": "None", "ebit": "742601000", "ebitda": "834642000", "netIncome": "533392000"}, {"fiscalDateEnding": "2020-12-31", "reportedCurrency": "USD", "grossProfit": "957654000", "totalRevenue": "2485200000", "costOfRevenue": "1527546000", "costofGoodsAndServicesSold": "1527546000", "operatingIncome": "479106000", "sellingGeneralAndAdministrative": "119644000", "researchAndDevelopment": "80251000", "operatingExpenses": "478548000", "investmentIncomeNet": "None", "netInterestIncome": "-32991000", "interestIncome": "None", "interestExpense": "32991000", "nonInterestIncome": "None", "otherNonOperatingIncome": "76000", "depreciation": "None", "depreciationAndAmortization": "68773000", "incomeBeforeTax": "446191000", "incomeTaxExpense": "98973000", "interestAndDebtExpense": "None", "netIncomeFromContinuingOperations": "347582000", "comprehensiveIncomeNetOfTax": "None", "ebit": "480517000", "ebitda": "549290000", "netIncome": "349329000"}, {"fiscalDateEnding": "2019-12-31", "reportedCurrency": "USD", "grossProfit": "797752000", "totalRevenue": "2204336000", "costOfRevenue": "1406584000", "costofGoodsAndServicesSold": "1406584000", "operatingIncome": "372163000", "sellingGeneralAndAdministrative": "110868000", "researchAndDevelopment": "68394000", "operatingExpenses": "425589000", "investmentIncomeNet": "None", "netInterestIncome": "-41544000", "interestIncome": "38777000", "interestExpense": "41544000", "nonInterestIncome": "None", "otherNonOperatingIncome": "-11012000", "depreciation": "None", "depreciationAndAmortization": "60909000", "incomeBeforeTax": "319607000", "incomeTaxExpense": "67299000", "interestAndDebtExpense": "None", "netIncomeFromContinuingOperations": "263484000", "comprehensiveIncomeNetOfTax": "None", "ebit": "374014000", "ebitda": "434923000", "netIncome": "253260000"}, {"fiscalDateEnding": "2018-12-31", "reportedCurrency": "USD", "grossProfit": "725040000", "totalRevenue": "2023464000", "costOfRevenue": "1298424000", "costofGoodsAndServicesSold": "1298424000", "operatingIncome": "357181000", "sellingGeneralAndAdministrative": "103841000", "researchAndDevelopment": "50019000", "operatingExpenses": "367859000", "investmentIncomeNet": "None", "netInterestIncome": "-40956000", "interestIncome": "39063000", "interestExpense": "40956000", "nonInterestIncome": "None", "otherNonOperatingIncome": "-5149000", "depreciation": "None", "depreciationAndAmortization": "47408000", "incomeBeforeTax": "311076000", "incomeTaxExpense": "69856000", "interestAndDebtExpense": "None", "netIncomeFromContinuingOperations": "240010000", "comprehensiveIncomeNetOfTax": "None", "ebit": "357181000", "ebitda": "404589000", "netIncome": "238257000"}, {"fiscalDateEnding": "2017-12-31", "reportedCurrency": "USD", "grossProfit": "582117000", "totalRevenue": "1672445000", "costOfRevenue": "1090328000", "costofGoodsAndServicesSold": "1090328000", "operatingIncome": "251064000", "sellingGeneralAndAdministrative": "87512000", "researchAndDevelopment": "42925000", "operatingExpenses": "331053000", "investmentIncomeNet": "None", "netInterestIncome": "-42667000", "interestIncome": "42369000", "interestExpense": "42667000", "nonInterestIncome": "None", "otherNonOperatingIncome": "-3709000", "depreciation": "None", "depreciationAndAmortization": "51988000", "incomeBeforeTax": "204688000", "incomeTaxExpense": "43553000", "interestAndDebtExpense": "None", "netIncomeFromContinuingOperations": "155648000", "comprehensiveIncomeNetOfTax": "None", "ebit": "250634000", "ebitda": "302622000", "netIncome": "159386000"}, {"fiscalDateEnding": "2016-12-31", "reportedCurrency": "USD", "grossProfit": "514106000", "totalRevenue": "1444453000", "costOfRevenue": "930347000", "costofGoodsAndServicesSold": "930347000", "operatingIncome": "204617000", "sellingGeneralAndAdministrative": "74700000", "researchAndDevelopment": "37229000", "operatingExpenses": "309489000", "investmentIncomeNet": "None", "netInterestIncome": "-47525000", "interestIncome": "44524000", "interestExpense": "44524000", "nonInterestIncome": "None", "otherNonOperatingIncome": "-3667000", "depreciation": "None", "depreciationAndAmortization": "54418000", "incomeBeforeTax": "156382000", "incomeTaxExpense": "57570000", "interestAndDebtExpense": "None", "netIncomeFromContinuingOperations": "100107000", "comprehensiveIncomeNetOfTax": "None", "ebit": "209652000", "ebitda": "264070000", "netIncome": "98788000"}, {"fiscalDateEnding": "2015-12-31", "reportedCurrency": "USD", "grossProfit": "459950000", "totalRevenue": "1317299000", "costOfRevenue": "857349000", "costofGoodsAndServicesSold": "857349000", "operatingIncome": "179561000", "sellingGeneralAndAdministrative": "52947000", "researchAndDevelopment": "32922000", "operatingExpenses": "239702000", "investmentIncomeNet": "None", "netInterestIncome": "None", "interestIncome": "42720000", "interestExpense": "42720000", "nonInterestIncome": "None", "otherNonOperatingIncome": "-13735000", "depreciation": "None", "depreciationAndAmortization": "40333000", "incomeBeforeTax": "122983000", "incomeTaxExpense": "45236000", "interestAndDebtExpense": "None", "netIncomeFromContinuingOperations": "77747000", "comprehensiveIncomeNetOfTax": "None", "ebit": "220248000", "ebitda": "260581000", "netIncome": "77747000"}, {"fiscalDateEnding": "2014-12-31", "reportedCurrency": "USD", "grossProfit": "516219000", "totalRevenue": "1460919000", "costOfRevenue": "944700000", "costofGoodsAndServicesSold": "944700000", "operatingIncome": "293375000", "sellingGeneralAndAdministrative": "54795000", "researchAndDevelopment": "31494000", "operatingExpenses": "227721000", "investmentIncomeNet": "None", "netInterestIncome": "None", "interestIncome": "None", "interestExpense": "47215000", "nonInterestIncome": "None", "otherNonOperatingIncome": "12202000", "depreciation": "None", "depreciationAndAmortization": "34730000", "incomeBeforeTax": "258362000", "incomeTaxExpense": "83749000", "interestAndDebtExpense": "None", "netIncomeFromContinuingOperations": "174613000", "comprehensiveIncomeNetOfTax": "None", "ebit": "288498000", "ebitda": "323228000", "netIncome": "174613000"}, {"fiscalDateEnding": "2013-12-31", "reportedCurrency": "USD", "grossProfit": "569560000", "totalRevenue": "1485765000", "costOfRevenue": "916205000", "costofGoodsAndServicesSold": "916205000", "operatingIncome": "351465000", "sellingGeneralAndAdministrative": "55490000", "researchAndDevelopment": "29271000", "operatingExpenses": "218095000", "investmentIncomeNet": "None", "netInterestIncome": "None", "interestIncome": "None", "interestExpense": "54435000", "nonInterestIncome": "None", "otherNonOperatingIncome": "-18314000", "depreciation": "None", "depreciationAndAmortization": "36774000", "incomeBeforeTax": "278716000", "incomeTaxExpense": "104177000", "interestAndDebtExpense": "None", "netIncomeFromContinuingOperations": "182227000", "comprehensiveIncomeNetOfTax": "None", "ebit": "351465000", "ebitda": "388239000", "netIncome": "174539000"}, {"fiscalDateEnding": "2012-12-31", "reportedCurrency": "USD", "grossProfit": "440400000", "totalRevenue": "1176306000", "costOfRevenue": "735906000", "costofGoodsAndServicesSold": "735906000", "operatingIncome": "223555000", "sellingGeneralAndAdministrative": "46031000", "researchAndDevelopment": "23499000", "operatingExpenses": "216845000", "investmentIncomeNet": "None", "netInterestIncome": "None", "interestIncome": "None", "interestExpense": "49114000", "nonInterestIncome": "None", "otherNonOperatingIncome": "-18089000", "depreciation": "None", "depreciationAndAmortization": "54160000", "incomeBeforeTax": "156352000", "incomeTaxExpense": "63129000", "interestAndDebtExpense": "None", "netIncomeFromContinuingOperations": "91671000", "comprehensiveIncomeNetOfTax": "None", "ebit": "203384000", "ebitda": "257544000", "netIncome": "93223000"}, {"fiscalDateEnding": "2011-12-31", "reportedCurrency": "USD", "grossProfit": "294654000", "totalRevenue": "791976000", "costOfRevenue": "497322000", "costofGoodsAndServicesSold": "497322000", "operatingIncome": "112981000", "sellingGeneralAndAdministrative": "30012000", "researchAndDevelopment": "16476000", "operatingExpenses": "181673000", "investmentIncomeNet": "None", "netInterestIncome": "None", "interestIncome": "None", "interestExpense": "23718000", "nonInterestIncome": "None", "otherNonOperatingIncome": "-2297000", "depreciation": "None", "depreciationAndAmortization": "56123000", "incomeBeforeTax": "86966000", "incomeTaxExpense": "-237677000", "interestAndDebtExpense": "None", "netIncomeFromContinuingOperations": "324643000", "comprehensiveIncomeNetOfTax": "None", "ebit": "110684000", "ebitda": "166807000", "netIncome": "324643000"}, {"fiscalDateEnding": "2010-12-31", "reportedCurrency": "USD", "grossProfit": "237357000", "totalRevenue": "592880000", "costOfRevenue": "355523000", "costofGoodsAndServicesSold": "355523000", "operatingIncome": "90296000", "sellingGeneralAndAdministrative": "22599000", "researchAndDevelopment": "14700000", "operatingExpenses": "147061000", "investmentIncomeNet": "None", "netInterestIncome": "None", "interestIncome": "None", "interestExpense": "27397000", "nonInterestIncome": "None", "otherNonOperatingIncome": "None", "depreciation": "None", "depreciationAndAmortization": "59440000", "incomeBeforeTax": "57220000", "incomeTaxExpense": "307000", "interestAndDebtExpense": "None", "netIncomeFromContinuingOperations": "None", "comprehensiveIncomeNetOfTax": "None", "ebit": "84617000", "ebitda": "144057000", "netIncome": "56913000"}, {"fiscalDateEnding": "2009-12-31", "reportedCurrency": "USD", "grossProfit": "235850000", "totalRevenue": "588248000", "costOfRevenue": "352398000", "costofGoodsAndServicesSold": "352398000", "operatingIncome": "98512000", "sellingGeneralAndAdministrative": "14713000", "researchAndDevelopment": "10842000", "operatingExpenses": "137338000", "investmentIncomeNet": "None", "netInterestIncome": "None", "interestIncome": "None", "interestExpense": "70862000", "nonInterestIncome": "None", "otherNonOperatingIncome": "None", "depreciation": "None", "depreciationAndAmortization": "59675000", "incomeBeforeTax": "43394000", "incomeTaxExpense": "339000", "interestAndDebtExpense": "None", "netIncomeFromContinuingOperations": "None", "comprehensiveIncomeNetOfTax": "None", "ebit": "114256000", "ebitda": "173931000", "netIncome": "43055000"}, {"fiscalDateEnding": "2008-12-31", "reportedCurrency": "USD", "grossProfit": "202030000", "totalRevenue": "574229000", "costOfRevenue": "372199000", "costofGoodsAndServicesSold": "372199000", "operatingIncome": "71185000", "sellingGeneralAndAdministrative": "15869000", "researchAndDevelopment": "9925000", "operatingExpenses": "130845000", "investmentIncomeNet": "None", "netInterestIncome": "None", "interestIncome": "None", "interestExpense": "108022000", "nonInterestIncome": "None", "otherNonOperatingIncome": "None", "depreciation": "None", "depreciationAndAmortization": "54770000", "incomeBeforeTax": "-555555000", "incomeTaxExpense": "400000", "interestAndDebtExpense": "None", "netIncomeFromContinuingOperations": "None", "comprehensiveIncomeNetOfTax": "None", "ebit": "-447533000", "ebitda": "-392763000", "netIncome": "-555955000"}, {"fiscalDateEnding": "2007-12-31", "reportedCurrency": "USD", "grossProfit": "222277000", "totalRevenue": "555705000", "costOfRevenue": "333428000", "costofGoodsAndServicesSold": "333428000", "operatingIncome": "94836000", "sellingGeneralAndAdministrative": "17581000", "researchAndDevelopment": "9606000", "operatingExpenses": "127441000", "investmentIncomeNet": "None", "netInterestIncome": "None", "interestIncome": "None", "interestExpense": "125366000", "nonInterestIncome": "None", "otherNonOperatingIncome": "None", "depreciation": "None", "depreciationAndAmortization": "53783000", "incomeBeforeTax": "-10285000", "incomeTaxExpense": "-571000", "interestAndDebtExpense": "None", "netIncomeFromContinuingOperations": "None", "comprehensiveIncomeNetOfTax": "None", "ebit": "115081000", "ebitda": "168864000", "netIncome": "-9714000"}], "quarterlyReports": [{"fiscalDateEnding": "2024-12-31", "reportedCurrency": "USD", "grossProfit": "501417000", "totalRevenue": "1234801000", "costOfRevenue": "733384000", "costofGoodsAndServicesSold": "733384000", "operatingIncome": "198014000", "sellingGeneralAndAdministrative": "75703000", "researchAndDevelopment": "59258000", "operatingExpenses": "303403000", "investmentIncomeNet": "None", "netInterestIncome": "-19880000", "interestIncome": "None", "interestExpense": "19880000", "nonInterestIncome": "None", "otherNonOperatingIncome": "None", "depreciation": "None", "depreciationAndAmortization": "43834000", "incomeBeforeTax": "145005000", "incomeTaxExpense": "27336000", "interestAndDebtExpense": "None", "netIncomeFromContinuingOperations": "117669000", "comprehensiveIncomeNetOfTax": "None", "ebit": "164885000", "ebitda": "208719000", "netIncome": "117226000"}, {"fiscalDateEnding": "2024-09-30", "reportedCurrency": "USD", "grossProfit": "472269000", "totalRevenue": "1173563000", "costOfRevenue": "701294000", "costofGoodsAndServicesSold": "701294000", "operatingIncome": "168624000", "sellingGeneralAndAdministrative": "77242000", "researchAndDevelopment": "56936000", "operatingExpenses": "303645000", "investmentIncomeNet": "None", "netInterestIncome": "-22910000", "interestIncome": "None", "interestExpense": "22910000", "nonInterestIncome": "None", "otherNonOperatingIncome": "None", "depreciation": "None", "depreciationAndAmortization": "43152000", "incomeBeforeTax": "147231000", "incomeTaxExpense": "33453000", "interestAndDebtExpense": "None", "netIncomeFromContinuingOperations": "113778000", "comprehensiveIncomeNetOfTax": "None", "ebit": "159964000", "ebitda": "203116000", "netIncome": "113742000"}, {"fiscalDateEnding": "2024-06-30", "reportedCurrency": "USD", "grossProfit": "350770000", "totalRevenue": "998197000", "costOfRevenue": "647427000", "costofGoodsAndServicesSold": "647427000", "operatingIncome": "104375000", "sellingGeneralAndAdministrative": "65386000", "researchAndDevelopment": "53996000", "operatingExpenses": "246395000", "investmentIncomeNet": "None", "netInterestIncome": "-23318000", "interestIncome": "None", "interestExpense": "23318000", "nonInterestIncome": "None", "otherNonOperatingIncome": "None", "depreciation": "None", "depreciationAndAmortization": "42880000", "incomeBeforeTax": "78691000", "incomeTaxExpense": "19638000", "interestAndDebtExpense": "None", "netIncomeFromContinuingOperations": "59053000", "comprehensiveIncomeNetOfTax": "None", "ebit": "103235000", "ebitda": "146115000", "netIncome": "59115000"}, {"fiscalDateEnding": "2024-03-31", "reportedCurrency": "USD", "grossProfit": "316379000", "totalRevenue": "889273000", "costOfRevenue": "572894000", "costofGoodsAndServicesSold": "572894000", "operatingIncome": "66869000", "sellingGeneralAndAdministrative": "66764000", "researchAndDevelopment": "49410000", "operatingExpenses": "249510000", "investmentIncomeNet": "None", "netInterestIncome": "-23605000", "interestIncome": "None", "interestExpense": "23605000", "nonInterestIncome": "None", "otherNonOperatingIncome": "None", "depreciation": "None", "depreciationAndAmortization": "41902000", "incomeBeforeTax": "38511000", "incomeTaxExpense": "12033000", "interestAndDebtExpense": "None", "netIncomeFromContinuingOperations": "26478000", "comprehensiveIncomeNetOfTax": "None", "ebit": "66869000", "ebitda": "108771000", "netIncome": "23546000"}, {"fiscalDateEnding": "2023-12-31", "reportedCurrency": "USD", "grossProfit": "363464000", "totalRevenue": "1063670000", "costOfRevenue": "700206000", "costofGoodsAndServicesSold": "700206000", "operatingIncome": "150968000", "sellingGeneralAndAdministrative": "53828000", "researchAndDevelopment": "44369000", "operatingExpenses": "212496000", "investmentIncomeNet": "None", "netInterestIncome": "-24765000", "interestIncome": "None", "interestExpense": "24765000", "nonInterestIncome": "None", "otherNonOperatingIncome": "None", "depreciation": "None", "depreciationAndAmortization": "42453000", "incomeBeforeTax": "126806000", "incomeTaxExpense": "29996000", "interestAndDebtExpense": "None", "netIncomeFromContinuingOperations": "96810000", "comprehensiveIncomeNetOfTax": "None", "ebit": "151428000", "ebitda": "193881000", "netIncome": "95967000"}, {"fiscalDateEnding": "2023-09-30", "reportedCurrency": "USD", "grossProfit": "375787000", "totalRevenue": "1070667000", "costOfRevenue": "694880000", "costofGoodsAndServicesSold": "694880000", "operatingIncome": "104776000", "sellingGeneralAndAdministrative": "83052000", "researchAndDevelopment": "43312000", "operatingExpenses": "271011000", "investmentIncomeNet": "None", "netInterestIncome": "-24707000", "interestIncome": "None", "interestExpense": "24707000", "nonInterestIncome": "None", "otherNonOperatingIncome": "None", "depreciation": "None", "depreciationAndAmortization": "42951000", "incomeBeforeTax": "80062000", "incomeTaxExpense": "19428000", "interestAndDebtExpense": "None", "netIncomeFromContinuingOperations": "60634000", "comprehensiveIncomeNetOfTax": "None", "ebit": "104776000", "ebitda": "147727000", "netIncome": "60331000"}, {"fiscalDateEnding": "2023-06-30", "reportedCurrency": "USD", "grossProfit": "328421000", "totalRevenue": "1000420000", "costOfRevenue": "671999000", "costofGoodsAndServicesSold": "671999000", "operatingIncome": "85972000", "sellingGeneralAndAdministrative": "56371000", "researchAndDevelopment": "43942000", "operatingExpenses": "242449000", "investmentIncomeNet": "None", "netInterestIncome": "-25160000", "interestIncome": "None", "interestExpense": "25160000", "nonInterestIncome": "None", "otherNonOperatingIncome": "610000", "depreciation": "None", "depreciationAndAmortization": "41247000", "incomeBeforeTax": "61422000", "incomeTaxExpense": "15907000", "interestAndDebtExpense": "None", "netIncomeFromContinuingOperations": "45515000", "comprehensiveIncomeNetOfTax": "None", "ebit": "85972000", "ebitda": "127219000", "netIncome": "43377000"}, {"fiscalDateEnding": "2023-03-31", "reportedCurrency": "USD", "grossProfit": "272499000", "totalRevenue": "887910000", "costOfRevenue": "615411000", "costofGoodsAndServicesSold": "615411000", "operatingIncome": "44483000", "sellingGeneralAndAdministrative": "59685000", "researchAndDevelopment": "41820000", "operatingExpenses": "228016000", "investmentIncomeNet": "None", "netInterestIncome": "-22995000", "interestIncome": "None", "interestExpense": "22995000", "nonInterestIncome": "None", "otherNonOperatingIncome": "522000", "depreciation": "None", "depreciationAndAmortization": "39951000", "incomeBeforeTax": "22010000", "incomeTaxExpense": "7849000", "interestAndDebtExpense": "None", "netIncomeFromContinuingOperations": "14161000", "comprehensiveIncomeNetOfTax": "None", "ebit": "44483000", "ebitda": "84434000", "netIncome": "12430000"}, {"fiscalDateEnding": "2022-12-31", "reportedCurrency": "USD", "grossProfit": "343167000", "totalRevenue": "1049232000", "costOfRevenue": "706065000", "costofGoodsAndServicesSold": "706065000", "operatingIncome": "107228000", "sellingGeneralAndAdministrative": "62825000", "researchAndDevelopment": "38446000", "operatingExpenses": "234480000", "investmentIncomeNet": "None", "netInterestIncome": "-19523000", "interestIncome": "None", "interestExpense": "19523000", "nonInterestIncome": "None", "otherNonOperatingIncome": "-246000", "depreciation": "None", "depreciationAndAmortization": "39417000", "incomeBeforeTax": "87459000", "incomeTaxExpense": "13568000", "interestAndDebtExpense": "None", "netIncomeFromContinuingOperations": "73891000", "comprehensiveIncomeNetOfTax": "None", "ebit": "108687000", "ebitda": "148104000", "netIncome": "71015000"}, {"fiscalDateEnding": "2022-09-30", "reportedCurrency": "USD", "grossProfit": "361104000", "totalRevenue": "1088258000", "costOfRevenue": "727154000", "costofGoodsAndServicesSold": "727154000", "operatingIncome": "87523000", "sellingGeneralAndAdministrative": "37464000", "researchAndDevelopment": "39985000", "operatingExpenses": "273581000", "investmentIncomeNet": "None", "netInterestIncome": "-15514000", "interestIncome": "None", "interestExpense": "15514000", "nonInterestIncome": "None", "otherNonOperatingIncome": "31000", "depreciation": "None", "depreciationAndAmortization": "39165000", "incomeBeforeTax": "72040000", "incomeTaxExpense": "11594000", "interestAndDebtExpense": "None", "netIncomeFromContinuingOperations": "60446000", "comprehensiveIncomeNetOfTax": "None", "ebit": "87523000", "ebitda": "126688000", "netIncome": "58270000"}, {"fiscalDateEnding": "2022-06-30", "reportedCurrency": "USD", "grossProfit": "456985000", "totalRevenue": "1291391000", "costOfRevenue": "834406000", "costofGoodsAndServicesSold": "834406000", "operatingIncome": "216844000", "sellingGeneralAndAdministrative": "52600000", "researchAndDevelopment": "41599000", "operatingExpenses": "240141000", "investmentIncomeNet": "None", "netInterestIncome": "-10235000", "interestIncome": "None", "interestExpense": "10235000", "nonInterestIncome": "None", "otherNonOperatingIncome": "-3146000", "depreciation": "None", "depreciationAndAmortization": "39098000", "incomeBeforeTax": "203463000", "incomeTaxExpense": "45826000", "interestAndDebtExpense": "None", "netIncomeFromContinuingOperations": "157637000", "comprehensiveIncomeNetOfTax": "None", "ebit": "216844000", "ebitda": "255942000", "netIncome": "156359000"}, {"fiscalDateEnding": "2022-03-31", "reportedCurrency": "USD", "grossProfit": "360748000", "totalRevenue": "1135856000", "costOfRevenue": "775108000", "costofGoodsAndServicesSold": "775108000", "operatingIncome": "154735000", "sellingGeneralAndAdministrative": "41972000", "researchAndDevelopment": "39744000", "operatingExpenses": "206013000", "investmentIncomeNet": "None", "netInterestIncome": "-9554000", "interestIncome": "None", "interestExpense": "9554000", "nonInterestIncome": "None", "otherNonOperatingIncome": "323000", "depreciation": "None", "depreciationAndAmortization": "38461000", "incomeBeforeTax": "145504000", "incomeTaxExpense": "28608000", "interestAndDebtExpense": "None", "netIncomeFromContinuingOperations": "116896000", "comprehensiveIncomeNetOfTax": "None", "ebit": "154735000", "ebitda": "193196000", "netIncome": "113858000"}, {"fiscalDateEnding": "2021-12-31", "reportedCurrency": "USD", "grossProfit": "362539000", "totalRevenue": "1067071000", "costOfRevenue": "704532000", "costofGoodsAndServicesSold": "704532000", "operatingIncome": "175481000", "sellingGeneralAndAdministrative": "37758000", "researchAndDevelopment": "29406000", "operatingExpenses": "174390000", "investmentIncomeNet": "None", "netInterestIncome": "-9529000", "interestIncome": "None", "interestExpense": "9529000", "nonInterestIncome": "None", "otherNonOperatingIncome": "626000", "depreciation": "None", "depreciationAndAmortization": "29359000", "incomeBeforeTax": "166578000", "incomeTaxExpense": "20616000", "interestAndDebtExpense": "None", "netIncomeFromContinuingOperations": "145962000", "comprehensiveIncomeNetOfTax": "None", "ebit": "196946000", "ebitda": "226305000", "netIncome": "142895000"}, {"fiscalDateEnding": "2021-09-30", "reportedCurrency": "USD", "grossProfit": "335994000", "totalRevenue": "942698000", "costOfRevenue": "606704000", "costofGoodsAndServicesSold": "606704000", "operatingIncome": "173579000", "sellingGeneralAndAdministrative": "40802000", "researchAndDevelopment": "27165000", "operatingExpenses": "162415000", "investmentIncomeNet": "None", "netInterestIncome": "-7980000", "interestIncome": "None", "interestExpense": "7980000", "nonInterestIncome": "None", "otherNonOperatingIncome": "-235000", "depreciation": "None", "depreciationAndAmortization": "23216000", "incomeBeforeTax": "165364000", "incomeTaxExpense": "32611000", "interestAndDebtExpense": "None", "netIncomeFromContinuingOperations": "132753000", "comprehensiveIncomeNetOfTax": "None", "ebit": "173579000", "ebitda": "196795000", "netIncome": "131570000"}, {"fiscalDateEnding": "2021-06-30", "reportedCurrency": "USD", "grossProfit": "339735000", "totalRevenue": "919981000", "costOfRevenue": "580246000", "costofGoodsAndServicesSold": "580246000", "operatingIncome": "182952000", "sellingGeneralAndAdministrative": "41610000", "researchAndDevelopment": "25344000", "operatingExpenses": "156783000", "investmentIncomeNet": "None", "netInterestIncome": "-7721000", "interestIncome": "None", "interestExpense": "7721000", "nonInterestIncome": "None", "otherNonOperatingIncome": "-960000", "depreciation": "None", "depreciationAndAmortization": "21229000", "incomeBeforeTax": "174271000", "incomeTaxExpense": "46362000", "interestAndDebtExpense": "None", "netIncomeFromContinuingOperations": "127909000", "comprehensiveIncomeNetOfTax": "None", "ebit": "182952000", "ebitda": "204181000", "netIncome": "127036000"}, {"fiscalDateEnding": "2021-03-31", "reportedCurrency": "USD", "grossProfit": "321814000", "totalRevenue": "807434000", "costOfRevenue": "485620000", "costofGoodsAndServicesSold": "485620000", "operatingIncome": "189124000", "sellingGeneralAndAdministrative": "32899000", "researchAndDevelopment": "22388000", "operatingExpenses": "132690000", "investmentIncomeNet": "None", "netInterestIncome": "-7723000", "interestIncome": "None", "interestExpense": "7723000", "nonInterestIncome": "None", "otherNonOperatingIncome": "3912000", "depreciation": "None", "depreciationAndAmortization": "18237000", "incomeBeforeTax": "185313000", "incomeTaxExpense": "35368000", "interestAndDebtExpense": "None", "netIncomeFromContinuingOperations": "149945000", "comprehensiveIncomeNetOfTax": "None", "ebit": "189124000", "ebitda": "207361000", "netIncome": "148993000"}, {"fiscalDateEnding": "2020-12-31", "reportedCurrency": "USD", "grossProfit": "300202000", "totalRevenue": "761082000", "costOfRevenue": "460880000", "costofGoodsAndServicesSold": "460880000", "operatingIncome": "171054000", "sellingGeneralAndAdministrative": "30912000", "researchAndDevelopment": "21489000", "operatingExpenses": "129148000", "investmentIncomeNet": "None", "netInterestIncome": "-7910000", "interestIncome": "None", "interestExpense": "7910000", "nonInterestIncome": "None", "otherNonOperatingIncome": "842000", "depreciation": "None", "depreciationAndAmortization": "18686000", "incomeBeforeTax": "163986000", "incomeTaxExpense": "39006000", "interestAndDebtExpense": "None", "netIncomeFromContinuingOperations": "125344000", "comprehensiveIncomeNetOfTax": "None", "ebit": "172465000", "ebitda": "191151000", "netIncome": "125001000"}, {"fiscalDateEnding": "2020-09-30", "reportedCurrency": "USD", "grossProfit": "276149000", "totalRevenue": "701355000", "costOfRevenue": "425206000", "costofGoodsAndServicesSold": "425206000", "operatingIncome": "155637000", "sellingGeneralAndAdministrative": "31061000", "researchAndDevelopment": "20658000", "operatingExpenses": "120512000", "investmentIncomeNet": "None", "netInterestIncome": "-8096000", "interestIncome": "None", "interestExpense": "8096000", "nonInterestIncome": "None", "otherNonOperatingIncome": "-256000", "depreciation": "None", "depreciationAndAmortization": "17168000", "incomeBeforeTax": "147285000", "incomeTaxExpense": "32050000", "interestAndDebtExpense": "None", "netIncomeFromContinuingOperations": "115235000", "comprehensiveIncomeNetOfTax": "None", "ebit": "155637000", "ebitda": "172805000", "netIncome": "115781000"}, {"fiscalDateEnding": "2020-06-30", "reportedCurrency": "USD", "grossProfit": "208983000", "totalRevenue": "546848000", "costOfRevenue": "337865000", "costofGoodsAndServicesSold": "337865000", "operatingIncome": "89553000", "sellingGeneralAndAdministrative": "29782000", "researchAndDevelopment": "19455000", "operatingExpenses": "119430000", "investmentIncomeNet": "None", "netInterestIncome": "-7932000", "interestIncome": "None", "interestExpense": "7932000", "nonInterestIncome": "None", "otherNonOperatingIncome": "444000", "depreciation": "None", "depreciationAndAmortization": "16803000", "incomeBeforeTax": "82065000", "incomeTaxExpense": "18473000", "interestAndDebtExpense": "None", "netIncomeFromContinuingOperations": "63592000", "comprehensiveIncomeNetOfTax": "None", "ebit": "89553000", "ebitda": "106356000", "netIncome": "66145000"}, {"fiscalDateEnding": "2020-03-31", "reportedCurrency": "USD", "grossProfit": "172320000", "totalRevenue": "475915000", "costOfRevenue": "303595000", "costofGoodsAndServicesSold": "303595000", "operatingIncome": "62862000", "sellingGeneralAndAdministrative": "27889000", "researchAndDevelopment": "18649000", "operatingExpenses": "109458000", "investmentIncomeNet": "None", "netInterestIncome": "-9053000", "interestIncome": "8093000", "interestExpense": "9053000", "nonInterestIncome": "None", "otherNonOperatingIncome": "-954000", "depreciation": "None", "depreciationAndAmortization": "16116000", "incomeBeforeTax": "52855000", "incomeTaxExpense": "9444000", "interestAndDebtExpense": "None", "netIncomeFromContinuingOperations": "43411000", "comprehensiveIncomeNetOfTax": "None", "ebit": "62862000", "ebitda": "78978000", "netIncome": "44460000"}, {"fiscalDateEnding": "2019-12-31", "reportedCurrency": "USD", "grossProfit": "222222000", "totalRevenue": "590932000", "costOfRevenue": "368710000", "costofGoodsAndServicesSold": "368710000", "operatingIncome": "104508000", "sellingGeneralAndAdministrative": "30852000", "researchAndDevelopment": "19488000", "operatingExpenses": "117714000", "investmentIncomeNet": "None", "netInterestIncome": "-10116000", "interestIncome": "9238000", "interestExpense": "10116000", "nonInterestIncome": "None", "otherNonOperatingIncome": "-11033000", "depreciation": "None", "depreciationAndAmortization": "18068000", "incomeBeforeTax": "83359000", "incomeTaxExpense": "13423000", "interestAndDebtExpense": "None", "netIncomeFromContinuingOperations": "81112000", "comprehensiveIncomeNetOfTax": "None", "ebit": "104508000", "ebitda": "122576000", "netIncome": "70668000"}, {"fiscalDateEnding": "2019-09-30", "reportedCurrency": "USD", "grossProfit": "217517000", "totalRevenue": "601135000", "costOfRevenue": "383618000", "costofGoodsAndServicesSold": "383618000", "operatingIncome": "105556000", "sellingGeneralAndAdministrative": "27596000", "researchAndDevelopment": "17603000", "operatingExpenses": "111961000", "investmentIncomeNet": "None", "netInterestIncome": "-10704000", "interestIncome": "10181000", "interestExpense": "10704000", "nonInterestIncome": "None", "otherNonOperatingIncome": "109000", "depreciation": "None", "depreciationAndAmortization": "15494000", "incomeBeforeTax": "94961000", "incomeTaxExpense": "20064000", "interestAndDebtExpense": "None", "netIncomeFromContinuingOperations": "74897000", "comprehensiveIncomeNetOfTax": "None", "ebit": "105556000", "ebitda": "121050000", "netIncome": "74089000"}, {"fiscalDateEnding": "2019-06-30", "reportedCurrency": "USD", "grossProfit": "195838000", "totalRevenue": "541916000", "costOfRevenue": "346078000", "costofGoodsAndServicesSold": "346078000", "operatingIncome": "90926000", "sellingGeneralAndAdministrative": "27658000", "researchAndDevelopment": "17694000", "operatingExpenses": "104912000", "investmentIncomeNet": "None", "netInterestIncome": "-10452000", "interestIncome": "10000000", "interestExpense": "10452000", "nonInterestIncome": "None", "otherNonOperatingIncome": "59000", "depreciation": "None", "depreciationAndAmortization": "14740000", "incomeBeforeTax": "80533000", "incomeTaxExpense": "18827000", "interestAndDebtExpense": "None", "netIncomeFromContinuingOperations": "61706000", "comprehensiveIncomeNetOfTax": "None", "ebit": "90926000", "ebitda": "105666000", "netIncome": "61958000"}, {"fiscalDateEnding": "2019-03-31", "reportedCurrency": "USD", "grossProfit": "162175000", "totalRevenue": "470353000", "costOfRevenue": "308178000", "costofGoodsAndServicesSold": "308178000", "operatingIncome": "71173000", "sellingGeneralAndAdministrative": "24762000", "researchAndDevelopment": "13609000", "operatingExpenses": "91002000", "investmentIncomeNet": "None", "netInterestIncome": "-10272000", "interestIncome": "9358000", "interestExpense": "10272000", "nonInterestIncome": "None", "otherNonOperatingIncome": "-147000", "depreciation": "None", "depreciationAndAmortization": "12607000", "incomeBeforeTax": "60754000", "incomeTaxExpense": "14985000", "interestAndDebtExpense": "None", "netIncomeFromContinuingOperations": "45769000", "comprehensiveIncomeNetOfTax": "None", "ebit": "71173000", "ebitda": "83780000", "netIncome": "44861000"}, {"fiscalDateEnding": "2018-12-31", "reportedCurrency": "USD", "grossProfit": "204306000", "totalRevenue": "563404000", "costOfRevenue": "359098000", "costofGoodsAndServicesSold": "359098000", "operatingIncome": "108848000", "sellingGeneralAndAdministrative": "28228000", "researchAndDevelopment": "11897000", "operatingExpenses": "95458000", "investmentIncomeNet": "None", "netInterestIncome": "None", "interestIncome": "None", "interestExpense": "10017000", "nonInterestIncome": "None", "otherNonOperatingIncome": "-2148000", "depreciation": "None", "depreciationAndAmortization": "12284000", "incomeBeforeTax": "96683000", "incomeTaxExpense": "19986000", "interestAndDebtExpense": "None", "netIncomeFromContinuingOperations": "75487000", "comprehensiveIncomeNetOfTax": "None", "ebit": "108848000", "ebitda": "121132000", "netIncome": "75575000"}, {"fiscalDateEnding": "2018-09-30", "reportedCurrency": "USD", "grossProfit": "197885000", "totalRevenue": "559515000", "costOfRevenue": "361630000", "costofGoodsAndServicesSold": "361630000", "operatingIncome": "106519000", "sellingGeneralAndAdministrative": "25499000", "researchAndDevelopment": "13653000", "operatingExpenses": "91366000", "investmentIncomeNet": "None", "netInterestIncome": "None", "interestIncome": "None", "interestExpense": "9824000", "nonInterestIncome": "None", "otherNonOperatingIncome": "-101000", "depreciation": "None", "depreciationAndAmortization": "11841000", "incomeBeforeTax": "96594000", "incomeTaxExpense": "20072000", "interestAndDebtExpense": "None", "netIncomeFromContinuingOperations": "76522000", "comprehensiveIncomeNetOfTax": "None", "ebit": "106519000", "ebitda": "118360000", "netIncome": "68864000"}, {"fiscalDateEnding": "2018-06-30", "reportedCurrency": "USD", "grossProfit": "176256000", "totalRevenue": "494949000", "costOfRevenue": "318693000", "costofGoodsAndServicesSold": "318693000", "operatingIncome": "85467000", "sellingGeneralAndAdministrative": "26639000", "researchAndDevelopment": "12616000", "operatingExpenses": "90789000", "investmentIncomeNet": "None", "netInterestIncome": "None", "interestIncome": "None", "interestExpense": "11002000", "nonInterestIncome": "None", "otherNonOperatingIncome": "-1852000", "depreciation": "None", "depreciationAndAmortization": "11600000", "incomeBeforeTax": "72613000", "incomeTaxExpense": "18382000", "interestAndDebtExpense": "None", "netIncomeFromContinuingOperations": "54231000", "comprehensiveIncomeNetOfTax": "None", "ebit": "85467000", "ebitda": "97067000", "netIncome": "50956000"}, {"fiscalDateEnding": "2018-03-31", "reportedCurrency": "USD", "grossProfit": "139989000", "totalRevenue": "397634000", "costOfRevenue": "257645000", "costofGoodsAndServicesSold": "257645000", "operatingIncome": "56347000", "sellingGeneralAndAdministrative": "23475000", "researchAndDevelopment": "11853000", "operatingExpenses": "83642000", "investmentIncomeNet": "None", "netInterestIncome": "None", "interestIncome": "None", "interestExpense": "10113000", "nonInterestIncome": "None", "otherNonOperatingIncome": "-1048000", "depreciation": "None", "depreciationAndAmortization": "11683000", "incomeBeforeTax": "45186000", "incomeTaxExpense": "11416000", "interestAndDebtExpense": "None", "netIncomeFromContinuingOperations": "33770000", "comprehensiveIncomeNetOfTax": "None", "ebit": "56347000", "ebitda": "68030000", "netIncome": "33645000"}, {"fiscalDateEnding": "2017-12-31", "reportedCurrency": "USD", "grossProfit": "179702000", "totalRevenue": "488002000", "costOfRevenue": "308300000", "costofGoodsAndServicesSold": "308300000", "operatingIncome": "94073000", "sellingGeneralAndAdministrative": "23076000", "researchAndDevelopment": "11193000", "operatingExpenses": "85629000", "investmentIncomeNet": "None", "netInterestIncome": "None", "interestIncome": "None", "interestExpense": "10314000", "nonInterestIncome": "None", "otherNonOperatingIncome": "-661000", "depreciation": "None", "depreciationAndAmortization": "13297000", "incomeBeforeTax": "83098000", "incomeTaxExpense": "607000", "interestAndDebtExpense": "None", "netIncomeFromContinuingOperations": "77004000", "comprehensiveIncomeNetOfTax": "None", "ebit": "97374000", "ebitda": "110671000", "netIncome": "81175000"}, {"fiscalDateEnding": "2017-09-30", "reportedCurrency": "USD", "grossProfit": "157469000", "totalRevenue": "457253000", "costOfRevenue": "299784000", "costofGoodsAndServicesSold": "299784000", "operatingIncome": "72859000", "sellingGeneralAndAdministrative": "22102000", "researchAndDevelopment": "10864000", "operatingExpenses": "84610000", "investmentIncomeNet": "None", "netInterestIncome": "None", "interestIncome": "None", "interestExpense": "10672000", "nonInterestIncome": "None", "otherNonOperatingIncome": "-1556000", "depreciation": "None", "depreciationAndAmortization": "13108000", "incomeBeforeTax": "60631000", "incomeTaxExpense": "20581000", "interestAndDebtExpense": "None", "netIncomeFromContinuingOperations": "40050000", "comprehensiveIncomeNetOfTax": "None", "ebit": "72548000", "ebitda": "85656000", "netIncome": "39709000"}, {"fiscalDateEnding": "2017-06-30", "reportedCurrency": "USD", "grossProfit": "134460000", "totalRevenue": "395376000", "costOfRevenue": "260916000", "costofGoodsAndServicesSold": "260916000", "operatingIncome": "52287000", "sellingGeneralAndAdministrative": "21361000", "researchAndDevelopment": "10567000", "operatingExpenses": "82173000", "investmentIncomeNet": "None", "netInterestIncome": "None", "interestIncome": "None", "interestExpense": "10893000", "nonInterestIncome": "None", "otherNonOperatingIncome": "-1535000", "depreciation": "None", "depreciationAndAmortization": "12986000", "incomeBeforeTax": "39859000", "incomeTaxExpense": "14114000", "interestAndDebtExpense": "None", "netIncomeFromContinuingOperations": "25745000", "comprehensiveIncomeNetOfTax": "None", "ebit": "51822000", "ebitda": "64808000", "netIncome": "25660000"}, {"fiscalDateEnding": "2017-03-31", "reportedCurrency": "USD", "grossProfit": "110486000", "totalRevenue": "331814000", "costOfRevenue": "221328000", "costofGoodsAndServicesSold": "221328000", "operatingIncome": "31845000", "sellingGeneralAndAdministrative": "20973000", "researchAndDevelopment": "10301000", "operatingExpenses": "78641000", "investmentIncomeNet": "None", "netInterestIncome": "None", "interestIncome": "None", "interestExpense": "10788000", "nonInterestIncome": "None", "otherNonOperatingIncome": "43000", "depreciation": "None", "depreciationAndAmortization": "12597000", "incomeBeforeTax": "21100000", "incomeTaxExpense": "8251000", "interestAndDebtExpense": "None", "netIncomeFromContinuingOperations": "12849000", "comprehensiveIncomeNetOfTax": "None", "ebit": "30890000", "ebitda": "43487000", "netIncome": "12842000"}, {"fiscalDateEnding": "2016-12-31", "reportedCurrency": "USD", "grossProfit": "154127000", "totalRevenue": "417421000", "costOfRevenue": "263294000", "costofGoodsAndServicesSold": "263294000", "operatingIncome": "77231000", "sellingGeneralAndAdministrative": "19208000", "researchAndDevelopment": "9717000", "operatingExpenses": "76896000", "investmentIncomeNet": "None", "netInterestIncome": "None", "interestIncome": "None", "interestExpense": "10854000", "nonInterestIncome": "None", "otherNonOperatingIncome": "-316000", "depreciation": "None", "depreciationAndAmortization": "13075000", "incomeBeforeTax": "66061000", "incomeTaxExpense": "24416000", "interestAndDebtExpense": "None", "netIncomeFromContinuingOperations": "42940000", "comprehensiveIncomeNetOfTax": "None", "ebit": "78031000", "ebitda": "91106000", "netIncome": "41509000"}, {"fiscalDateEnding": "2016-09-30", "reportedCurrency": "USD", "grossProfit": "137772000", "totalRevenue": "373121000", "costOfRevenue": "235349000", "costofGoodsAndServicesSold": "235349000", "operatingIncome": "56340000", "sellingGeneralAndAdministrative": "18066000", "researchAndDevelopment": "9426000", "operatingExpenses": "81432000", "investmentIncomeNet": "None", "netInterestIncome": "None", "interestIncome": "None", "interestExpense": "11299000", "nonInterestIncome": "None", "otherNonOperatingIncome": "-3515000", "depreciation": "None", "depreciationAndAmortization": "14900000", "incomeBeforeTax": "41526000", "incomeTaxExpense": "15514000", "interestAndDebtExpense": "None", "netIncomeFromContinuingOperations": "26012000", "comprehensiveIncomeNetOfTax": "None", "ebit": "56340000", "ebitda": "71240000", "netIncome": "26183000"}, {"fiscalDateEnding": "2016-06-30", "reportedCurrency": "USD", "grossProfit": "124147000", "totalRevenue": "367376000", "costOfRevenue": "243229000", "costofGoodsAndServicesSold": "243229000", "operatingIncome": "44082000", "sellingGeneralAndAdministrative": "19593000", "researchAndDevelopment": "9889000", "operatingExpenses": "80065000", "investmentIncomeNet": "None", "netInterestIncome": "None", "interestIncome": "None", "interestExpense": "11380000", "nonInterestIncome": "None", "otherNonOperatingIncome": "162000", "depreciation": "None", "depreciationAndAmortization": "13650000", "incomeBeforeTax": "32864000", "incomeTaxExpense": "11921000", "interestAndDebtExpense": "None", "netIncomeFromContinuingOperations": "20943000", "comprehensiveIncomeNetOfTax": "None", "ebit": "47482000", "ebitda": "61132000", "netIncome": "20888000"}, {"fiscalDateEnding": "2016-03-31", "reportedCurrency": "USD", "grossProfit": "98060000", "totalRevenue": "286535000", "costOfRevenue": "188475000", "costofGoodsAndServicesSold": "188475000", "operatingIncome": "26964000", "sellingGeneralAndAdministrative": "17833000", "researchAndDevelopment": "8197000", "operatingExpenses": "71096000", "investmentIncomeNet": "None", "netInterestIncome": "None", "interestIncome": "None", "interestExpense": "11035000", "nonInterestIncome": "None", "otherNonOperatingIncome": "2000", "depreciation": "None", "depreciationAndAmortization": "12793000", "incomeBeforeTax": "15931000", "incomeTaxExpense": "5719000", "interestAndDebtExpense": "None", "netIncomeFromContinuingOperations": "10212000", "comprehensiveIncomeNetOfTax": "None", "ebit": "29664000", "ebitda": "42457000", "netIncome": "10208000"}, {"fiscalDateEnding": "2015-12-31", "reportedCurrency": "USD", "grossProfit": "131124000", "totalRevenue": "357830000", "costOfRevenue": "226706000", "costofGoodsAndServicesSold": "226706000", "operatingIncome": "27316000", "sellingGeneralAndAdministrative": "12050000", "researchAndDevelopment": "8015000", "operatingExpenses": "63121000", "investmentIncomeNet": "None", "netInterestIncome": "None", "interestIncome": "None", "interestExpense": "10602000", "nonInterestIncome": "None", "otherNonOperatingIncome": "-1160000", "depreciation": "None", "depreciationAndAmortization": "10573000", "incomeBeforeTax": "15554000", "incomeTaxExpense": "6372000", "interestAndDebtExpense": "None", "netIncomeFromContinuingOperations": "9182000", "comprehensiveIncomeNetOfTax": "None", "ebit": "68003000", "ebitda": "78576000", "netIncome": "9182000"}, {"fiscalDateEnding": "2015-09-30", "reportedCurrency": "USD", "grossProfit": "130326000", "totalRevenue": "359291000", "costOfRevenue": "228965000", "costofGoodsAndServicesSold": "228965000", "operatingIncome": "67867000", "sellingGeneralAndAdministrative": "13127000", "researchAndDevelopment": "8332000", "operatingExpenses": "62459000", "investmentIncomeNet": "None", "netInterestIncome": "None", "interestIncome": "None", "interestExpense": "10171000", "nonInterestIncome": "None", "otherNonOperatingIncome": "-4403000", "depreciation": "None", "depreciationAndAmortization": "6285000", "incomeBeforeTax": "53254000", "incomeTaxExpense": "19218000", "interestAndDebtExpense": "None", "netIncomeFromContinuingOperations": "34036000", "comprehensiveIncomeNetOfTax": "None", "ebit": "72179000", "ebitda": "78464000", "netIncome": "34036000"}, {"fiscalDateEnding": "2015-06-30", "reportedCurrency": "USD", "grossProfit": "95897000", "totalRevenue": "288360000", "costOfRevenue": "192463000", "costofGoodsAndServicesSold": "192463000", "operatingIncome": "39467000", "sellingGeneralAndAdministrative": "13564000", "researchAndDevelopment": "8412000", "operatingExpenses": "56430000", "investmentIncomeNet": "None", "netInterestIncome": "None", "interestIncome": "None", "interestExpense": "10763000", "nonInterestIncome": "None", "otherNonOperatingIncome": "-5232000", "depreciation": "None", "depreciationAndAmortization": "10129000", "incomeBeforeTax": "23472000", "incomeTaxExpense": "8628000", "interestAndDebtExpense": "None", "netIncomeFromContinuingOperations": "14844000", "comprehensiveIncomeNetOfTax": "None", "ebit": "39467000", "ebitda": "49596000", "netIncome": "14844000"}, {"fiscalDateEnding": "2015-03-31", "reportedCurrency": "USD", "grossProfit": "102603000", "totalRevenue": "311818000", "costOfRevenue": "209215000", "costofGoodsAndServicesSold": "209215000", "operatingIncome": "44911000", "sellingGeneralAndAdministrative": "14206000", "researchAndDevelopment": "8163000", "operatingExpenses": "57692000", "investmentIncomeNet": "None", "netInterestIncome": "None", "interestIncome": "None", "interestExpense": "11268000", "nonInterestIncome": "None", "otherNonOperatingIncome": "-2940000", "depreciation": "None", "depreciationAndAmortization": "9034000", "incomeBeforeTax": "30703000", "incomeTaxExpense": "11018000", "interestAndDebtExpense": "None", "netIncomeFromContinuingOperations": "19685000", "comprehensiveIncomeNetOfTax": "None", "ebit": "44911000", "ebitda": "53945000", "netIncome": "19685000"}, {"fiscalDateEnding": "2014-12-31", "reportedCurrency": "USD", "grossProfit": "138410000", "totalRevenue": "403997000", "costOfRevenue": "265587000", "costofGoodsAndServicesSold": "265587000", "operatingIncome": "79115000", "sellingGeneralAndAdministrative": "15715000", "researchAndDevelopment": "7914000", "operatingExpenses": "59295000", "investmentIncomeNet": "None", "netInterestIncome": "None", "interestIncome": "None", "interestExpense": "11804000", "nonInterestIncome": "None", "otherNonOperatingIncome": "-457000", "depreciation": "None", "depreciationAndAmortization": "8985000", "incomeBeforeTax": "66854000", "incomeTaxExpense": "17464000", "interestAndDebtExpense": "None", "netIncomeFromContinuingOperations": "49390000", "comprehensiveIncomeNetOfTax": "None", "ebit": "79115000", "ebitda": "88100000", "netIncome": "49390000"}, {"fiscalDateEnding": "2014-09-30", "reportedCurrency": "USD", "grossProfit": "130283000", "totalRevenue": "352305000", "costOfRevenue": "222022000", "costofGoodsAndServicesSold": "222022000", "operatingIncome": "70794000", "sellingGeneralAndAdministrative": "13429000", "researchAndDevelopment": "7822000", "operatingExpenses": "59489000", "investmentIncomeNet": "None", "netInterestIncome": "None", "interestIncome": "None", "interestExpense": "12294000", "nonInterestIncome": "None", "otherNonOperatingIncome": "-3638000", "depreciation": "None", "depreciationAndAmortization": "8789000", "incomeBeforeTax": "54862000", "incomeTaxExpense": "18365000", "interestAndDebtExpense": "None", "netIncomeFromContinuingOperations": "36497000", "comprehensiveIncomeNetOfTax": "None", "ebit": "70794000", "ebitda": "79583000", "netIncome": "36497000"}, {"fiscalDateEnding": "2014-06-30", "reportedCurrency": "USD", "grossProfit": "128012000", "totalRevenue": "362609000", "costOfRevenue": "234597000", "costofGoodsAndServicesSold": "234597000", "operatingIncome": "78160000", "sellingGeneralAndAdministrative": "12503000", "researchAndDevelopment": "8012000", "operatingExpenses": "54729000", "investmentIncomeNet": "None", "netInterestIncome": "None", "interestIncome": "None", "interestExpense": "11428000", "nonInterestIncome": "None", "otherNonOperatingIncome": "15690000", "depreciation": "None", "depreciationAndAmortization": "8381000", "incomeBeforeTax": "82422000", "incomeTaxExpense": "28397000", "interestAndDebtExpense": "None", "netIncomeFromContinuingOperations": "54025000", "comprehensiveIncomeNetOfTax": "None", "ebit": "73283000", "ebitda": "81664000", "netIncome": "54025000"}, {"fiscalDateEnding": "2014-03-31", "reportedCurrency": "USD", "grossProfit": "119514000", "totalRevenue": "342008000", "costOfRevenue": "222494000", "costofGoodsAndServicesSold": "222494000", "operatingIncome": "65306000", "sellingGeneralAndAdministrative": "13148000", "researchAndDevelopment": "7746000", "operatingExpenses": "54208000", "investmentIncomeNet": "None", "netInterestIncome": "None", "interestIncome": "None", "interestExpense": "11689000", "nonInterestIncome": "None", "otherNonOperatingIncome": "607000", "depreciation": "None", "depreciationAndAmortization": "8575000", "incomeBeforeTax": "54224000", "incomeTaxExpense": "19523000", "interestAndDebtExpense": "None", "netIncomeFromContinuingOperations": "34701000", "comprehensiveIncomeNetOfTax": "None", "ebit": "65306000", "ebitda": "73881000", "netIncome": "34701000"}, {"fiscalDateEnding": "2013-12-31", "reportedCurrency": "USD", "grossProfit": "145682000", "totalRevenue": "376236000", "costOfRevenue": "230554000", "costofGoodsAndServicesSold": "230554000", "operatingIncome": "91218000", "sellingGeneralAndAdministrative": "15332000", "researchAndDevelopment": "8379000", "operatingExpenses": "54464000", "investmentIncomeNet": "None", "netInterestIncome": "None", "interestIncome": "None", "interestExpense": "12003000", "nonInterestIncome": "None", "otherNonOperatingIncome": "-757000", "depreciation": "None", "depreciationAndAmortization": "9272000", "incomeBeforeTax": "78458000", "incomeTaxExpense": "29940000", "interestAndDebtExpense": "None", "netIncomeFromContinuingOperations": "56206000", "comprehensiveIncomeNetOfTax": "None", "ebit": "91218000", "ebitda": "100490000", "netIncome": "48518000"}, {"fiscalDateEnding": "2013-09-30", "reportedCurrency": "USD", "grossProfit": "139463000", "totalRevenue": "363269000", "costOfRevenue": "223806000", "costofGoodsAndServicesSold": "223806000", "operatingIncome": "87289000", "sellingGeneralAndAdministrative": "13693000", "researchAndDevelopment": "7183000", "operatingExpenses": "52174000", "investmentIncomeNet": "None", "netInterestIncome": "None", "interestIncome": "None", "interestExpense": "12494000", "nonInterestIncome": "None", "otherNonOperatingIncome": "-750000", "depreciation": "None", "depreciationAndAmortization": "9846000", "incomeBeforeTax": "74045000", "incomeTaxExpense": "26952000", "interestAndDebtExpense": "None", "netIncomeFromContinuingOperations": "47093000", "comprehensiveIncomeNetOfTax": "None", "ebit": "87289000", "ebitda": "97135000", "netIncome": "47093000"}, {"fiscalDateEnding": "2013-06-30", "reportedCurrency": "USD", "grossProfit": "130953000", "totalRevenue": "346688000", "costOfRevenue": "215735000", "costofGoodsAndServicesSold": "215735000", "operatingIncome": "76433000", "sellingGeneralAndAdministrative": "14039000", "researchAndDevelopment": "7064000", "operatingExpenses": "54520000", "investmentIncomeNet": "None", "netInterestIncome": "None", "interestIncome": "None", "interestExpense": "14263000", "nonInterestIncome": "None", "otherNonOperatingIncome": "-15381000", "depreciation": "None", "depreciationAndAmortization": "8906000", "incomeBeforeTax": "46789000", "incomeTaxExpense": "18535000", "interestAndDebtExpense": "None", "netIncomeFromContinuingOperations": "28254000", "comprehensiveIncomeNetOfTax": "None", "ebit": "61052000", "ebitda": "69958000", "netIncome": "28254000"}, {"fiscalDateEnding": "2013-03-31", "reportedCurrency": "USD", "grossProfit": "153462000", "totalRevenue": "399572000", "costOfRevenue": "246110000", "costofGoodsAndServicesSold": "246110000", "operatingIncome": "96525000", "sellingGeneralAndAdministrative": "12426000", "researchAndDevelopment": "6645000", "operatingExpenses": "56937000", "investmentIncomeNet": "None", "netInterestIncome": "None", "interestIncome": "None", "interestExpense": "15675000", "nonInterestIncome": "None", "otherNonOperatingIncome": "-1426000", "depreciation": "None", "depreciationAndAmortization": "8750000", "incomeBeforeTax": "79424000", "incomeTaxExpense": "28750000", "interestAndDebtExpense": "None", "netIncomeFromContinuingOperations": "50674000", "comprehensiveIncomeNetOfTax": "None", "ebit": "96921000", "ebitda": "105671000", "netIncome": "50674000"}, {"fiscalDateEnding": "2012-12-31", "reportedCurrency": "USD", "grossProfit": "126153000", "totalRevenue": "342022000", "costOfRevenue": "215869000", "costofGoodsAndServicesSold": "215869000", "operatingIncome": "67780000", "sellingGeneralAndAdministrative": "15332000", "researchAndDevelopment": "6285000", "operatingExpenses": "58373000", "investmentIncomeNet": "None", "netInterestIncome": "None", "interestIncome": "None", "interestExpense": "16613000", "nonInterestIncome": "None", "otherNonOperatingIncome": "-1485000", "depreciation": "None", "depreciationAndAmortization": "11142000", "incomeBeforeTax": "49682000", "incomeTaxExpense": "21395000", "interestAndDebtExpense": "None", "netIncomeFromContinuingOperations": "26735000", "comprehensiveIncomeNetOfTax": "None", "ebit": "66295000", "ebitda": "77437000", "netIncome": "28287000"}, {"fiscalDateEnding": "2012-09-30", "reportedCurrency": "USD", "grossProfit": "115813000", "totalRevenue": "300586000", "costOfRevenue": "184773000", "costofGoodsAndServicesSold": "184773000", "operatingIncome": "59124000", "sellingGeneralAndAdministrative": "11435000", "researchAndDevelopment": "6456000", "operatingExpenses": "56689000", "investmentIncomeNet": "None", "netInterestIncome": "None", "interestIncome": "None", "interestExpense": "16933000", "nonInterestIncome": "None", "otherNonOperatingIncome": "-324000", "depreciation": "None", "depreciationAndAmortization": "14510000", "incomeBeforeTax": "41867000", "incomeTaxExpense": "16326000", "interestAndDebtExpense": "None", "netIncomeFromContinuingOperations": "25541000", "comprehensiveIncomeNetOfTax": "None", "ebit": "58800000", "ebitda": "73310000", "netIncome": "25541000"}, {"fiscalDateEnding": "2012-06-30", "reportedCurrency": "USD", "grossProfit": "87429000", "totalRevenue": "239137000", "costOfRevenue": "151708000", "costofGoodsAndServicesSold": "151708000", "operatingIncome": "37158000", "sellingGeneralAndAdministrative": "10158000", "researchAndDevelopment": "5703000", "operatingExpenses": "50271000", "investmentIncomeNet": "None", "netInterestIncome": "None", "interestIncome": "None", "interestExpense": "9894000", "nonInterestIncome": "None", "otherNonOperatingIncome": "-11565000", "depreciation": "None", "depreciationAndAmortization": "12288000", "incomeBeforeTax": "15699000", "incomeTaxExpense": "6364000", "interestAndDebtExpense": "None", "netIncomeFromContinuingOperations": "9335000", "comprehensiveIncomeNetOfTax": "None", "ebit": "37187000", "ebitda": "49475000", "netIncome": "9335000"}, {"fiscalDateEnding": "2012-03-31", "reportedCurrency": "USD", "grossProfit": "111005000", "totalRevenue": "294561000", "costOfRevenue": "183556000", "costofGoodsAndServicesSold": "183556000", "operatingIncome": "59493000", "sellingGeneralAndAdministrative": "9106000", "researchAndDevelopment": "5055000", "operatingExpenses": "51512000", "investmentIncomeNet": "None", "netInterestIncome": "None", "interestIncome": "None", "interestExpense": "5674000", "nonInterestIncome": "None", "otherNonOperatingIncome": "-4715000", "depreciation": "None", "depreciationAndAmortization": "14218000", "incomeBeforeTax": "49104000", "incomeTaxExpense": "19044000", "interestAndDebtExpense": "None", "netIncomeFromContinuingOperations": "30060000", "comprehensiveIncomeNetOfTax": "None", "ebit": "54778000", "ebitda": "68996000", "netIncome": "30060000"}, {"fiscalDateEnding": "2011-12-31", "reportedCurrency": "USD", "grossProfit": "98465000", "totalRevenue": "267308000", "costOfRevenue": "168843000", "costofGoodsAndServicesSold": "168843000", "operatingIncome": "35860000", "sellingGeneralAndAdministrative": "10833000", "researchAndDevelopment": "4807000", "operatingExpenses": "62605000", "investmentIncomeNet": "None", "netInterestIncome": "None", "interestIncome": "None", "interestExpense": "5888000", "nonInterestIncome": "None", "otherNonOperatingIncome": "None", "depreciation": "None", "depreciationAndAmortization": "14489000", "incomeBeforeTax": "29148000", "incomeTaxExpense": "-237983000", "interestAndDebtExpense": "None", "netIncomeFromContinuingOperations": "0", "comprehensiveIncomeNetOfTax": "None", "ebit": "35036000", "ebitda": "49525000", "netIncome": "267131000"}, {"fiscalDateEnding": "2011-09-30", "reportedCurrency": "USD", "grossProfit": "88659000", "totalRevenue": "239324000", "costOfRevenue": "150665000", "costofGoodsAndServicesSold": "150665000", "operatingIncome": "44178000", "sellingGeneralAndAdministrative": "7290000", "researchAndDevelopment": "4176000", "operatingExpenses": "44481000", "investmentIncomeNet": "None", "netInterestIncome": "None", "interestIncome": "None", "interestExpense": "5895000", "nonInterestIncome": "None", "otherNonOperatingIncome": "424000", "depreciation": "None", "depreciationAndAmortization": "14111000", "incomeBeforeTax": "37505000", "incomeTaxExpense": "126000", "interestAndDebtExpense": "None", "netIncomeFromContinuingOperations": "37379000", "comprehensiveIncomeNetOfTax": "None", "ebit": "43400000", "ebitda": "57511000", "netIncome": "37379000"}, {"fiscalDateEnding": "2011-06-30", "reportedCurrency": "USD", "grossProfit": "60353000", "totalRevenue": "161363000", "costOfRevenue": "101010000", "costofGoodsAndServicesSold": "101010000", "operatingIncome": "21800000", "sellingGeneralAndAdministrative": "5772000", "researchAndDevelopment": "3608000", "operatingExpenses": "38553000", "investmentIncomeNet": "None", "netInterestIncome": "None", "interestIncome": "None", "interestExpense": "5934000", "nonInterestIncome": "None", "otherNonOperatingIncome": "-490000", "depreciation": "None", "depreciationAndAmortization": "13860000", "incomeBeforeTax": "15376000", "incomeTaxExpense": "87000", "interestAndDebtExpense": "None", "netIncomeFromContinuingOperations": "15289000", "comprehensiveIncomeNetOfTax": "None", "ebit": "21310000", "ebitda": "35170000", "netIncome": "15289000"}, {"fiscalDateEnding": "2011-03-31", "reportedCurrency": "USD", "grossProfit": "47177000", "totalRevenue": "123981000", "costOfRevenue": "76804000", "costofGoodsAndServicesSold": "76804000", "operatingIncome": "11143000", "sellingGeneralAndAdministrative": "6117000", "researchAndDevelopment": "3885000", "operatingExpenses": "36034000", "investmentIncomeNet": "None", "netInterestIncome": "None", "interestIncome": "None", "interestExpense": "6001000", "nonInterestIncome": "None", "otherNonOperatingIncome": "None", "depreciation": "None", "depreciationAndAmortization": "13663000", "incomeBeforeTax": "4937000", "incomeTaxExpense": "93000", "interestAndDebtExpense": "None", "netIncomeFromContinuingOperations": "0", "comprehensiveIncomeNetOfTax": "None", "ebit": "10938000", "ebitda": "24601000", "netIncome": "4844000"}, {"fiscalDateEnding": "2010-12-31", "reportedCurrency": "USD", "grossProfit": "63832000", "totalRevenue": "161041000", "costOfRevenue": "97209000", "costofGoodsAndServicesSold": "97209000", "operatingIncome": "26208000", "sellingGeneralAndAdministrative": "6107000", "researchAndDevelopment": "3916000", "operatingExpenses": "37624000", "investmentIncomeNet": "None", "netInterestIncome": "None", "interestIncome": "None", "interestExpense": "6645000", "nonInterestIncome": "None", "otherNonOperatingIncome": "None", "depreciation": "None", "depreciationAndAmortization": "14918000", "incomeBeforeTax": "18683000", "incomeTaxExpense": "70000", "interestAndDebtExpense": "None", "netIncomeFromContinuingOperations": "0", "comprehensiveIncomeNetOfTax": "None", "ebit": "25328000", "ebitda": "40246000", "netIncome": "18613000"}, {"fiscalDateEnding": "2010-09-30", "reportedCurrency": "USD", "grossProfit": "67362000", "totalRevenue": "160666000", "costOfRevenue": "93304000", "costofGoodsAndServicesSold": "93304000", "operatingIncome": "29770000", "sellingGeneralAndAdministrative": "5654000", "researchAndDevelopment": "3580000", "operatingExpenses": "37592000", "investmentIncomeNet": "None", "netInterestIncome": "None", "interestIncome": "None", "interestExpense": "6540000", "nonInterestIncome": "None", "otherNonOperatingIncome": "None", "depreciation": "None", "depreciationAndAmortization": "15011000", "incomeBeforeTax": "23076000", "incomeTaxExpense": "78000", "interestAndDebtExpense": "None", "netIncomeFromContinuingOperations": "0", "comprehensiveIncomeNetOfTax": "None", "ebit": "29616000", "ebitda": "44627000", "netIncome": "22998000"}, {"fiscalDateEnding": "2010-06-30", "reportedCurrency": "USD", "grossProfit": "54745000", "totalRevenue": "140455000", "costOfRevenue": "85710000", "costofGoodsAndServicesSold": "85710000", "operatingIncome": "18854000", "sellingGeneralAndAdministrative": "5679000", "researchAndDevelopment": "3482000", "operatingExpenses": "35891000", "investmentIncomeNet": "None", "netInterestIncome": "None", "interestIncome": "None", "interestExpense": "5720000", "nonInterestIncome": "None", "otherNonOperatingIncome": "None", "depreciation": "None", "depreciationAndAmortization": "14859000", "incomeBeforeTax": "12911000", "incomeTaxExpense": "77000", "interestAndDebtExpense": "None", "netIncomeFromContinuingOperations": "0", "comprehensiveIncomeNetOfTax": "None", "ebit": "18631000", "ebitda": "33490000", "netIncome": "12834000"}, {"fiscalDateEnding": "2010-03-31", "reportedCurrency": "USD", "grossProfit": "51418000", "totalRevenue": "130718000", "costOfRevenue": "79300000", "costofGoodsAndServicesSold": "79300000", "operatingIncome": "15464000", "sellingGeneralAndAdministrative": "5159000", "researchAndDevelopment": "3722000", "operatingExpenses": "35954000", "investmentIncomeNet": "None", "netInterestIncome": "None", "interestIncome": "None", "interestExpense": "8492000", "nonInterestIncome": "None", "otherNonOperatingIncome": "None", "depreciation": "None", "depreciationAndAmortization": "14652000", "incomeBeforeTax": "2550000", "incomeTaxExpense": "82000", "interestAndDebtExpense": "None", "netIncomeFromContinuingOperations": "0", "comprehensiveIncomeNetOfTax": "None", "ebit": "11042000", "ebitda": "25694000", "netIncome": "2468000"}, {"fiscalDateEnding": "2009-12-31", "reportedCurrency": "USD", "grossProfit": "63644000", "totalRevenue": "153964000", "costOfRevenue": "90320000", "costofGoodsAndServicesSold": "90320000", "operatingIncome": "29322000", "sellingGeneralAndAdministrative": "3175000", "researchAndDevelopment": "3090000", "operatingExpenses": "34322000", "investmentIncomeNet": "None", "netInterestIncome": "None", "interestIncome": "None", "interestExpense": "17210000", "nonInterestIncome": "None", "otherNonOperatingIncome": "None", "depreciation": "None", "depreciationAndAmortization": "14994000", "incomeBeforeTax": "11963000", "incomeTaxExpense": "15000", "interestAndDebtExpense": "None", "netIncomeFromContinuingOperations": "0", "comprehensiveIncomeNetOfTax": "None", "ebit": "29173000", "ebitda": "44167000", "netIncome": "11948000"}, {"fiscalDateEnding": "2009-09-30", "reportedCurrency": "USD", "grossProfit": "64491000", "totalRevenue": "144261000", "costOfRevenue": "79770000", "costofGoodsAndServicesSold": "79770000", "operatingIncome": "30588000", "sellingGeneralAndAdministrative": "3671000", "researchAndDevelopment": "2515000", "operatingExpenses": "33903000", "investmentIncomeNet": "None", "netInterestIncome": "None", "interestIncome": "None", "interestExpense": "17204000", "nonInterestIncome": "None", "otherNonOperatingIncome": "None", "depreciation": "None", "depreciationAndAmortization": "15060000", "incomeBeforeTax": "14428000", "incomeTaxExpense": "112000", "interestAndDebtExpense": "None", "netIncomeFromContinuingOperations": "0", "comprehensiveIncomeNetOfTax": "None", "ebit": "30588000", "ebitda": "45648000", "netIncome": "14316000"}, {"fiscalDateEnding": "2009-06-30", "reportedCurrency": "USD", "grossProfit": "60188000", "totalRevenue": "149577000", "costOfRevenue": "89389000", "costofGoodsAndServicesSold": "89389000", "operatingIncome": "24786000", "sellingGeneralAndAdministrative": "3970000", "researchAndDevelopment": "2625000", "operatingExpenses": "35402000", "investmentIncomeNet": "None", "netInterestIncome": "None", "interestIncome": "None", "interestExpense": "18482000", "nonInterestIncome": "None", "otherNonOperatingIncome": "None", "depreciation": "None", "depreciationAndAmortization": "14894000", "incomeBeforeTax": "11104000", "incomeTaxExpense": "107000", "interestAndDebtExpense": "None", "netIncomeFromContinuingOperations": "0", "comprehensiveIncomeNetOfTax": "None", "ebit": "24786000", "ebitda": "39680000", "netIncome": "10997000"}, {"fiscalDateEnding": "2009-03-31", "reportedCurrency": "USD", "grossProfit": "47527000", "totalRevenue": "140446000", "costOfRevenue": "92919000", "costofGoodsAndServicesSold": "92919000", "operatingIncome": "13816000", "sellingGeneralAndAdministrative": "3897000", "researchAndDevelopment": "2612000", "operatingExpenses": "33711000", "investmentIncomeNet": "None", "netInterestIncome": "None", "interestIncome": "None", "interestExpense": "17966000", "nonInterestIncome": "None", "otherNonOperatingIncome": "None", "depreciation": "None", "depreciationAndAmortization": "14727000", "incomeBeforeTax": "5899000", "incomeTaxExpense": "105000", "interestAndDebtExpense": "None", "netIncomeFromContinuingOperations": "0", "comprehensiveIncomeNetOfTax": "None", "ebit": "13816000", "ebitda": "28543000", "netIncome": "5794000"}, {"fiscalDateEnding": "2008-12-31", "reportedCurrency": "USD", "grossProfit": "58161000", "totalRevenue": "172624000", "costOfRevenue": "114463000", "costofGoodsAndServicesSold": "114463000", "operatingIncome": "23173000", "sellingGeneralAndAdministrative": "4161000", "researchAndDevelopment": "2448000", "operatingExpenses": "34988000", "investmentIncomeNet": "None", "netInterestIncome": "None", "interestIncome": "None", "interestExpense": "26556000", "nonInterestIncome": "None", "otherNonOperatingIncome": "None", "depreciation": "None", "depreciationAndAmortization": "13880000", "incomeBeforeTax": "-528134000", "incomeTaxExpense": "-12369000", "interestAndDebtExpense": "None", "netIncomeFromContinuingOperations": "0", "comprehensiveIncomeNetOfTax": "None", "ebit": "23173000", "ebitda": "37053000", "netIncome": "-515765000"}, {"fiscalDateEnding": "2008-09-30", "reportedCurrency": "USD", "grossProfit": "55826000", "totalRevenue": "165055000", "costOfRevenue": "109229000", "costofGoodsAndServicesSold": "109229000", "operatingIncome": "22531000", "sellingGeneralAndAdministrative": "3810000", "researchAndDevelopment": "2207000", "operatingExpenses": "33295000", "investmentIncomeNet": "None", "netInterestIncome": "None", "interestIncome": "None", "interestExpense": "27023000", "nonInterestIncome": "None", "otherNonOperatingIncome": "None", "depreciation": "None", "depreciationAndAmortization": "13819000", "incomeBeforeTax": "-4520000", "incomeTaxExpense": "8625000", "interestAndDebtExpense": "None", "netIncomeFromContinuingOperations": "0", "comprehensiveIncomeNetOfTax": "None", "ebit": "22531000", "ebitda": "36350000", "netIncome": "-13145000"}, {"fiscalDateEnding": "2008-06-30", "reportedCurrency": "USD", "grossProfit": "0", "totalRevenue": "124183000", "costOfRevenue": "78628000", "costofGoodsAndServicesSold": "78628000", "operatingIncome": "14154000", "sellingGeneralAndAdministrative": "31401000", "researchAndDevelopment": "0", "operatingExpenses": "0", "investmentIncomeNet": "None", "netInterestIncome": "None", "interestIncome": "None", "interestExpense": "0", "nonInterestIncome": "None", "otherNonOperatingIncome": "None", "depreciation": "None", "depreciationAndAmortization": "None", "incomeBeforeTax": "0", "incomeTaxExpense": "0", "interestAndDebtExpense": "None", "netIncomeFromContinuingOperations": "0", "comprehensiveIncomeNetOfTax": "None", "ebit": "0", "ebitda": "None", "netIncome": "0"}, {"fiscalDateEnding": "2008-03-31", "reportedCurrency": "USD", "grossProfit": "0", "totalRevenue": "112367000", "costOfRevenue": "69879000", "costofGoodsAndServicesSold": "69879000", "operatingIncome": "11327000", "sellingGeneralAndAdministrative": "31161000", "researchAndDevelopment": "0", "operatingExpenses": "0", "investmentIncomeNet": "None", "netInterestIncome": "None", "interestIncome": "None", "interestExpense": "0", "nonInterestIncome": "None", "otherNonOperatingIncome": "None", "depreciation": "None", "depreciationAndAmortization": "None", "incomeBeforeTax": "0", "incomeTaxExpense": "0", "interestAndDebtExpense": "None", "netIncomeFromContinuingOperations": "0", "comprehensiveIncomeNetOfTax": "None", "ebit": "0", "ebitda": "None", "netIncome": "0"}, {"fiscalDateEnding": "2007-12-31", "reportedCurrency": "USD", "grossProfit": "228458000", "totalRevenue": "136884000", "costOfRevenue": "80051000", "costofGoodsAndServicesSold": "80051000", "operatingIncome": "20465000", "sellingGeneralAndAdministrative": "36368000", "researchAndDevelopment": "9606000", "operatingExpenses": "0", "investmentIncomeNet": "None", "netInterestIncome": "None", "interestIncome": "None", "interestExpense": "125366000", "nonInterestIncome": "None", "otherNonOperatingIncome": "None", "depreciation": "None", "depreciationAndAmortization": "None", "incomeBeforeTax": "0", "incomeTaxExpense": "0", "interestAndDebtExpense": "None", "netIncomeFromContinuingOperations": "0", "comprehensiveIncomeNetOfTax": "None", "ebit": "0", "ebitda": "None", "netIncome": "9050000"}, {"fiscalDateEnding": "2007-09-30", "reportedCurrency": "USD", "grossProfit": "0", "totalRevenue": "144111000", "costOfRevenue": "83540000", "costofGoodsAndServicesSold": "83540000", "operatingIncome": "29751000", "sellingGeneralAndAdministrative": "30820000", "researchAndDevelopment": "0", "operatingExpenses": "0", "investmentIncomeNet": "None", "netInterestIncome": "None", "interestIncome": "None", "interestExpense": "0", "nonInterestIncome": "None", "otherNonOperatingIncome": "None", "depreciation": "None", "depreciationAndAmortization": "None", "incomeBeforeTax": "0", "incomeTaxExpense": "0", "interestAndDebtExpense": "None", "netIncomeFromContinuingOperations": "0", "comprehensiveIncomeNetOfTax": "None", "ebit": "0", "ebitda": "None", "netIncome": "0"}, {"fiscalDateEnding": "2007-06-30", "reportedCurrency": "USD", "grossProfit": "0", "totalRevenue": "135204000", "costOfRevenue": "82109000", "costofGoodsAndServicesSold": "82109000", "operatingIncome": "22230000", "sellingGeneralAndAdministrative": "30865000", "researchAndDevelopment": "0", "operatingExpenses": "0", "investmentIncomeNet": "None", "netInterestIncome": "None", "interestIncome": "None", "interestExpense": "0", "nonInterestIncome": "None", "otherNonOperatingIncome": "None", "depreciation": "None", "depreciationAndAmortization": "None", "incomeBeforeTax": "0", "incomeTaxExpense": "0", "interestAndDebtExpense": "None", "netIncomeFromContinuingOperations": "0", "comprehensiveIncomeNetOfTax": "None", "ebit": "0", "ebitda": "None", "netIncome": "0"}, {"fiscalDateEnding": "2007-03-31", "reportedCurrency": "USD", "grossProfit": "0", "totalRevenue": "139506000", "costOfRevenue": "87728000", "costofGoodsAndServicesSold": "87728000", "operatingIncome": "22390000", "sellingGeneralAndAdministrative": "29388000", "researchAndDevelopment": "0", "operatingExpenses": "0", "investmentIncomeNet": "None", "netInterestIncome": "None", "interestIncome": "None", "interestExpense": "0", "nonInterestIncome": "None", "otherNonOperatingIncome": "None", "depreciation": "None", "depreciationAndAmortization": "None", "incomeBeforeTax": "0", "incomeTaxExpense": "0", "interestAndDebtExpense": "None", "netIncomeFromContinuingOperations": "0", "comprehensiveIncomeNetOfTax": "None", "ebit": "0", "ebitda": "None", "netIncome": "0"}]}