{"symbol": "EMR", "annualReports": [{"fiscalDateEnding": "2024-09-30", "reportedCurrency": "USD", "grossProfit": "7808000000", "totalRevenue": "17492000000", "costOfRevenue": "9684000000", "costofGoodsAndServicesSold": "9684000000", "operatingIncome": "2666000000", "sellingGeneralAndAdministrative": "5142000000", "researchAndDevelopment": "None", "operatingExpenses": "5142000000", "investmentIncomeNet": "None", "netInterestIncome": "-89000000", "interestIncome": "234000000", "interestExpense": "175000000", "nonInterestIncome": "None", "otherNonOperatingIncome": "None", "depreciation": "None", "depreciationAndAmortization": "1689000000", "incomeBeforeTax": "2020000000", "incomeTaxExpense": "415000000", "interestAndDebtExpense": "None", "netIncomeFromContinuingOperations": "1605000000", "comprehensiveIncomeNetOfTax": "None", "ebit": "2195000000", "ebitda": "3884000000", "netIncome": "1968000000"}, {"fiscalDateEnding": "2023-09-30", "reportedCurrency": "USD", "grossProfit": "7427000000", "totalRevenue": "15165000000", "costOfRevenue": "7738000000", "costofGoodsAndServicesSold": "7738000000", "operatingIncome": "2832000000", "sellingGeneralAndAdministrative": "4186000000", "researchAndDevelopment": "523000000", "operatingExpenses": "4797000000", "investmentIncomeNet": "None", "netInterestIncome": "7000000", "interestIncome": "41000000", "interestExpense": "34000000", "nonInterestIncome": "None", "otherNonOperatingIncome": "None", "depreciation": "None", "depreciationAndAmortization": "1051000000", "incomeBeforeTax": "2726000000", "incomeTaxExpense": "599000000", "interestAndDebtExpense": "None", "netIncomeFromContinuingOperations": "2127000000", "comprehensiveIncomeNetOfTax": "None", "ebit": "2987000000", "ebitda": "4038000000", "netIncome": "13219000000"}, {"fiscalDateEnding": "2022-09-30", "reportedCurrency": "USD", "grossProfit": "8188000000", "totalRevenue": "19629000000", "costOfRevenue": "11441000000", "costofGoodsAndServicesSold": "11441000000", "operatingIncome": "3878000000", "sellingGeneralAndAdministrative": "4248000000", "researchAndDevelopment": "385000000", "operatingExpenses": "4605000000", "investmentIncomeNet": "None", "netInterestIncome": "-193000000", "interestIncome": "260000000", "interestExpense": "193000000", "nonInterestIncome": "None", "otherNonOperatingIncome": "486000000", "depreciation": "None", "depreciationAndAmortization": "842000000", "incomeBeforeTax": "4085000000", "incomeTaxExpense": "855000000", "interestAndDebtExpense": "None", "netIncomeFromContinuingOperations": "3230000000", "comprehensiveIncomeNetOfTax": "None", "ebit": "2660000000", "ebitda": "3502000000", "netIncome": "3231000000"}, {"fiscalDateEnding": "2021-09-30", "reportedCurrency": "USD", "grossProfit": "7563000000", "totalRevenue": "18236000000", "costOfRevenue": "10673000000", "costofGoodsAndServicesSold": "10673000000", "operatingIncome": "3216000000", "sellingGeneralAndAdministrative": "4179000000", "researchAndDevelopment": "485000000", "operatingExpenses": "4479000000", "investmentIncomeNet": "None", "netInterestIncome": "-154000000", "interestIncome": "154000000", "interestExpense": "154000000", "nonInterestIncome": "None", "otherNonOperatingIncome": "None", "depreciation": "None", "depreciationAndAmortization": "969000000", "incomeBeforeTax": "2912000000", "incomeTaxExpense": "585000000", "interestAndDebtExpense": "None", "netIncomeFromContinuingOperations": "2327000000", "comprehensiveIncomeNetOfTax": "None", "ebit": "3078000000", "ebitda": "4047000000", "netIncome": "2303000000"}, {"fiscalDateEnding": "2020-09-30", "reportedCurrency": "USD", "grossProfit": "7009000000", "totalRevenue": "16785000000", "costOfRevenue": "9776000000", "costofGoodsAndServicesSold": "9776000000", "operatingIncome": "2491000000", "sellingGeneralAndAdministrative": "3986000000", "researchAndDevelopment": "439000000", "operatingExpenses": "3986000000", "investmentIncomeNet": "None", "netInterestIncome": "-156000000", "interestIncome": "156000000", "interestExpense": "156000000", "nonInterestIncome": "None", "otherNonOperatingIncome": "None", "depreciation": "None", "depreciationAndAmortization": "854000000", "incomeBeforeTax": "2335000000", "incomeTaxExpense": "345000000", "interestAndDebtExpense": "None", "netIncomeFromContinuingOperations": "1990000000", "comprehensiveIncomeNetOfTax": "None", "ebit": "2510000000", "ebitda": "3364000000", "netIncome": "1965000000"}, {"fiscalDateEnding": "2019-09-30", "reportedCurrency": "USD", "grossProfit": "7815000000", "totalRevenue": "18372000000", "costOfRevenue": "10557000000", "costofGoodsAndServicesSold": "10557000000", "operatingIncome": "3128000000", "sellingGeneralAndAdministrative": "4457000000", "researchAndDevelopment": "454000000", "operatingExpenses": "4695000000", "investmentIncomeNet": "None", "netInterestIncome": "-174000000", "interestIncome": "27000000", "interestExpense": "174000000", "nonInterestIncome": "None", "otherNonOperatingIncome": "None", "depreciation": "None", "depreciationAndAmortization": "822000000", "incomeBeforeTax": "2859000000", "incomeTaxExpense": "531000000", "interestAndDebtExpense": "None", "netIncomeFromContinuingOperations": "2328000000", "comprehensiveIncomeNetOfTax": "None", "ebit": "3060000000", "ebitda": "3882000000", "netIncome": "2306000000"}, {"fiscalDateEnding": "2018-09-30", "reportedCurrency": "USD", "grossProfit": "7460000000", "totalRevenue": "17408000000", "costOfRevenue": "9948000000", "costofGoodsAndServicesSold": "9948000000", "operatingIncome": "2991000000", "sellingGeneralAndAdministrative": "4258000000", "researchAndDevelopment": "436000000", "operatingExpenses": "4469000000", "investmentIncomeNet": "None", "netInterestIncome": "-159000000", "interestIncome": "43000000", "interestExpense": "159000000", "nonInterestIncome": "None", "otherNonOperatingIncome": "None", "depreciation": "None", "depreciationAndAmortization": "758000000", "incomeBeforeTax": "2667000000", "incomeTaxExpense": "443000000", "interestAndDebtExpense": "None", "netIncomeFromContinuingOperations": "2224000000", "comprehensiveIncomeNetOfTax": "None", "ebit": "2869000000", "ebitda": "3627000000", "netIncome": "2203000000"}, {"fiscalDateEnding": "2017-09-30", "reportedCurrency": "USD", "grossProfit": "6404000000", "totalRevenue": "15264000000", "costOfRevenue": "8860000000", "costofGoodsAndServicesSold": "8860000000", "operatingIncome": "2650000000", "sellingGeneralAndAdministrative": "3618000000", "researchAndDevelopment": "340000000", "operatingExpenses": "3754000000", "investmentIncomeNet": "None", "netInterestIncome": "-165000000", "interestIncome": "36000000", "interestExpense": "201000000", "nonInterestIncome": "None", "otherNonOperatingIncome": "None", "depreciation": "None", "depreciationAndAmortization": "636000000", "incomeBeforeTax": "2335000000", "incomeTaxExpense": "660000000", "interestAndDebtExpense": "None", "netIncomeFromContinuingOperations": "1675000000", "comprehensiveIncomeNetOfTax": "None", "ebit": "2536000000", "ebitda": "3172000000", "netIncome": "1518000000"}, {"fiscalDateEnding": "2016-09-30", "reportedCurrency": "USD", "grossProfit": "6262000000", "totalRevenue": "14522000000", "costOfRevenue": "8260000000", "costofGoodsAndServicesSold": "8260000000", "operatingIncome": "2714000000", "sellingGeneralAndAdministrative": "3464000000", "researchAndDevelopment": "320000000", "operatingExpenses": "3548000000", "investmentIncomeNet": "None", "netInterestIncome": "-188000000", "interestIncome": "85000000", "interestExpense": "215000000", "nonInterestIncome": "None", "otherNonOperatingIncome": "None", "depreciation": "None", "depreciationAndAmortization": "568000000", "incomeBeforeTax": "2316000000", "incomeTaxExpense": "697000000", "interestAndDebtExpense": "None", "netIncomeFromContinuingOperations": "1619000000", "comprehensiveIncomeNetOfTax": "None", "ebit": "2531000000", "ebitda": "3099000000", "netIncome": "1635000000"}, {"fiscalDateEnding": "2015-09-30", "reportedCurrency": "USD", "grossProfit": "9048000000", "totalRevenue": "22304000000", "costOfRevenue": "13256000000", "costofGoodsAndServicesSold": "13256000000", "operatingIncome": "3439000000", "sellingGeneralAndAdministrative": "5184000000", "researchAndDevelopment": "336000000", "operatingExpenses": "5609000000", "investmentIncomeNet": "None", "netInterestIncome": "None", "interestIncome": "153000000", "interestExpense": "200000000", "nonInterestIncome": "None", "otherNonOperatingIncome": "1039000000", "depreciation": "None", "depreciationAndAmortization": "815000000", "incomeBeforeTax": "4161000000", "incomeTaxExpense": "1428000000", "interestAndDebtExpense": "None", "netIncomeFromContinuingOperations": "2733000000", "comprehensiveIncomeNetOfTax": "None", "ebit": "3763000000", "ebitda": "4578000000", "netIncome": "2710000000"}, {"fiscalDateEnding": "2014-09-30", "reportedCurrency": "USD", "grossProfit": "10158000000", "totalRevenue": "24537000000", "costOfRevenue": "14379000000", "costofGoodsAndServicesSold": "14379000000", "operatingIncome": "4163000000", "sellingGeneralAndAdministrative": "5715000000", "researchAndDevelopment": "356000000", "operatingExpenses": "5995000000", "investmentIncomeNet": "None", "netInterestIncome": "None", "interestIncome": "None", "interestExpense": "218000000", "nonInterestIncome": "None", "otherNonOperatingIncome": "None", "depreciation": "None", "depreciationAndAmortization": "831000000", "incomeBeforeTax": "3348000000", "incomeTaxExpense": "1164000000", "interestAndDebtExpense": "None", "netIncomeFromContinuingOperations": "2184000000", "comprehensiveIncomeNetOfTax": "None", "ebit": "3566000000", "ebitda": "4397000000", "netIncome": "2147000000"}, {"fiscalDateEnding": "2013-09-30", "reportedCurrency": "USD", "grossProfit": "9952000000", "totalRevenue": "24669000000", "costOfRevenue": "14717000000", "costofGoodsAndServicesSold": "14717000000", "operatingIncome": "4006000000", "sellingGeneralAndAdministrative": "5648000000", "researchAndDevelopment": "576000000", "operatingExpenses": "5946000000", "investmentIncomeNet": "None", "netInterestIncome": "None", "interestIncome": "None", "interestExpense": "234000000", "nonInterestIncome": "None", "otherNonOperatingIncome": "-362000000", "depreciation": "None", "depreciationAndAmortization": "819000000", "incomeBeforeTax": "3196000000", "incomeTaxExpense": "1130000000", "interestAndDebtExpense": "None", "netIncomeFromContinuingOperations": "2066000000", "comprehensiveIncomeNetOfTax": "None", "ebit": "3430000000", "ebitda": "4249000000", "netIncome": "2004000000"}, {"fiscalDateEnding": "2012-09-30", "reportedCurrency": "USD", "grossProfit": "9768000000", "totalRevenue": "24412000000", "costOfRevenue": "14644000000", "costofGoodsAndServicesSold": "14644000000", "operatingIncome": "4332000000", "sellingGeneralAndAdministrative": "5436000000", "researchAndDevelopment": "547000000", "operatingExpenses": "5436000000", "investmentIncomeNet": "None", "netInterestIncome": "None", "interestIncome": "None", "interestExpense": "224000000", "nonInterestIncome": "None", "otherNonOperatingIncome": "-401000000", "depreciation": "None", "depreciationAndAmortization": "823000000", "incomeBeforeTax": "3115000000", "incomeTaxExpense": "1091000000", "interestAndDebtExpense": "None", "netIncomeFromContinuingOperations": "2024000000", "comprehensiveIncomeNetOfTax": "None", "ebit": "3356000000", "ebitda": "4179000000", "netIncome": "1968000000"}, {"fiscalDateEnding": "2011-09-30", "reportedCurrency": "USD", "grossProfit": "9557000000", "totalRevenue": "24222000000", "costOfRevenue": "14665000000", "costofGoodsAndServicesSold": "14665000000", "operatingIncome": "4229000000", "sellingGeneralAndAdministrative": "5328000000", "researchAndDevelopment": "555000000", "operatingExpenses": "5703000000", "investmentIncomeNet": "None", "netInterestIncome": "None", "interestIncome": "None", "interestExpense": "223000000", "nonInterestIncome": "None", "otherNonOperatingIncome": "-375000000", "depreciation": "None", "depreciationAndAmortization": "867000000", "incomeBeforeTax": "3631000000", "incomeTaxExpense": "1127000000", "interestAndDebtExpense": "None", "netIncomeFromContinuingOperations": "2504000000", "comprehensiveIncomeNetOfTax": "None", "ebit": "3877000000", "ebitda": "4744000000", "netIncome": "2480000000"}, {"fiscalDateEnding": "2010-09-30", "reportedCurrency": "USD", "grossProfit": "8326000000", "totalRevenue": "21039000000", "costOfRevenue": "12713000000", "costofGoodsAndServicesSold": "12713000000", "operatingIncome": "3140000000", "sellingGeneralAndAdministrative": "4943000000", "researchAndDevelopment": "473000000", "operatingExpenses": "5186000000", "investmentIncomeNet": "None", "netInterestIncome": "None", "interestIncome": "None", "interestExpense": "280000000", "nonInterestIncome": "None", "otherNonOperatingIncome": "-369000000", "depreciation": "None", "depreciationAndAmortization": "816000000", "incomeBeforeTax": "2879000000", "incomeTaxExpense": "848000000", "interestAndDebtExpense": "None", "netIncomeFromContinuingOperations": "2031000000", "comprehensiveIncomeNetOfTax": "None", "ebit": "3159000000", "ebitda": "3975000000", "netIncome": "2164000000"}, {"fiscalDateEnding": "2009-09-30", "reportedCurrency": "USD", "grossProfit": "7699000000", "totalRevenue": "20915000000", "costOfRevenue": "13216000000", "costofGoodsAndServicesSold": "13216000000", "operatingIncome": "2637000000", "sellingGeneralAndAdministrative": "4827000000", "researchAndDevelopment": "460000000", "operatingExpenses": "5062000000", "investmentIncomeNet": "None", "netInterestIncome": "None", "interestIncome": "None", "interestExpense": "220000000", "nonInterestIncome": "None", "otherNonOperatingIncome": "-530000000", "depreciation": "None", "depreciationAndAmortization": "727000000", "incomeBeforeTax": "2417000000", "incomeTaxExpense": "693000000", "interestAndDebtExpense": "None", "netIncomeFromContinuingOperations": "1944000000", "comprehensiveIncomeNetOfTax": "None", "ebit": "2661000000", "ebitda": "3388000000", "netIncome": "1724000000"}, {"fiscalDateEnding": "2008-09-30", "reportedCurrency": "USD", "grossProfit": "9139000000", "totalRevenue": "24807000000", "costOfRevenue": "15668000000", "costofGoodsAndServicesSold": "15668000000", "operatingIncome": "4001000000", "sellingGeneralAndAdministrative": "5057000000", "researchAndDevelopment": "458000000", "operatingExpenses": "5138000000", "investmentIncomeNet": "None", "netInterestIncome": "None", "interestIncome": "None", "interestExpense": "244000000", "nonInterestIncome": "None", "otherNonOperatingIncome": "None", "depreciation": "None", "depreciationAndAmortization": "707000000", "incomeBeforeTax": "3591000000", "incomeTaxExpense": "1137000000", "interestAndDebtExpense": "None", "netIncomeFromContinuingOperations": "None", "comprehensiveIncomeNetOfTax": "None", "ebit": "3835000000", "ebitda": "4542000000", "netIncome": "2412000000"}, {"fiscalDateEnding": "2007-09-30", "reportedCurrency": "USD", "grossProfit": "8111000000", "totalRevenue": "22572000000", "costOfRevenue": "14461000000", "costofGoodsAndServicesSold": "14461000000", "operatingIncome": "3455000000", "sellingGeneralAndAdministrative": "4593000000", "researchAndDevelopment": "397000000", "operatingExpenses": "4656000000", "investmentIncomeNet": "None", "netInterestIncome": "None", "interestIncome": "None", "interestExpense": "0", "nonInterestIncome": "None", "otherNonOperatingIncome": "None", "depreciation": "None", "depreciationAndAmortization": "656000000", "incomeBeforeTax": "3107000000", "incomeTaxExpense": "971000000", "interestAndDebtExpense": "None", "netIncomeFromContinuingOperations": "None", "comprehensiveIncomeNetOfTax": "None", "ebit": "3433000000", "ebitda": "4089000000", "netIncome": "2136000000"}, {"fiscalDateEnding": "2006-09-30", "reportedCurrency": "USD", "grossProfit": "7168000000", "totalRevenue": "20133000000", "costOfRevenue": "12965000000", "costofGoodsAndServicesSold": "12965000000", "operatingIncome": "3022000000", "sellingGeneralAndAdministrative": "4099000000", "researchAndDevelopment": "356000000", "operatingExpenses": "4146000000", "investmentIncomeNet": "None", "netInterestIncome": "None", "interestIncome": "None", "interestExpense": "0", "nonInterestIncome": "None", "otherNonOperatingIncome": "None", "depreciation": "None", "depreciationAndAmortization": "607000000", "incomeBeforeTax": "2684000000", "incomeTaxExpense": "839000000", "interestAndDebtExpense": "None", "netIncomeFromContinuingOperations": "None", "comprehensiveIncomeNetOfTax": "None", "ebit": "3006000000", "ebitda": "3613000000", "netIncome": "1845000000"}, {"fiscalDateEnding": "2005-09-30", "reportedCurrency": "USD", "grossProfit": "6183000000", "totalRevenue": "17305000000", "costOfRevenue": "11122000000", "costofGoodsAndServicesSold": "11122000000", "operatingIncome": "2560000000", "sellingGeneralAndAdministrative": "3595000000", "researchAndDevelopment": "303000000", "operatingExpenses": "3623000000", "investmentIncomeNet": "None", "netInterestIncome": "None", "interestIncome": "None", "interestExpense": "0", "nonInterestIncome": "None", "otherNonOperatingIncome": "None", "depreciation": "None", "depreciationAndAmortization": "562000000", "incomeBeforeTax": "2149000000", "incomeTaxExpense": "727000000", "interestAndDebtExpense": "None", "netIncomeFromContinuingOperations": "None", "comprehensiveIncomeNetOfTax": "None", "ebit": "2560000000", "ebitda": "3122000000", "netIncome": "1422000000"}], "quarterlyReports": [{"fiscalDateEnding": "2024-12-31", "reportedCurrency": "USD", "grossProfit": "2235000000", "totalRevenue": "4175000000", "costOfRevenue": "1940000000", "costofGoodsAndServicesSold": "1940000000", "operatingIncome": "782000000", "sellingGeneralAndAdministrative": "1224000000", "researchAndDevelopment": "None", "operatingExpenses": "1453000000", "investmentIncomeNet": "None", "netInterestIncome": "-8000000", "interestIncome": "44000000", "interestExpense": "8000000", "nonInterestIncome": "None", "otherNonOperatingIncome": "None", "depreciation": "None", "depreciationAndAmortization": "383000000", "incomeBeforeTax": "775000000", "incomeTaxExpense": "182000000", "interestAndDebtExpense": "None", "netIncomeFromContinuingOperations": "593000000", "comprehensiveIncomeNetOfTax": "None", "ebit": "827000000", "ebitda": "1210000000", "netIncome": "585000000"}, {"fiscalDateEnding": "2024-09-30", "reportedCurrency": "USD", "grossProfit": "2371000000", "totalRevenue": "4619000000", "costOfRevenue": "2248000000", "costofGoodsAndServicesSold": "2248000000", "operatingIncome": "790000000", "sellingGeneralAndAdministrative": "1315000000", "researchAndDevelopment": "None", "operatingExpenses": "1581000000", "investmentIncomeNet": "None", "netInterestIncome": "-18000000", "interestIncome": "148000000", "interestExpense": "18000000", "nonInterestIncome": "None", "otherNonOperatingIncome": "None", "depreciation": "None", "depreciationAndAmortization": "426000000", "incomeBeforeTax": "679000000", "incomeTaxExpense": "149000000", "interestAndDebtExpense": "None", "netIncomeFromContinuingOperations": "530000000", "comprehensiveIncomeNetOfTax": "None", "ebit": "845000000", "ebitda": "1271000000", "netIncome": "996000000"}, {"fiscalDateEnding": "2024-06-30", "reportedCurrency": "USD", "grossProfit": "2047000000", "totalRevenue": "4380000000", "costOfRevenue": "2333000000", "costofGoodsAndServicesSold": "2333000000", "operatingIncome": "793000000", "sellingGeneralAndAdministrative": "1254000000", "researchAndDevelopment": "None", "operatingExpenses": "1254000000", "investmentIncomeNet": "None", "netInterestIncome": "-32000000", "interestIncome": "24000000", "interestExpense": "56000000", "nonInterestIncome": "None", "otherNonOperatingIncome": "None", "depreciation": "None", "depreciationAndAmortization": "417000000", "incomeBeforeTax": "455000000", "incomeTaxExpense": "88000000", "interestAndDebtExpense": "None", "netIncomeFromContinuingOperations": "367000000", "comprehensiveIncomeNetOfTax": "None", "ebit": "543000000", "ebitda": "960000000", "netIncome": "329000000"}, {"fiscalDateEnding": "2024-03-31", "reportedCurrency": "USD", "grossProfit": "-989000000", "totalRevenue": "4376000000", "costOfRevenue": "5365000000", "costofGoodsAndServicesSold": "5365000000", "operatingIncome": "-2285000000", "sellingGeneralAndAdministrative": "1296000000", "researchAndDevelopment": "None", "operatingExpenses": "1296000000", "investmentIncomeNet": "None", "netInterestIncome": "-26000000", "interestIncome": "64000000", "interestExpense": "90000000", "nonInterestIncome": "None", "otherNonOperatingIncome": "None", "depreciation": "None", "depreciationAndAmortization": "424000000", "incomeBeforeTax": "652000000", "incomeTaxExpense": "149000000", "interestAndDebtExpense": "None", "netIncomeFromContinuingOperations": "503000000", "comprehensiveIncomeNetOfTax": "None", "ebit": "742000000", "ebitda": "1166000000", "netIncome": "501000000"}, {"fiscalDateEnding": "2023-12-31", "reportedCurrency": "USD", "grossProfit": "1916000000", "totalRevenue": "4117000000", "costOfRevenue": "2201000000", "costofGoodsAndServicesSold": "2201000000", "operatingIncome": "132000000", "sellingGeneralAndAdministrative": "1277000000", "researchAndDevelopment": "None", "operatingExpenses": "1551000000", "investmentIncomeNet": "None", "netInterestIncome": "-13000000", "interestIncome": "71000000", "interestExpense": "84000000", "nonInterestIncome": "None", "otherNonOperatingIncome": "None", "depreciation": "None", "depreciationAndAmortization": "422000000", "incomeBeforeTax": "139000000", "incomeTaxExpense": "7000000", "interestAndDebtExpense": "None", "netIncomeFromContinuingOperations": "132000000", "comprehensiveIncomeNetOfTax": "None", "ebit": "223000000", "ebitda": "645000000", "netIncome": "142000000"}, {"fiscalDateEnding": "2023-09-30", "reportedCurrency": "USD", "grossProfit": "2012000000", "totalRevenue": "4090000000", "costOfRevenue": "2078000000", "costofGoodsAndServicesSold": "2078000000", "operatingIncome": "697000000", "sellingGeneralAndAdministrative": "1114000000", "researchAndDevelopment": "523000000", "operatingExpenses": "1346000000", "investmentIncomeNet": "None", "netInterestIncome": "108000000", "interestIncome": "108000000", "interestExpense": "54000000", "nonInterestIncome": "None", "otherNonOperatingIncome": "None", "depreciation": "None", "depreciationAndAmortization": "271000000", "incomeBeforeTax": "904000000", "incomeTaxExpense": "209000000", "interestAndDebtExpense": "None", "netIncomeFromContinuingOperations": "695000000", "comprehensiveIncomeNetOfTax": "None", "ebit": "958000000", "ebitda": "1229000000", "netIncome": "744000000"}, {"fiscalDateEnding": "2023-06-30", "reportedCurrency": "USD", "grossProfit": "1994000000", "totalRevenue": "3946000000", "costOfRevenue": "1952000000", "costofGoodsAndServicesSold": "1952000000", "operatingIncome": "603000000", "sellingGeneralAndAdministrative": "1042000000", "researchAndDevelopment": "None", "operatingExpenses": "1221000000", "investmentIncomeNet": "None", "netInterestIncome": "0", "interestIncome": "10000000", "interestExpense": "10000000", "nonInterestIncome": "None", "otherNonOperatingIncome": "None", "depreciation": "None", "depreciationAndAmortization": "257000000", "incomeBeforeTax": "761000000", "incomeTaxExpense": "158000000", "interestAndDebtExpense": "None", "netIncomeFromContinuingOperations": "603000000", "comprehensiveIncomeNetOfTax": "None", "ebit": "832000000", "ebitda": "1089000000", "netIncome": "9352000000"}, {"fiscalDateEnding": "2023-03-31", "reportedCurrency": "USD", "grossProfit": "1801000000", "totalRevenue": "3756000000", "costOfRevenue": "1955000000", "costofGoodsAndServicesSold": "1955000000", "operatingIncome": "682000000", "sellingGeneralAndAdministrative": "1000000000", "researchAndDevelopment": "None", "operatingExpenses": "1801000000", "investmentIncomeNet": "None", "netInterestIncome": "-53000000", "interestIncome": "18000000", "interestExpense": "71000000", "nonInterestIncome": "None", "otherNonOperatingIncome": "None", "depreciation": "None", "depreciationAndAmortization": "263000000", "incomeBeforeTax": "639000000", "incomeTaxExpense": "134000000", "interestAndDebtExpense": "None", "netIncomeFromContinuingOperations": "505000000", "comprehensiveIncomeNetOfTax": "None", "ebit": "710000000", "ebitda": "973000000", "netIncome": "792000000"}, {"fiscalDateEnding": "2022-12-31", "reportedCurrency": "USD", "grossProfit": "1620000000", "totalRevenue": "3373000000", "costOfRevenue": "1753000000", "costofGoodsAndServicesSold": "1753000000", "operatingIncome": "482000000", "sellingGeneralAndAdministrative": "1030000000", "researchAndDevelopment": "None", "operatingExpenses": "1148000000", "investmentIncomeNet": "None", "netInterestIncome": "-48000000", "interestIncome": "48000000", "interestExpense": "68000000", "nonInterestIncome": "None", "otherNonOperatingIncome": "None", "depreciation": "None", "depreciationAndAmortization": "260000000", "incomeBeforeTax": "422000000", "incomeTaxExpense": "98000000", "interestAndDebtExpense": "None", "netIncomeFromContinuingOperations": "324000000", "comprehensiveIncomeNetOfTax": "None", "ebit": "482000000", "ebitda": "742000000", "netIncome": "2331000000"}, {"fiscalDateEnding": "2022-09-30", "reportedCurrency": "USD", "grossProfit": "2317000000", "totalRevenue": "5360000000", "costOfRevenue": "3043000000", "costofGoodsAndServicesSold": "3043000000", "operatingIncome": "738000000", "sellingGeneralAndAdministrative": "1136000000", "researchAndDevelopment": "385000000", "operatingExpenses": "1270000000", "investmentIncomeNet": "None", "netInterestIncome": "-53000000", "interestIncome": "53000000", "interestExpense": "53000000", "nonInterestIncome": "None", "otherNonOperatingIncome": "3000000", "depreciation": "None", "depreciationAndAmortization": "317000000", "incomeBeforeTax": "904000000", "incomeTaxExpense": "196000000", "interestAndDebtExpense": "None", "netIncomeFromContinuingOperations": "708000000", "comprehensiveIncomeNetOfTax": "None", "ebit": "974000000", "ebitda": "1291000000", "netIncome": "740000000"}, {"fiscalDateEnding": "2022-06-30", "reportedCurrency": "USD", "grossProfit": "2097000000", "totalRevenue": "5005000000", "costOfRevenue": "2908000000", "costofGoodsAndServicesSold": "2908000000", "operatingIncome": "962000000", "sellingGeneralAndAdministrative": "1052000000", "researchAndDevelopment": "None", "operatingExpenses": "1150000000", "investmentIncomeNet": "None", "netInterestIncome": "-50000000", "interestIncome": "37000000", "interestExpense": "50000000", "nonInterestIncome": "None", "otherNonOperatingIncome": "483000000", "depreciation": "None", "depreciationAndAmortization": "270000000", "incomeBeforeTax": "1195000000", "incomeTaxExpense": "243000000", "interestAndDebtExpense": "None", "netIncomeFromContinuingOperations": "952000000", "comprehensiveIncomeNetOfTax": "None", "ebit": "1256000000", "ebitda": "1526000000", "netIncome": "921000000"}, {"fiscalDateEnding": "2022-03-31", "reportedCurrency": "USD", "grossProfit": "1952000000", "totalRevenue": "4791000000", "costOfRevenue": "2839000000", "costofGoodsAndServicesSold": "2839000000", "operatingIncome": "873000000", "sellingGeneralAndAdministrative": "1049000000", "researchAndDevelopment": "None", "operatingExpenses": "1111000000", "investmentIncomeNet": "None", "netInterestIncome": "-52000000", "interestIncome": "52000000", "interestExpense": "52000000", "nonInterestIncome": "None", "otherNonOperatingIncome": "None", "depreciation": "None", "depreciationAndAmortization": "221000000", "incomeBeforeTax": "811000000", "incomeTaxExpense": "136000000", "interestAndDebtExpense": "None", "netIncomeFromContinuingOperations": "675000000", "comprehensiveIncomeNetOfTax": "None", "ebit": "867000000", "ebitda": "1088000000", "netIncome": "674000000"}, {"fiscalDateEnding": "2021-12-31", "reportedCurrency": "USD", "grossProfit": "1822000000", "totalRevenue": "4473000000", "costOfRevenue": "2651000000", "costofGoodsAndServicesSold": "2651000000", "operatingIncome": "1217000000", "sellingGeneralAndAdministrative": "1011000000", "researchAndDevelopment": "None", "operatingExpenses": "1074000000", "investmentIncomeNet": "None", "netInterestIncome": "-38000000", "interestIncome": "3000000", "interestExpense": "41000000", "nonInterestIncome": "None", "otherNonOperatingIncome": "None", "depreciation": "None", "depreciationAndAmortization": "231000000", "incomeBeforeTax": "1175000000", "incomeTaxExpense": "280000000", "interestAndDebtExpense": "None", "netIncomeFromContinuingOperations": "895000000", "comprehensiveIncomeNetOfTax": "None", "ebit": "1216000000", "ebitda": "1447000000", "netIncome": "896000000"}, {"fiscalDateEnding": "2021-09-30", "reportedCurrency": "USD", "grossProfit": "1996000000", "totalRevenue": "4947000000", "costOfRevenue": "2951000000", "costofGoodsAndServicesSold": "2951000000", "operatingIncome": "774000000", "sellingGeneralAndAdministrative": "1054000000", "researchAndDevelopment": "485000000", "operatingExpenses": "1131000000", "investmentIncomeNet": "None", "netInterestIncome": "-39000000", "interestIncome": "39000000", "interestExpense": "39000000", "nonInterestIncome": "None", "otherNonOperatingIncome": "None", "depreciation": "None", "depreciationAndAmortization": "249000000", "incomeBeforeTax": "828000000", "incomeTaxExpense": "154000000", "interestAndDebtExpense": "None", "netIncomeFromContinuingOperations": "674000000", "comprehensiveIncomeNetOfTax": "None", "ebit": "870000000", "ebitda": "1119000000", "netIncome": "670000000"}, {"fiscalDateEnding": "2021-06-30", "reportedCurrency": "USD", "grossProfit": "1982000000", "totalRevenue": "4697000000", "costOfRevenue": "2715000000", "costofGoodsAndServicesSold": "2715000000", "operatingIncome": "812000000", "sellingGeneralAndAdministrative": "1073000000", "researchAndDevelopment": "None", "operatingExpenses": "1144000000", "investmentIncomeNet": "None", "netInterestIncome": "-37000000", "interestIncome": "3000000", "interestExpense": "40000000", "nonInterestIncome": "None", "otherNonOperatingIncome": "None", "depreciation": "None", "depreciationAndAmortization": "237000000", "incomeBeforeTax": "784000000", "incomeTaxExpense": "151000000", "interestAndDebtExpense": "None", "netIncomeFromContinuingOperations": "633000000", "comprehensiveIncomeNetOfTax": "None", "ebit": "824000000", "ebitda": "1061000000", "netIncome": "627000000"}, {"fiscalDateEnding": "2021-03-31", "reportedCurrency": "USD", "grossProfit": "1862000000", "totalRevenue": "4431000000", "costOfRevenue": "2569000000", "costofGoodsAndServicesSold": "2569000000", "operatingIncome": "754000000", "sellingGeneralAndAdministrative": "1054000000", "researchAndDevelopment": "None", "operatingExpenses": "1070000000", "investmentIncomeNet": "None", "netInterestIncome": "-38000000", "interestIncome": "38000000", "interestExpense": "42000000", "nonInterestIncome": "None", "otherNonOperatingIncome": "None", "depreciation": "None", "depreciationAndAmortization": "239000000", "incomeBeforeTax": "737000000", "incomeTaxExpense": "169000000", "interestAndDebtExpense": "None", "netIncomeFromContinuingOperations": "568000000", "comprehensiveIncomeNetOfTax": "None", "ebit": "779000000", "ebitda": "1018000000", "netIncome": "561000000"}, {"fiscalDateEnding": "2020-12-31", "reportedCurrency": "USD", "grossProfit": "1723000000", "totalRevenue": "4161000000", "costOfRevenue": "2438000000", "costofGoodsAndServicesSold": "2438000000", "operatingIncome": "647000000", "sellingGeneralAndAdministrative": "998000000", "researchAndDevelopment": "None", "operatingExpenses": "1076000000", "investmentIncomeNet": "None", "netInterestIncome": "-40000000", "interestIncome": "2000000", "interestExpense": "40000000", "nonInterestIncome": "None", "otherNonOperatingIncome": "None", "depreciation": "None", "depreciationAndAmortization": "244000000", "incomeBeforeTax": "563000000", "incomeTaxExpense": "111000000", "interestAndDebtExpense": "None", "netIncomeFromContinuingOperations": "452000000", "comprehensiveIncomeNetOfTax": "None", "ebit": "605000000", "ebitda": "849000000", "netIncome": "445000000"}, {"fiscalDateEnding": "2020-09-30", "reportedCurrency": "USD", "grossProfit": "1882000000", "totalRevenue": "4558000000", "costOfRevenue": "2676000000", "costofGoodsAndServicesSold": "2676000000", "operatingIncome": "869000000", "sellingGeneralAndAdministrative": "946000000", "researchAndDevelopment": "439000000", "operatingExpenses": "946000000", "investmentIncomeNet": "None", "netInterestIncome": "-40000000", "interestIncome": "40000000", "interestExpense": "40000000", "nonInterestIncome": "None", "otherNonOperatingIncome": "None", "depreciation": "None", "depreciationAndAmortization": "223000000", "incomeBeforeTax": "765000000", "incomeTaxExpense": "35000000", "interestAndDebtExpense": "None", "netIncomeFromContinuingOperations": "730000000", "comprehensiveIncomeNetOfTax": "None", "ebit": "808000000", "ebitda": "1031000000", "netIncome": "723000000"}, {"fiscalDateEnding": "2020-06-30", "reportedCurrency": "USD", "grossProfit": "1618000000", "totalRevenue": "3914000000", "costOfRevenue": "2296000000", "costofGoodsAndServicesSold": "2296000000", "operatingIncome": "591000000", "sellingGeneralAndAdministrative": "934000000", "researchAndDevelopment": "None", "operatingExpenses": "994000000", "investmentIncomeNet": "None", "netInterestIncome": "-45000000", "interestIncome": "4000000", "interestExpense": "45000000", "nonInterestIncome": "None", "otherNonOperatingIncome": "None", "depreciation": "None", "depreciationAndAmortization": "209000000", "incomeBeforeTax": "458000000", "incomeTaxExpense": "51000000", "interestAndDebtExpense": "None", "netIncomeFromContinuingOperations": "407000000", "comprehensiveIncomeNetOfTax": "None", "ebit": "617000000", "ebitda": "826000000", "netIncome": "399000000"}, {"fiscalDateEnding": "2020-03-31", "reportedCurrency": "USD", "grossProfit": "1750000000", "totalRevenue": "4162000000", "costOfRevenue": "2412000000", "costofGoodsAndServicesSold": "2412000000", "operatingIncome": "720000000", "sellingGeneralAndAdministrative": "983000000", "researchAndDevelopment": "None", "operatingExpenses": "1042000000", "investmentIncomeNet": "None", "netInterestIncome": "-36000000", "interestIncome": "6000000", "interestExpense": "42000000", "nonInterestIncome": "None", "otherNonOperatingIncome": "None", "depreciation": "None", "depreciationAndAmortization": "211000000", "incomeBeforeTax": "689000000", "incomeTaxExpense": "165000000", "interestAndDebtExpense": "None", "netIncomeFromContinuingOperations": "524000000", "comprehensiveIncomeNetOfTax": "None", "ebit": "731000000", "ebitda": "942000000", "netIncome": "517000000"}, {"fiscalDateEnding": "2019-12-31", "reportedCurrency": "USD", "grossProfit": "1759000000", "totalRevenue": "4151000000", "costOfRevenue": "2392000000", "costofGoodsAndServicesSold": "2392000000", "operatingIncome": "564000000", "sellingGeneralAndAdministrative": "1136000000", "researchAndDevelopment": "None", "operatingExpenses": "1195000000", "investmentIncomeNet": "None", "netInterestIncome": "-35000000", "interestIncome": "6000000", "interestExpense": "35000000", "nonInterestIncome": "None", "otherNonOperatingIncome": "None", "depreciation": "None", "depreciationAndAmortization": "211000000", "incomeBeforeTax": "423000000", "incomeTaxExpense": "94000000", "interestAndDebtExpense": "None", "netIncomeFromContinuingOperations": "329000000", "comprehensiveIncomeNetOfTax": "None", "ebit": "547000000", "ebitda": "758000000", "netIncome": "326000000"}, {"fiscalDateEnding": "2019-09-30", "reportedCurrency": "USD", "grossProfit": "2128000000", "totalRevenue": "4971000000", "costOfRevenue": "2843000000", "costofGoodsAndServicesSold": "2843000000", "operatingIncome": "958000000", "sellingGeneralAndAdministrative": "1109000000", "researchAndDevelopment": "454000000", "operatingExpenses": "1170000000", "investmentIncomeNet": "None", "netInterestIncome": "-40000000", "interestIncome": "40000000", "interestExpense": "40000000", "nonInterestIncome": "None", "otherNonOperatingIncome": "None", "depreciation": "None", "depreciationAndAmortization": "213000000", "incomeBeforeTax": "826000000", "incomeTaxExpense": "102000000", "interestAndDebtExpense": "None", "netIncomeFromContinuingOperations": "724000000", "comprehensiveIncomeNetOfTax": "None", "ebit": "874000000", "ebitda": "1087000000", "netIncome": "717000000"}, {"fiscalDateEnding": "2019-06-30", "reportedCurrency": "USD", "grossProfit": "2001000000", "totalRevenue": "4684000000", "costOfRevenue": "2683000000", "costofGoodsAndServicesSold": "2683000000", "operatingIncome": "815000000", "sellingGeneralAndAdministrative": "1126000000", "researchAndDevelopment": "None", "operatingExpenses": "1186000000", "investmentIncomeNet": "None", "netInterestIncome": "-43000000", "interestIncome": "45000000", "interestExpense": "43000000", "nonInterestIncome": "None", "otherNonOperatingIncome": "None", "depreciation": "None", "depreciationAndAmortization": "203000000", "incomeBeforeTax": "767000000", "incomeTaxExpense": "155000000", "interestAndDebtExpense": "None", "netIncomeFromContinuingOperations": "612000000", "comprehensiveIncomeNetOfTax": "None", "ebit": "830000000", "ebitda": "1033000000", "netIncome": "604000000"}, {"fiscalDateEnding": "2019-03-31", "reportedCurrency": "USD", "grossProfit": "1925000000", "totalRevenue": "4570000000", "costOfRevenue": "2645000000", "costofGoodsAndServicesSold": "2645000000", "operatingIncome": "720000000", "sellingGeneralAndAdministrative": "1145000000", "researchAndDevelopment": "None", "operatingExpenses": "1205000000", "investmentIncomeNet": "None", "netInterestIncome": "-48000000", "interestIncome": "49000000", "interestExpense": "55000000", "nonInterestIncome": "None", "otherNonOperatingIncome": "None", "depreciation": "None", "depreciationAndAmortization": "204000000", "incomeBeforeTax": "675000000", "incomeTaxExpense": "150000000", "interestAndDebtExpense": "None", "netIncomeFromContinuingOperations": "525000000", "comprehensiveIncomeNetOfTax": "None", "ebit": "704000000", "ebitda": "908000000", "netIncome": "520000000"}, {"fiscalDateEnding": "2018-12-31", "reportedCurrency": "USD", "grossProfit": "1761000000", "totalRevenue": "4147000000", "costOfRevenue": "2386000000", "costofGoodsAndServicesSold": "2386000000", "operatingIncome": "627000000", "sellingGeneralAndAdministrative": "1077000000", "researchAndDevelopment": "0", "operatingExpenses": "1134000000", "investmentIncomeNet": "None", "netInterestIncome": "None", "interestIncome": "None", "interestExpense": "43000000", "nonInterestIncome": "None", "otherNonOperatingIncome": "None", "depreciation": "None", "depreciationAndAmortization": "202000000", "incomeBeforeTax": "591000000", "incomeTaxExpense": "124000000", "interestAndDebtExpense": "None", "netIncomeFromContinuingOperations": "467000000", "comprehensiveIncomeNetOfTax": "None", "ebit": "633000000", "ebitda": "835000000", "netIncome": "465000000"}, {"fiscalDateEnding": "2018-09-30", "reportedCurrency": "USD", "grossProfit": "2065000000", "totalRevenue": "4888000000", "costOfRevenue": "2823000000", "costofGoodsAndServicesSold": "2823000000", "operatingIncome": "828000000", "sellingGeneralAndAdministrative": "1180000000", "researchAndDevelopment": "436000000", "operatingExpenses": "1237000000", "investmentIncomeNet": "None", "netInterestIncome": "None", "interestIncome": "None", "interestExpense": "89000000", "nonInterestIncome": "None", "otherNonOperatingIncome": "None", "depreciation": "None", "depreciationAndAmortization": "201000000", "incomeBeforeTax": "738000000", "incomeTaxExpense": "116000000", "interestAndDebtExpense": "None", "netIncomeFromContinuingOperations": "622000000", "comprehensiveIncomeNetOfTax": "None", "ebit": "792000000", "ebitda": "993000000", "netIncome": "617000000"}, {"fiscalDateEnding": "2018-06-30", "reportedCurrency": "USD", "grossProfit": "1949000000", "totalRevenue": "4456000000", "costOfRevenue": "2507000000", "costofGoodsAndServicesSold": "2507000000", "operatingIncome": "848000000", "sellingGeneralAndAdministrative": "1054000000", "researchAndDevelopment": "0", "operatingExpenses": "1054000000", "investmentIncomeNet": "None", "netInterestIncome": "None", "interestIncome": "None", "interestExpense": "39000000", "nonInterestIncome": "None", "otherNonOperatingIncome": "None", "depreciation": "None", "depreciationAndAmortization": "179000000", "incomeBeforeTax": "768000000", "incomeTaxExpense": "49000000", "interestAndDebtExpense": "None", "netIncomeFromContinuingOperations": "719000000", "comprehensiveIncomeNetOfTax": "None", "ebit": "793000000", "ebitda": "972000000", "netIncome": "712000000"}, {"fiscalDateEnding": "2018-03-31", "reportedCurrency": "USD", "grossProfit": "1825000000", "totalRevenue": "4248000000", "costOfRevenue": "2423000000", "costofGoodsAndServicesSold": "2423000000", "operatingIncome": "742000000", "sellingGeneralAndAdministrative": "1032000000", "researchAndDevelopment": "0", "operatingExpenses": "1083000000", "investmentIncomeNet": "None", "netInterestIncome": "None", "interestIncome": "None", "interestExpense": "50000000", "nonInterestIncome": "None", "otherNonOperatingIncome": "None", "depreciation": "None", "depreciationAndAmortization": "191000000", "incomeBeforeTax": "658000000", "incomeTaxExpense": "169000000", "interestAndDebtExpense": "None", "netIncomeFromContinuingOperations": "489000000", "comprehensiveIncomeNetOfTax": "None", "ebit": "715000000", "ebitda": "906000000", "netIncome": "482000000"}, {"fiscalDateEnding": "2017-12-31", "reportedCurrency": "USD", "grossProfit": "1621000000", "totalRevenue": "3816000000", "costOfRevenue": "2195000000", "costofGoodsAndServicesSold": "2195000000", "operatingIncome": "573000000", "sellingGeneralAndAdministrative": "992000000", "researchAndDevelopment": "0", "operatingExpenses": "1048000000", "investmentIncomeNet": "None", "netInterestIncome": "None", "interestIncome": "None", "interestExpense": "49000000", "nonInterestIncome": "None", "otherNonOperatingIncome": "None", "depreciation": "None", "depreciationAndAmortization": "187000000", "incomeBeforeTax": "503000000", "incomeTaxExpense": "109000000", "interestAndDebtExpense": "None", "netIncomeFromContinuingOperations": "394000000", "comprehensiveIncomeNetOfTax": "None", "ebit": "566000000", "ebitda": "753000000", "netIncome": "392000000"}, {"fiscalDateEnding": "2017-09-30", "reportedCurrency": "USD", "grossProfit": "1804000000", "totalRevenue": "4435000000", "costOfRevenue": "2631000000", "costofGoodsAndServicesSold": "2631000000", "operatingIncome": "748000000", "sellingGeneralAndAdministrative": "997000000", "researchAndDevelopment": "340000000", "operatingExpenses": "1049000000", "investmentIncomeNet": "None", "netInterestIncome": "None", "interestIncome": "None", "interestExpense": "50000000", "nonInterestIncome": "None", "otherNonOperatingIncome": "None", "depreciation": "None", "depreciationAndAmortization": "182000000", "incomeBeforeTax": "685000000", "incomeTaxExpense": "183000000", "interestAndDebtExpense": "None", "netIncomeFromContinuingOperations": "502000000", "comprehensiveIncomeNetOfTax": "None", "ebit": "735000000", "ebitda": "917000000", "netIncome": "504000000"}, {"fiscalDateEnding": "2017-06-30", "reportedCurrency": "USD", "grossProfit": "1678000000", "totalRevenue": "4039000000", "costOfRevenue": "2361000000", "costofGoodsAndServicesSold": "2361000000", "operatingIncome": "713000000", "sellingGeneralAndAdministrative": "931000000", "researchAndDevelopment": "0", "operatingExpenses": "965000000", "investmentIncomeNet": "None", "netInterestIncome": "None", "interestIncome": "None", "interestExpense": "49000000", "nonInterestIncome": "None", "otherNonOperatingIncome": "None", "depreciation": "None", "depreciationAndAmortization": "171000000", "incomeBeforeTax": "621000000", "incomeTaxExpense": "202000000", "interestAndDebtExpense": "None", "netIncomeFromContinuingOperations": "419000000", "comprehensiveIncomeNetOfTax": "None", "ebit": "733000000", "ebitda": "904000000", "netIncome": "413000000"}, {"fiscalDateEnding": "2017-03-31", "reportedCurrency": "USD", "grossProfit": "1557000000", "totalRevenue": "3574000000", "costOfRevenue": "2017000000", "costofGoodsAndServicesSold": "2017000000", "operatingIncome": "668000000", "sellingGeneralAndAdministrative": "868000000", "researchAndDevelopment": "0", "operatingExpenses": "889000000", "investmentIncomeNet": "None", "netInterestIncome": "None", "interestIncome": "None", "interestExpense": "50000000", "nonInterestIncome": "None", "otherNonOperatingIncome": "None", "depreciation": "None", "depreciationAndAmortization": "140000000", "incomeBeforeTax": "565000000", "incomeTaxExpense": "181000000", "interestAndDebtExpense": "None", "netIncomeFromContinuingOperations": "384000000", "comprehensiveIncomeNetOfTax": "None", "ebit": "619000000", "ebitda": "759000000", "netIncome": "292000000"}, {"fiscalDateEnding": "2016-12-31", "reportedCurrency": "USD", "grossProfit": "1365000000", "totalRevenue": "3216000000", "costOfRevenue": "1851000000", "costofGoodsAndServicesSold": "1851000000", "operatingIncome": "521000000", "sellingGeneralAndAdministrative": "822000000", "researchAndDevelopment": "0", "operatingExpenses": "844000000", "investmentIncomeNet": "None", "netInterestIncome": "None", "interestIncome": "None", "interestExpense": "52000000", "nonInterestIncome": "None", "otherNonOperatingIncome": "None", "depreciation": "None", "depreciationAndAmortization": "143000000", "incomeBeforeTax": "464000000", "incomeTaxExpense": "94000000", "interestAndDebtExpense": "None", "netIncomeFromContinuingOperations": "370000000", "comprehensiveIncomeNetOfTax": "None", "ebit": "515000000", "ebitda": "658000000", "netIncome": "309000000"}, {"fiscalDateEnding": "2016-09-30", "reportedCurrency": "USD", "grossProfit": "1713000000", "totalRevenue": "3932000000", "costOfRevenue": "2219000000", "costofGoodsAndServicesSold": "2219000000", "operatingIncome": "570000000", "sellingGeneralAndAdministrative": "855000000", "researchAndDevelopment": "320000000", "operatingExpenses": "873000000", "investmentIncomeNet": "None", "netInterestIncome": "None", "interestIncome": "None", "interestExpense": "54000000", "nonInterestIncome": "None", "otherNonOperatingIncome": "None", "depreciation": "None", "depreciationAndAmortization": "-21000000", "incomeBeforeTax": "674000000", "incomeTaxExpense": "188000000", "interestAndDebtExpense": "None", "netIncomeFromContinuingOperations": "400000000", "comprehensiveIncomeNetOfTax": "None", "ebit": "515000000", "ebitda": "494000000", "netIncome": "438000000"}, {"fiscalDateEnding": "2016-06-30", "reportedCurrency": "USD", "grossProfit": "2094000000", "totalRevenue": "5126000000", "costOfRevenue": "3032000000", "costofGoodsAndServicesSold": "3032000000", "operatingIncome": "785000000", "sellingGeneralAndAdministrative": "1203000000", "researchAndDevelopment": "0", "operatingExpenses": "1264000000", "investmentIncomeNet": "None", "netInterestIncome": "None", "interestIncome": "None", "interestExpense": "53000000", "nonInterestIncome": "None", "otherNonOperatingIncome": "None", "depreciation": "None", "depreciationAndAmortization": "192000000", "incomeBeforeTax": "744000000", "incomeTaxExpense": "254000000", "interestAndDebtExpense": "None", "netIncomeFromContinuingOperations": "490000000", "comprehensiveIncomeNetOfTax": "None", "ebit": "672000000", "ebitda": "864000000", "netIncome": "479000000"}, {"fiscalDateEnding": "2016-03-31", "reportedCurrency": "USD", "grossProfit": "1994000000", "totalRevenue": "4928000000", "costOfRevenue": "2934000000", "costofGoodsAndServicesSold": "2934000000", "operatingIncome": "669000000", "sellingGeneralAndAdministrative": "1218000000", "researchAndDevelopment": "0", "operatingExpenses": "1279000000", "investmentIncomeNet": "None", "netInterestIncome": "None", "interestIncome": "None", "interestExpense": "54000000", "nonInterestIncome": "None", "otherNonOperatingIncome": "None", "depreciation": "None", "depreciationAndAmortization": "195000000", "incomeBeforeTax": "608000000", "incomeTaxExpense": "231000000", "interestAndDebtExpense": "None", "netIncomeFromContinuingOperations": "377000000", "comprehensiveIncomeNetOfTax": "None", "ebit": "566000000", "ebitda": "761000000", "netIncome": "369000000"}, {"fiscalDateEnding": "2015-12-31", "reportedCurrency": "USD", "grossProfit": "1889000000", "totalRevenue": "4713000000", "costOfRevenue": "2824000000", "costofGoodsAndServicesSold": "2824000000", "operatingIncome": "599000000", "sellingGeneralAndAdministrative": "1226000000", "researchAndDevelopment": "0", "operatingExpenses": "1290000000", "investmentIncomeNet": "None", "netInterestIncome": "None", "interestIncome": "None", "interestExpense": "54000000", "nonInterestIncome": "None", "otherNonOperatingIncome": "None", "depreciation": "None", "depreciationAndAmortization": "202000000", "incomeBeforeTax": "503000000", "incomeTaxExpense": "151000000", "interestAndDebtExpense": "None", "netIncomeFromContinuingOperations": "352000000", "comprehensiveIncomeNetOfTax": "None", "ebit": "429000000", "ebitda": "631000000", "netIncome": "349000000"}, {"fiscalDateEnding": "2015-09-30", "reportedCurrency": "USD", "grossProfit": "2368000000", "totalRevenue": "5814000000", "costOfRevenue": "3446000000", "costofGoodsAndServicesSold": "3446000000", "operatingIncome": "1007000000", "sellingGeneralAndAdministrative": "1185000000", "researchAndDevelopment": "506000000", "operatingExpenses": "1361000000", "investmentIncomeNet": "None", "netInterestIncome": "None", "interestIncome": "None", "interestExpense": "49000000", "nonInterestIncome": "None", "otherNonOperatingIncome": "107000000", "depreciation": "None", "depreciationAndAmortization": "202000000", "incomeBeforeTax": "996000000", "incomeTaxExpense": "345000000", "interestAndDebtExpense": "None", "netIncomeFromContinuingOperations": "651000000", "comprehensiveIncomeNetOfTax": "None", "ebit": "1045000000", "ebitda": "1247000000", "netIncome": "648000000"}, {"fiscalDateEnding": "2015-06-30", "reportedCurrency": "USD", "grossProfit": "2234000000", "totalRevenue": "5503000000", "costOfRevenue": "3269000000", "costofGoodsAndServicesSold": "3269000000", "operatingIncome": "830000000", "sellingGeneralAndAdministrative": "1276000000", "researchAndDevelopment": "0", "operatingExpenses": "1364000000", "investmentIncomeNet": "None", "netInterestIncome": "None", "interestIncome": "None", "interestExpense": "49000000", "nonInterestIncome": "None", "otherNonOperatingIncome": "None", "depreciation": "None", "depreciationAndAmortization": "201000000", "incomeBeforeTax": "796000000", "incomeTaxExpense": "222000000", "interestAndDebtExpense": "None", "netIncomeFromContinuingOperations": "574000000", "comprehensiveIncomeNetOfTax": "None", "ebit": "874000000", "ebitda": "1075000000", "netIncome": "564000000"}, {"fiscalDateEnding": "2015-03-31", "reportedCurrency": "USD", "grossProfit": "2166000000", "totalRevenue": "5400000000", "costOfRevenue": "3234000000", "costofGoodsAndServicesSold": "3234000000", "operatingIncome": "751000000", "sellingGeneralAndAdministrative": "1318000000", "researchAndDevelopment": "0", "operatingExpenses": "1415000000", "investmentIncomeNet": "None", "netInterestIncome": "None", "interestIncome": "None", "interestExpense": "49000000", "nonInterestIncome": "None", "otherNonOperatingIncome": "932000000", "depreciation": "None", "depreciationAndAmortization": "205000000", "incomeBeforeTax": "1604000000", "incomeTaxExpense": "625000000", "interestAndDebtExpense": "None", "netIncomeFromContinuingOperations": "979000000", "comprehensiveIncomeNetOfTax": "None", "ebit": "745000000", "ebitda": "950000000", "netIncome": "973000000"}, {"fiscalDateEnding": "2014-12-31", "reportedCurrency": "USD", "grossProfit": "2280000000", "totalRevenue": "5587000000", "costOfRevenue": "3307000000", "costofGoodsAndServicesSold": "3307000000", "operatingIncome": "811000000", "sellingGeneralAndAdministrative": "1405000000", "researchAndDevelopment": "0", "operatingExpenses": "1469000000", "investmentIncomeNet": "None", "netInterestIncome": "None", "interestIncome": "None", "interestExpense": "53000000", "nonInterestIncome": "None", "otherNonOperatingIncome": "None", "depreciation": "None", "depreciationAndAmortization": "207000000", "incomeBeforeTax": "765000000", "incomeTaxExpense": "236000000", "interestAndDebtExpense": "None", "netIncomeFromContinuingOperations": "529000000", "comprehensiveIncomeNetOfTax": "None", "ebit": "837000000", "ebitda": "1044000000", "netIncome": "525000000"}, {"fiscalDateEnding": "2014-09-30", "reportedCurrency": "USD", "grossProfit": "2889000000", "totalRevenue": "6807000000", "costOfRevenue": "3918000000", "costofGoodsAndServicesSold": "3918000000", "operatingIncome": "1371000000", "sellingGeneralAndAdministrative": "1453000000", "researchAndDevelopment": "541000000", "operatingExpenses": "1518000000", "investmentIncomeNet": "None", "netInterestIncome": "None", "interestIncome": "None", "interestExpense": "53000000", "nonInterestIncome": "None", "otherNonOperatingIncome": "None", "depreciation": "None", "depreciationAndAmortization": "208000000", "incomeBeforeTax": "816000000", "incomeTaxExpense": "401000000", "interestAndDebtExpense": "None", "netIncomeFromContinuingOperations": "415000000", "comprehensiveIncomeNetOfTax": "None", "ebit": "1871000000", "ebitda": "2079000000", "netIncome": "410000000"}, {"fiscalDateEnding": "2014-06-30", "reportedCurrency": "USD", "grossProfit": "2638000000", "totalRevenue": "6312000000", "costOfRevenue": "3674000000", "costofGoodsAndServicesSold": "3674000000", "operatingIncome": "1102000000", "sellingGeneralAndAdministrative": "1424000000", "researchAndDevelopment": "0", "operatingExpenses": "1490000000", "investmentIncomeNet": "None", "netInterestIncome": "None", "interestIncome": "None", "interestExpense": "53000000", "nonInterestIncome": "None", "otherNonOperatingIncome": "None", "depreciation": "None", "depreciationAndAmortization": "204000000", "incomeBeforeTax": "1072000000", "incomeTaxExpense": "334000000", "interestAndDebtExpense": "None", "netIncomeFromContinuingOperations": "738000000", "comprehensiveIncomeNetOfTax": "None", "ebit": "1125000000", "ebitda": "1329000000", "netIncome": "728000000"}, {"fiscalDateEnding": "2014-03-31", "reportedCurrency": "USD", "grossProfit": "2395000000", "totalRevenue": "5812000000", "costOfRevenue": "3417000000", "costofGoodsAndServicesSold": "3417000000", "operatingIncome": "875000000", "sellingGeneralAndAdministrative": "1394000000", "researchAndDevelopment": "0", "operatingExpenses": "1473000000", "investmentIncomeNet": "None", "netInterestIncome": "None", "interestIncome": "None", "interestExpense": "51000000", "nonInterestIncome": "None", "otherNonOperatingIncome": "None", "depreciation": "None", "depreciationAndAmortization": "210000000", "incomeBeforeTax": "817000000", "incomeTaxExpense": "263000000", "interestAndDebtExpense": "None", "netIncomeFromContinuingOperations": "554000000", "comprehensiveIncomeNetOfTax": "None", "ebit": "926000000", "ebitda": "1136000000", "netIncome": "547000000"}, {"fiscalDateEnding": "2013-12-31", "reportedCurrency": "USD", "grossProfit": "2236000000", "totalRevenue": "5606000000", "costOfRevenue": "3370000000", "costofGoodsAndServicesSold": "3370000000", "operatingIncome": "722000000", "sellingGeneralAndAdministrative": "1444000000", "researchAndDevelopment": "0", "operatingExpenses": "1514000000", "investmentIncomeNet": "None", "netInterestIncome": "None", "interestIncome": "None", "interestExpense": "61000000", "nonInterestIncome": "None", "otherNonOperatingIncome": "None", "depreciation": "None", "depreciationAndAmortization": "209000000", "incomeBeforeTax": "643000000", "incomeTaxExpense": "166000000", "interestAndDebtExpense": "None", "netIncomeFromContinuingOperations": "477000000", "comprehensiveIncomeNetOfTax": "None", "ebit": "732000000", "ebitda": "941000000", "netIncome": "462000000"}, {"fiscalDateEnding": "2013-09-30", "reportedCurrency": "USD", "grossProfit": "2804000000", "totalRevenue": "6812000000", "costOfRevenue": "4008000000", "costofGoodsAndServicesSold": "4008000000", "operatingIncome": "1305000000", "sellingGeneralAndAdministrative": "1432000000", "researchAndDevelopment": "576000000", "operatingExpenses": "1499000000", "investmentIncomeNet": "None", "netInterestIncome": "None", "interestIncome": "None", "interestExpense": "60000000", "nonInterestIncome": "None", "otherNonOperatingIncome": "-276000000", "depreciation": "None", "depreciationAndAmortization": "207000000", "incomeBeforeTax": "1181000000", "incomeTaxExpense": "373000000", "interestAndDebtExpense": "None", "netIncomeFromContinuingOperations": "808000000", "comprehensiveIncomeNetOfTax": "None", "ebit": "1241000000", "ebitda": "1448000000", "netIncome": "795000000"}, {"fiscalDateEnding": "2013-06-30", "reportedCurrency": "USD", "grossProfit": "2568000000", "totalRevenue": "6344000000", "costOfRevenue": "3776000000", "costofGoodsAndServicesSold": "3776000000", "operatingIncome": "1035000000", "sellingGeneralAndAdministrative": "1396000000", "researchAndDevelopment": "0", "operatingExpenses": "1482000000", "investmentIncomeNet": "None", "netInterestIncome": "None", "interestIncome": "None", "interestExpense": "56000000", "nonInterestIncome": "None", "otherNonOperatingIncome": "None", "depreciation": "None", "depreciationAndAmortization": "201000000", "incomeBeforeTax": "511000000", "incomeTaxExpense": "297000000", "interestAndDebtExpense": "None", "netIncomeFromContinuingOperations": "214000000", "comprehensiveIncomeNetOfTax": "None", "ebit": "1589000000", "ebitda": "1790000000", "netIncome": "194000000"}, {"fiscalDateEnding": "2013-03-31", "reportedCurrency": "USD", "grossProfit": "2373000000", "totalRevenue": "5960000000", "costOfRevenue": "3587000000", "costofGoodsAndServicesSold": "3587000000", "operatingIncome": "820000000", "sellingGeneralAndAdministrative": "1426000000", "researchAndDevelopment": "0", "operatingExpenses": "1496000000", "investmentIncomeNet": "None", "netInterestIncome": "None", "interestIncome": "None", "interestExpense": "60000000", "nonInterestIncome": "None", "otherNonOperatingIncome": "None", "depreciation": "None", "depreciationAndAmortization": "205000000", "incomeBeforeTax": "831000000", "incomeTaxExpense": "253000000", "interestAndDebtExpense": "None", "netIncomeFromContinuingOperations": "578000000", "comprehensiveIncomeNetOfTax": "None", "ebit": "891000000", "ebitda": "1096000000", "netIncome": "561000000"}, {"fiscalDateEnding": "2012-12-31", "reportedCurrency": "USD", "grossProfit": "2207000000", "totalRevenue": "5553000000", "costOfRevenue": "3346000000", "costofGoodsAndServicesSold": "3346000000", "operatingIncome": "738000000", "sellingGeneralAndAdministrative": "1394000000", "researchAndDevelopment": "0", "operatingExpenses": "1469000000", "investmentIncomeNet": "None", "netInterestIncome": "None", "interestIncome": "None", "interestExpense": "58000000", "nonInterestIncome": "None", "otherNonOperatingIncome": "-86000000", "depreciation": "None", "depreciationAndAmortization": "206000000", "incomeBeforeTax": "673000000", "incomeTaxExpense": "207000000", "interestAndDebtExpense": "None", "netIncomeFromContinuingOperations": "466000000", "comprehensiveIncomeNetOfTax": "None", "ebit": "731000000", "ebitda": "937000000", "netIncome": "454000000"}, {"fiscalDateEnding": "2012-09-30", "reportedCurrency": "USD", "grossProfit": "2749000000", "totalRevenue": "6700000000", "costOfRevenue": "3951000000", "costofGoodsAndServicesSold": "3951000000", "operatingIncome": "1364000000", "sellingGeneralAndAdministrative": "1385000000", "researchAndDevelopment": "547000000", "operatingExpenses": "1385000000", "investmentIncomeNet": "None", "netInterestIncome": "None", "interestIncome": "None", "interestExpense": "57000000", "nonInterestIncome": "None", "otherNonOperatingIncome": "-122000000", "depreciation": "None", "depreciationAndAmortization": "206000000", "incomeBeforeTax": "593000000", "incomeTaxExpense": "293000000", "interestAndDebtExpense": "None", "netIncomeFromContinuingOperations": "300000000", "comprehensiveIncomeNetOfTax": "None", "ebit": "1364000000", "ebitda": "1570000000", "netIncome": "282000000"}, {"fiscalDateEnding": "2012-06-30", "reportedCurrency": "USD", "grossProfit": "2628000000", "totalRevenue": "6484000000", "costOfRevenue": "3856000000", "costofGoodsAndServicesSold": "3856000000", "operatingIncome": "1290000000", "sellingGeneralAndAdministrative": "1338000000", "researchAndDevelopment": "0", "operatingExpenses": "1387000000", "investmentIncomeNet": "None", "netInterestIncome": "None", "interestIncome": "None", "interestExpense": "51000000", "nonInterestIncome": "None", "otherNonOperatingIncome": "-84000000", "depreciation": "None", "depreciationAndAmortization": "211000000", "incomeBeforeTax": "1155000000", "incomeTaxExpense": "368000000", "interestAndDebtExpense": "None", "netIncomeFromContinuingOperations": "787000000", "comprehensiveIncomeNetOfTax": "None", "ebit": "1211000000", "ebitda": "1422000000", "netIncome": "770000000"}, {"fiscalDateEnding": "2012-03-31", "reportedCurrency": "USD", "grossProfit": "2336000000", "totalRevenue": "5919000000", "costOfRevenue": "3583000000", "costofGoodsAndServicesSold": "3583000000", "operatingIncome": "977000000", "sellingGeneralAndAdministrative": "1359000000", "researchAndDevelopment": "0", "operatingExpenses": "1464000000", "investmentIncomeNet": "None", "netInterestIncome": "None", "interestIncome": "None", "interestExpense": "58000000", "nonInterestIncome": "None", "otherNonOperatingIncome": "-105000000", "depreciation": "None", "depreciationAndAmortization": "202000000", "incomeBeforeTax": "814000000", "incomeTaxExpense": "258000000", "interestAndDebtExpense": "None", "netIncomeFromContinuingOperations": "556000000", "comprehensiveIncomeNetOfTax": "None", "ebit": "877000000", "ebitda": "1079000000", "netIncome": "545000000"}, {"fiscalDateEnding": "2011-12-31", "reportedCurrency": "USD", "grossProfit": "2055000000", "totalRevenue": "5309000000", "costOfRevenue": "3254000000", "costofGoodsAndServicesSold": "3254000000", "operatingIncome": "701000000", "sellingGeneralAndAdministrative": "1354000000", "researchAndDevelopment": "0", "operatingExpenses": "1444000000", "investmentIncomeNet": "None", "netInterestIncome": "None", "interestIncome": "None", "interestExpense": "58000000", "nonInterestIncome": "None", "otherNonOperatingIncome": "-90000000", "depreciation": "None", "depreciationAndAmortization": "204000000", "incomeBeforeTax": "553000000", "incomeTaxExpense": "172000000", "interestAndDebtExpense": "None", "netIncomeFromContinuingOperations": "381000000", "comprehensiveIncomeNetOfTax": "None", "ebit": "615000000", "ebitda": "819000000", "netIncome": "371000000"}, {"fiscalDateEnding": "2011-09-30", "reportedCurrency": "USD", "grossProfit": "2590000000", "totalRevenue": "6545000000", "costOfRevenue": "3955000000", "costofGoodsAndServicesSold": "3955000000", "operatingIncome": "1517000000", "sellingGeneralAndAdministrative": "1339000000", "researchAndDevelopment": "555000000", "operatingExpenses": "1073000000", "investmentIncomeNet": "None", "netInterestIncome": "None", "interestIncome": "None", "interestExpense": "44000000", "nonInterestIncome": "None", "otherNonOperatingIncome": "-109000000", "depreciation": "None", "depreciationAndAmortization": "217000000", "incomeBeforeTax": "1093000000", "incomeTaxExpense": "345000000", "interestAndDebtExpense": "None", "netIncomeFromContinuingOperations": "748000000", "comprehensiveIncomeNetOfTax": "None", "ebit": "1137000000", "ebitda": "1354000000", "netIncome": "761000000"}, {"fiscalDateEnding": "2011-06-30", "reportedCurrency": "USD", "grossProfit": "2498000000", "totalRevenue": "6288000000", "costOfRevenue": "3790000000", "costofGoodsAndServicesSold": "3790000000", "operatingIncome": "1048000000", "sellingGeneralAndAdministrative": "1363000000", "researchAndDevelopment": "0", "operatingExpenses": "1450000000", "investmentIncomeNet": "None", "netInterestIncome": "None", "interestIncome": "None", "interestExpense": "70000000", "nonInterestIncome": "None", "otherNonOperatingIncome": "-87000000", "depreciation": "None", "depreciationAndAmortization": "215000000", "incomeBeforeTax": "992000000", "incomeTaxExpense": "294000000", "interestAndDebtExpense": "None", "netIncomeFromContinuingOperations": "698000000", "comprehensiveIncomeNetOfTax": "None", "ebit": "1053000000", "ebitda": "1268000000", "netIncome": "683000000"}, {"fiscalDateEnding": "2011-03-31", "reportedCurrency": "USD", "grossProfit": "2306000000", "totalRevenue": "5854000000", "costOfRevenue": "3548000000", "costofGoodsAndServicesSold": "3548000000", "operatingIncome": "890000000", "sellingGeneralAndAdministrative": "1315000000", "researchAndDevelopment": "0", "operatingExpenses": "1416000000", "investmentIncomeNet": "None", "netInterestIncome": "None", "interestIncome": "None", "interestExpense": "63000000", "nonInterestIncome": "None", "otherNonOperatingIncome": "-101000000", "depreciation": "None", "depreciationAndAmortization": "216000000", "incomeBeforeTax": "833000000", "incomeTaxExpense": "266000000", "interestAndDebtExpense": "None", "netIncomeFromContinuingOperations": "567000000", "comprehensiveIncomeNetOfTax": "None", "ebit": "895000000", "ebitda": "1111000000", "netIncome": "556000000"}, {"fiscalDateEnding": "2010-12-31", "reportedCurrency": "USD", "grossProfit": "2163000000", "totalRevenue": "5535000000", "costOfRevenue": "3372000000", "costofGoodsAndServicesSold": "3372000000", "operatingIncome": "852000000", "sellingGeneralAndAdministrative": "1311000000", "researchAndDevelopment": "0", "operatingExpenses": "1389000000", "investmentIncomeNet": "None", "netInterestIncome": "None", "interestIncome": "None", "interestExpense": "61000000", "nonInterestIncome": "None", "otherNonOperatingIncome": "-78000000", "depreciation": "None", "depreciationAndAmortization": "219000000", "incomeBeforeTax": "713000000", "incomeTaxExpense": "222000000", "interestAndDebtExpense": "None", "netIncomeFromContinuingOperations": "491000000", "comprehensiveIncomeNetOfTax": "None", "ebit": "778000000", "ebitda": "997000000", "netIncome": "480000000"}, {"fiscalDateEnding": "2010-09-30", "reportedCurrency": "USD", "grossProfit": "2212000000", "totalRevenue": "5243000000", "costOfRevenue": "3031000000", "costofGoodsAndServicesSold": "3031000000", "operatingIncome": "866000000", "sellingGeneralAndAdministrative": "1358000000", "researchAndDevelopment": "473000000", "operatingExpenses": "1346000000", "investmentIncomeNet": "None", "netInterestIncome": "None", "interestIncome": "None", "interestExpense": "84000000", "nonInterestIncome": "None", "otherNonOperatingIncome": "-114000000", "depreciation": "None", "depreciationAndAmortization": "211000000", "incomeBeforeTax": "801000000", "incomeTaxExpense": "241000000", "interestAndDebtExpense": "None", "netIncomeFromContinuingOperations": "560000000", "comprehensiveIncomeNetOfTax": "None", "ebit": "885000000", "ebitda": "1096000000", "netIncome": "749000000"}, {"fiscalDateEnding": "2010-06-30", "reportedCurrency": "USD", "grossProfit": "2211000000", "totalRevenue": "5641000000", "costOfRevenue": "3430000000", "costofGoodsAndServicesSold": "3430000000", "operatingIncome": "927000000", "sellingGeneralAndAdministrative": "1168000000", "researchAndDevelopment": "0", "operatingExpenses": "1264000000", "investmentIncomeNet": "None", "netInterestIncome": "None", "interestIncome": "None", "interestExpense": "81000000", "nonInterestIncome": "None", "otherNonOperatingIncome": "-70000000", "depreciation": "None", "depreciationAndAmortization": "203000000", "incomeBeforeTax": "883000000", "incomeTaxExpense": "273000000", "interestAndDebtExpense": "None", "netIncomeFromContinuingOperations": "610000000", "comprehensiveIncomeNetOfTax": "None", "ebit": "944000000", "ebitda": "1147000000", "netIncome": "585000000"}, {"fiscalDateEnding": "2010-03-31", "reportedCurrency": "USD", "grossProfit": "2000000000", "totalRevenue": "5144000000", "costOfRevenue": "3144000000", "costofGoodsAndServicesSold": "3144000000", "operatingIncome": "678000000", "sellingGeneralAndAdministrative": "1230000000", "researchAndDevelopment": "0", "operatingExpenses": "1322000000", "investmentIncomeNet": "None", "netInterestIncome": "None", "interestIncome": "None", "interestExpense": "67000000", "nonInterestIncome": "None", "otherNonOperatingIncome": "-92000000", "depreciation": "None", "depreciationAndAmortization": "401999804", "incomeBeforeTax": "611000000", "incomeTaxExpense": "184000000", "interestAndDebtExpense": "None", "netIncomeFromContinuingOperations": "427000000", "comprehensiveIncomeNetOfTax": "None", "ebit": "478000196", "ebitda": "880000000", "netIncome": "405000000"}, {"fiscalDateEnding": "2009-12-31", "reportedCurrency": "USD", "grossProfit": "1903", "totalRevenue": "5011", "costOfRevenue": "3108", "costofGoodsAndServicesSold": "3108", "operatingIncome": "649000000", "sellingGeneralAndAdministrative": "1161000000", "researchAndDevelopment": "0", "operatingExpenses": "1254", "investmentIncomeNet": "None", "netInterestIncome": "None", "interestIncome": "None", "interestExpense": "65", "nonInterestIncome": "None", "otherNonOperatingIncome": "-93000000", "depreciation": "None", "depreciationAndAmortization": "196", "incomeBeforeTax": "584", "incomeTaxExpense": "150", "interestAndDebtExpense": "None", "netIncomeFromContinuingOperations": "434000000", "comprehensiveIncomeNetOfTax": "None", "ebit": "840999804", "ebitda": "841000000", "netIncome": "425"}, {"fiscalDateEnding": "2009-09-30", "reportedCurrency": "USD", "grossProfit": "2028000000", "totalRevenue": "5322000000", "costOfRevenue": "3294000000", "costofGoodsAndServicesSold": "3294000000", "operatingIncome": "720000000", "sellingGeneralAndAdministrative": "1426000000", "researchAndDevelopment": "460000000", "operatingExpenses": "1308000000", "investmentIncomeNet": "None", "netInterestIncome": "None", "interestIncome": "None", "interestExpense": "87000000", "nonInterestIncome": "None", "otherNonOperatingIncome": "None", "depreciation": "None", "depreciationAndAmortization": "185000000", "incomeBeforeTax": "657000000", "incomeTaxExpense": "151000000", "interestAndDebtExpense": "None", "netIncomeFromContinuingOperations": "0", "comprehensiveIncomeNetOfTax": "None", "ebit": "744000000", "ebitda": "929000000", "netIncome": "506000000"}, {"fiscalDateEnding": "2009-06-30", "reportedCurrency": "USD", "grossProfit": "1838000000", "totalRevenue": "5091000000", "costOfRevenue": "3253000000", "costofGoodsAndServicesSold": "3253000000", "operatingIncome": "608000000", "sellingGeneralAndAdministrative": "1089000000", "researchAndDevelopment": "0", "operatingExpenses": "1230000000", "investmentIncomeNet": "None", "netInterestIncome": "None", "interestIncome": "None", "interestExpense": "64000000", "nonInterestIncome": "None", "otherNonOperatingIncome": "None", "depreciation": "None", "depreciationAndAmortization": "184000000", "incomeBeforeTax": "544000000", "incomeTaxExpense": "157000000", "interestAndDebtExpense": "None", "netIncomeFromContinuingOperations": "592000000", "comprehensiveIncomeNetOfTax": "None", "ebit": "424000000", "ebitda": "608000000", "netIncome": "387000000"}, {"fiscalDateEnding": "2009-03-31", "reportedCurrency": "USD", "grossProfit": "1837000000", "totalRevenue": "5087000000", "costOfRevenue": "3250000000", "costofGoodsAndServicesSold": "3250000000", "operatingIncome": "547000000", "sellingGeneralAndAdministrative": "1119000000", "researchAndDevelopment": "0", "operatingExpenses": "1240000000", "investmentIncomeNet": "None", "netInterestIncome": "None", "interestIncome": "None", "interestExpense": "50000000", "nonInterestIncome": "None", "otherNonOperatingIncome": "None", "depreciation": "None", "depreciationAndAmortization": "182000000", "incomeBeforeTax": "547000000", "incomeTaxExpense": "174000000", "interestAndDebtExpense": "None", "netIncomeFromContinuingOperations": "0", "comprehensiveIncomeNetOfTax": "None", "ebit": "607000000", "ebitda": "789000000", "netIncome": "373000000"}, {"fiscalDateEnding": "2008-12-31", "reportedCurrency": "USD", "grossProfit": "1996000000", "totalRevenue": "5415000000", "costOfRevenue": "3419000000", "costofGoodsAndServicesSold": "3419000000", "operatingIncome": "780000000", "sellingGeneralAndAdministrative": "1193000000", "researchAndDevelopment": "0", "operatingExpenses": "1216000000", "investmentIncomeNet": "None", "netInterestIncome": "None", "interestIncome": "None", "interestExpense": "43000000", "nonInterestIncome": "None", "otherNonOperatingIncome": "None", "depreciation": "None", "depreciationAndAmortization": "176000000", "incomeBeforeTax": "669000000", "incomeTaxExpense": "211000000", "interestAndDebtExpense": "None", "netIncomeFromContinuingOperations": "0", "comprehensiveIncomeNetOfTax": "None", "ebit": "724000000", "ebitda": "900000000", "netIncome": "458000000"}, {"fiscalDateEnding": "2008-09-30", "reportedCurrency": "USD", "grossProfit": "2474000000", "totalRevenue": "6696000000", "costOfRevenue": "4222000000", "costofGoodsAndServicesSold": "4222000000", "operatingIncome": "1152000000", "sellingGeneralAndAdministrative": "1300000000", "researchAndDevelopment": "458000000", "operatingExpenses": "1322000000", "investmentIncomeNet": "None", "netInterestIncome": "None", "interestIncome": "None", "interestExpense": "56000000", "nonInterestIncome": "None", "otherNonOperatingIncome": "None", "depreciation": "None", "depreciationAndAmortization": "177000000", "incomeBeforeTax": "1000000000", "incomeTaxExpense": "310000000", "interestAndDebtExpense": "None", "netIncomeFromContinuingOperations": "0", "comprehensiveIncomeNetOfTax": "None", "ebit": "1152000000", "ebitda": "1329000000", "netIncome": "688000000"}, {"fiscalDateEnding": "2008-06-30", "reportedCurrency": "USD", "grossProfit": "2413000000", "totalRevenue": "6568000000", "costOfRevenue": "4155000000", "costofGoodsAndServicesSold": "4155000000", "operatingIncome": "1072000000", "sellingGeneralAndAdministrative": "1321000000", "researchAndDevelopment": "0", "operatingExpenses": "1341000000", "investmentIncomeNet": "None", "netInterestIncome": "None", "interestIncome": "None", "interestExpense": "61000000", "nonInterestIncome": "None", "otherNonOperatingIncome": "None", "depreciation": "None", "depreciationAndAmortization": "180000000", "incomeBeforeTax": "946000000", "incomeTaxExpense": "299000000", "interestAndDebtExpense": "None", "netIncomeFromContinuingOperations": "0", "comprehensiveIncomeNetOfTax": "None", "ebit": "1072000000", "ebitda": "1252000000", "netIncome": "612000000"}, {"fiscalDateEnding": "2008-03-31", "reportedCurrency": "USD", "grossProfit": "2242000000", "totalRevenue": "6023000000", "costOfRevenue": "3781000000", "costofGoodsAndServicesSold": "3781000000", "operatingIncome": "968000000", "sellingGeneralAndAdministrative": "1252000000", "researchAndDevelopment": "0", "operatingExpenses": "1274000000", "investmentIncomeNet": "None", "netInterestIncome": "None", "interestIncome": "None", "interestExpense": "63000000", "nonInterestIncome": "None", "otherNonOperatingIncome": "None", "depreciation": "None", "depreciationAndAmortization": "179000000", "incomeBeforeTax": "872000000", "incomeTaxExpense": "274000000", "interestAndDebtExpense": "None", "netIncomeFromContinuingOperations": "0", "comprehensiveIncomeNetOfTax": "None", "ebit": "968000000", "ebitda": "1147000000", "netIncome": "547000000"}, {"fiscalDateEnding": "2007-12-31", "reportedCurrency": "USD", "grossProfit": "2022000000", "totalRevenue": "5637000000", "costOfRevenue": "3615000000", "costofGoodsAndServicesSold": "3615000000", "operatingIncome": "815000000", "sellingGeneralAndAdministrative": "1190000000", "researchAndDevelopment": "0", "operatingExpenses": "1207000000", "investmentIncomeNet": "None", "netInterestIncome": "None", "interestIncome": "None", "interestExpense": "49000000", "nonInterestIncome": "None", "otherNonOperatingIncome": "None", "depreciation": "None", "depreciationAndAmortization": "171000000", "incomeBeforeTax": "778000000", "incomeTaxExpense": "256000000", "interestAndDebtExpense": "None", "netIncomeFromContinuingOperations": "0", "comprehensiveIncomeNetOfTax": "None", "ebit": "826000000", "ebitda": "997000000", "netIncome": "565000000"}, {"fiscalDateEnding": "2007-09-30", "reportedCurrency": "USD", "grossProfit": "2259000000", "totalRevenue": "6134000000", "costOfRevenue": "3875000000", "costofGoodsAndServicesSold": "3875000000", "operatingIncome": "1002000000", "sellingGeneralAndAdministrative": "1240000000", "researchAndDevelopment": "397000000", "operatingExpenses": "1257000000", "investmentIncomeNet": "None", "netInterestIncome": "None", "interestIncome": "None", "interestExpense": "62000000", "nonInterestIncome": "None", "otherNonOperatingIncome": "None", "depreciation": "None", "depreciationAndAmortization": "165000000", "incomeBeforeTax": "907000000", "incomeTaxExpense": "284000000", "interestAndDebtExpense": "None", "netIncomeFromContinuingOperations": "0", "comprehensiveIncomeNetOfTax": "None", "ebit": "1002000000", "ebitda": "1167000000", "netIncome": "623000000"}, {"fiscalDateEnding": "2007-06-30", "reportedCurrency": "USD", "grossProfit": "2105000000", "totalRevenue": "5874000000", "costOfRevenue": "3769000000", "costofGoodsAndServicesSold": "3769000000", "operatingIncome": "929000000", "sellingGeneralAndAdministrative": "1160000000", "researchAndDevelopment": "0", "operatingExpenses": "1176000000", "investmentIncomeNet": "None", "netInterestIncome": "None", "interestIncome": "None", "interestExpense": "69000000", "nonInterestIncome": "None", "otherNonOperatingIncome": "None", "depreciation": "None", "depreciationAndAmortization": "163000000", "incomeBeforeTax": "824000000", "incomeTaxExpense": "250000000", "interestAndDebtExpense": "None", "netIncomeFromContinuingOperations": "0", "comprehensiveIncomeNetOfTax": "None", "ebit": "929000000", "ebitda": "1092000000", "netIncome": "574000000"}, {"fiscalDateEnding": "2007-03-31", "reportedCurrency": "USD", "grossProfit": "1952000000", "totalRevenue": "5513000000", "costOfRevenue": "3561000000", "costofGoodsAndServicesSold": "3561000000", "operatingIncome": "837000000", "sellingGeneralAndAdministrative": "1115000000", "researchAndDevelopment": "0", "operatingExpenses": "1115000000", "investmentIncomeNet": "None", "netInterestIncome": "None", "interestIncome": "None", "interestExpense": "65000000", "nonInterestIncome": "None", "otherNonOperatingIncome": "None", "depreciation": "None", "depreciationAndAmortization": "167000000", "incomeBeforeTax": "736000000", "incomeTaxExpense": "242000000", "interestAndDebtExpense": "None", "netIncomeFromContinuingOperations": "0", "comprehensiveIncomeNetOfTax": "None", "ebit": "814000000", "ebitda": "981000000", "netIncome": "494000000"}, {"fiscalDateEnding": "2006-12-31", "reportedCurrency": "USD", "grossProfit": "1795000000", "totalRevenue": "5051000000", "costOfRevenue": "3256000000", "costofGoodsAndServicesSold": "3256000000", "operatingIncome": "703000000", "sellingGeneralAndAdministrative": "1078000000", "researchAndDevelopment": "0", "operatingExpenses": "1092000000", "investmentIncomeNet": "None", "netInterestIncome": "None", "interestIncome": "None", "interestExpense": "58000000", "nonInterestIncome": "None", "otherNonOperatingIncome": "None", "depreciation": "None", "depreciationAndAmortization": "161000000", "incomeBeforeTax": "640000000", "incomeTaxExpense": "195000000", "interestAndDebtExpense": "None", "netIncomeFromContinuingOperations": "0", "comprehensiveIncomeNetOfTax": "None", "ebit": "703000000", "ebitda": "864000000", "netIncome": "445000000"}, {"fiscalDateEnding": "2006-09-30", "reportedCurrency": "USD", "grossProfit": "1985000000", "totalRevenue": "5516000000", "costOfRevenue": "3531000000", "costofGoodsAndServicesSold": "3531000000", "operatingIncome": "863000000", "sellingGeneralAndAdministrative": "1107000000", "researchAndDevelopment": "356000000", "operatingExpenses": "1122000000", "investmentIncomeNet": "None", "netInterestIncome": "None", "interestIncome": "None", "interestExpense": "60000000", "nonInterestIncome": "None", "otherNonOperatingIncome": "None", "depreciation": "None", "depreciationAndAmortization": "153000000", "incomeBeforeTax": "775000000", "incomeTaxExpense": "249000000", "interestAndDebtExpense": "None", "netIncomeFromContinuingOperations": "0", "comprehensiveIncomeNetOfTax": "None", "ebit": "863000000", "ebitda": "1016000000", "netIncome": "526000000"}, {"fiscalDateEnding": "2006-06-30", "reportedCurrency": "USD", "grossProfit": "1856000000", "totalRevenue": "5217000000", "costOfRevenue": "3361000000", "costofGoodsAndServicesSold": "3361000000", "operatingIncome": "806000000", "sellingGeneralAndAdministrative": "1037000000", "researchAndDevelopment": "0", "operatingExpenses": "1050000000", "investmentIncomeNet": "None", "netInterestIncome": "None", "interestIncome": "None", "interestExpense": "56000000", "nonInterestIncome": "None", "otherNonOperatingIncome": "None", "depreciation": "None", "depreciationAndAmortization": "160000000", "incomeBeforeTax": "714000000", "incomeTaxExpense": "228000000", "interestAndDebtExpense": "None", "netIncomeFromContinuingOperations": "0", "comprehensiveIncomeNetOfTax": "None", "ebit": "806000000", "ebitda": "966000000", "netIncome": "486000000"}, {"fiscalDateEnding": "2006-03-31", "reportedCurrency": "USD", "grossProfit": "1734000000", "totalRevenue": "4852000000", "costOfRevenue": "3118000000", "costofGoodsAndServicesSold": "3118000000", "operatingIncome": "729000000", "sellingGeneralAndAdministrative": "1005000000", "researchAndDevelopment": "0", "operatingExpenses": "1005000000", "investmentIncomeNet": "None", "netInterestIncome": "None", "interestIncome": "None", "interestExpense": "50000000", "nonInterestIncome": "None", "otherNonOperatingIncome": "None", "depreciation": "None", "depreciationAndAmortization": "153000000", "incomeBeforeTax": "625000000", "incomeTaxExpense": "191000000", "interestAndDebtExpense": "None", "netIncomeFromContinuingOperations": "0", "comprehensiveIncomeNetOfTax": "None", "ebit": "576000000", "ebitda": "729000000", "netIncome": "434000000"}, {"fiscalDateEnding": "2005-12-31", "reportedCurrency": "USD", "grossProfit": "1593000000", "totalRevenue": "4548000000", "costOfRevenue": "2955000000", "costofGoodsAndServicesSold": "2955000000", "operatingIncome": "643000000", "sellingGeneralAndAdministrative": "950000000", "researchAndDevelopment": "0", "operatingExpenses": "950000000", "investmentIncomeNet": "None", "netInterestIncome": "None", "interestIncome": "None", "interestExpense": "55000000", "nonInterestIncome": "None", "otherNonOperatingIncome": "None", "depreciation": "None", "depreciationAndAmortization": "141000000", "incomeBeforeTax": "570000000", "incomeTaxExpense": "171000000", "interestAndDebtExpense": "None", "netIncomeFromContinuingOperations": "0", "comprehensiveIncomeNetOfTax": "None", "ebit": "643000000", "ebitda": "784000000", "netIncome": "399000000"}, {"fiscalDateEnding": "2005-09-30", "reportedCurrency": "USD", "grossProfit": "1669000000", "totalRevenue": "4643000000", "costOfRevenue": "2974000000", "costofGoodsAndServicesSold": "2974000000", "operatingIncome": "718000000", "sellingGeneralAndAdministrative": "923000000", "researchAndDevelopment": "303000000", "operatingExpenses": "951000000", "investmentIncomeNet": "None", "netInterestIncome": "None", "interestIncome": "None", "interestExpense": "58000000", "nonInterestIncome": "None", "otherNonOperatingIncome": "None", "depreciation": "None", "depreciationAndAmortization": "142000000", "incomeBeforeTax": "619000000", "incomeTaxExpense": "200000000", "interestAndDebtExpense": "None", "netIncomeFromContinuingOperations": "0", "comprehensiveIncomeNetOfTax": "None", "ebit": "718000000", "ebitda": "860000000", "netIncome": "419000000"}, {"fiscalDateEnding": "2005-06-30", "reportedCurrency": "USD", "grossProfit": "1600000000", "totalRevenue": "4465000000", "costOfRevenue": "2865000000", "costofGoodsAndServicesSold": "2865000000", "operatingIncome": "693000000", "sellingGeneralAndAdministrative": "907000000", "researchAndDevelopment": "0", "operatingExpenses": "907000000", "investmentIncomeNet": "None", "netInterestIncome": "None", "interestIncome": "None", "interestExpense": "52000000", "nonInterestIncome": "None", "otherNonOperatingIncome": "None", "depreciation": "None", "depreciationAndAmortization": "144000000", "incomeBeforeTax": "598000000", "incomeTaxExpense": "240000000", "interestAndDebtExpense": "None", "netIncomeFromContinuingOperations": "0", "comprehensiveIncomeNetOfTax": "None", "ebit": "685000000", "ebitda": "829000000", "netIncome": "358000000"}, {"fiscalDateEnding": "2005-03-31", "reportedCurrency": "USD", "grossProfit": "1502000000", "totalRevenue": "4227000000", "costOfRevenue": "2725000000", "costofGoodsAndServicesSold": "2725000000", "operatingIncome": "609000000", "sellingGeneralAndAdministrative": "893000000", "researchAndDevelopment": "0", "operatingExpenses": "893000000", "investmentIncomeNet": "None", "netInterestIncome": "None", "interestIncome": "None", "interestExpense": "61000000", "nonInterestIncome": "None", "otherNonOperatingIncome": "None", "depreciation": "None", "depreciationAndAmortization": "139000000", "incomeBeforeTax": "498000000", "incomeTaxExpense": "150000000", "interestAndDebtExpense": "None", "netIncomeFromContinuingOperations": "0", "comprehensiveIncomeNetOfTax": "None", "ebit": "609000000", "ebitda": "748000000", "netIncome": "348000000"}, {"fiscalDateEnding": "2004-12-31", "reportedCurrency": "USD", "grossProfit": "1412000000", "totalRevenue": "3970000000", "costOfRevenue": "2558000000", "costofGoodsAndServicesSold": "2558000000", "operatingIncome": "540000000", "sellingGeneralAndAdministrative": "872000000", "researchAndDevelopment": "0", "operatingExpenses": "872000000", "investmentIncomeNet": "None", "netInterestIncome": "None", "interestIncome": "None", "interestExpense": "54000000", "nonInterestIncome": "None", "otherNonOperatingIncome": "None", "depreciation": "None", "depreciationAndAmortization": "137000000", "incomeBeforeTax": "434000000", "incomeTaxExpense": "137000000", "interestAndDebtExpense": "None", "netIncomeFromContinuingOperations": "0", "comprehensiveIncomeNetOfTax": "None", "ebit": "403000000", "ebitda": "540000000", "netIncome": "297000000"}]}