{"symbol": "FE", "annualReports": [{"fiscalDateEnding": "2024-12-31", "reportedCurrency": "USD", "grossProfit": "9096000000", "totalRevenue": "13472000000", "costOfRevenue": "4376000000", "costofGoodsAndServicesSold": "4376000000", "operatingIncome": "2375000000", "sellingGeneralAndAdministrative": "None", "researchAndDevelopment": "None", "operatingExpenses": "6721000000", "investmentIncomeNet": "None", "netInterestIncome": "-1011000000", "interestIncome": "None", "interestExpense": "1011000000", "nonInterestIncome": "None", "otherNonOperatingIncome": "None", "depreciation": "None", "depreciationAndAmortization": "1588000000", "incomeBeforeTax": "1504000000", "incomeTaxExpense": "377000000", "interestAndDebtExpense": "None", "netIncomeFromContinuingOperations": "1127000000", "comprehensiveIncomeNetOfTax": "None", "ebit": "2515000000", "ebitda": "4103000000", "netIncome": "978000000"}, {"fiscalDateEnding": "2023-12-31", "reportedCurrency": "USD", "grossProfit": "8224000000", "totalRevenue": "12870000000", "costOfRevenue": "4646000000", "costofGoodsAndServicesSold": "4646000000", "operatingIncome": "2266000000", "sellingGeneralAndAdministrative": "78000000", "researchAndDevelopment": "None", "operatingExpenses": "5958000000", "investmentIncomeNet": "None", "netInterestIncome": "-1027000000", "interestIncome": "None", "interestExpense": "1027000000", "nonInterestIncome": "None", "otherNonOperatingIncome": "None", "depreciation": "None", "depreciationAndAmortization": "1200000000", "incomeBeforeTax": "1464000000", "incomeTaxExpense": "267000000", "interestAndDebtExpense": "None", "netIncomeFromContinuingOperations": "1197000000", "comprehensiveIncomeNetOfTax": "None", "ebit": "2529000000", "ebitda": "3729000000", "netIncome": "1102000000"}, {"fiscalDateEnding": "2022-12-31", "reportedCurrency": "USD", "grossProfit": "7866000000", "totalRevenue": "12459000000", "costOfRevenue": "4593000000", "costofGoodsAndServicesSold": "4593000000", "operatingIncome": "2623000000", "sellingGeneralAndAdministrative": "72000000", "researchAndDevelopment": "None", "operatingExpenses": "5884000000", "investmentIncomeNet": "None", "netInterestIncome": "-955000000", "interestIncome": "787000000", "interestExpense": "955000000", "nonInterestIncome": "None", "otherNonOperatingIncome": "484000000", "depreciation": "None", "depreciationAndAmortization": "1010000000", "incomeBeforeTax": "1439000000", "incomeTaxExpense": "1000000000", "interestAndDebtExpense": "None", "netIncomeFromContinuingOperations": "439000000", "comprehensiveIncomeNetOfTax": "None", "ebit": "2441000000", "ebitda": "3451000000", "netIncome": "406000000"}, {"fiscalDateEnding": "2021-12-31", "reportedCurrency": "USD", "grossProfit": "7687000000", "totalRevenue": "11132000000", "costOfRevenue": "3445000000", "costofGoodsAndServicesSold": "3445000000", "operatingIncome": "2746000000", "sellingGeneralAndAdministrative": "382000000", "researchAndDevelopment": "None", "operatingExpenses": "5458000000", "investmentIncomeNet": "None", "netInterestIncome": "-1066000000", "interestIncome": "1066000000", "interestExpense": "1066000000", "nonInterestIncome": "None", "otherNonOperatingIncome": "899000000", "depreciation": "None", "depreciationAndAmortization": "1571000000", "incomeBeforeTax": "1559000000", "incomeTaxExpense": "320000000", "interestAndDebtExpense": "None", "netIncomeFromContinuingOperations": "1239000000", "comprehensiveIncomeNetOfTax": "None", "ebit": "2672000000", "ebitda": "4243000000", "netIncome": "1283000000"}, {"fiscalDateEnding": "2020-12-31", "reportedCurrency": "USD", "grossProfit": "7720000000", "totalRevenue": "10790000000", "costOfRevenue": "3070000000", "costofGoodsAndServicesSold": "3070000000", "operatingIncome": "2162000000", "sellingGeneralAndAdministrative": "477000000", "researchAndDevelopment": "None", "operatingExpenses": "6035000000", "investmentIncomeNet": "None", "netInterestIncome": "-988000000", "interestIncome": "988000000", "interestExpense": "988000000", "nonInterestIncome": "None", "otherNonOperatingIncome": "-45000000", "depreciation": "None", "depreciationAndAmortization": "1228000000", "incomeBeforeTax": "1129000000", "incomeTaxExpense": "126000000", "interestAndDebtExpense": "None", "netIncomeFromContinuingOperations": "1003000000", "comprehensiveIncomeNetOfTax": "None", "ebit": "2165000000", "ebitda": "3393000000", "netIncome": "1079000000"}, {"fiscalDateEnding": "2019-12-31", "reportedCurrency": "USD", "grossProfit": "7611000000", "totalRevenue": "11035000000", "costOfRevenue": "3424000000", "costofGoodsAndServicesSold": "3424000000", "operatingIncome": "2510000000", "sellingGeneralAndAdministrative": "674000000", "researchAndDevelopment": "None", "operatingExpenses": "5775000000", "investmentIncomeNet": "None", "netInterestIncome": "-962000000", "interestIncome": "962000000", "interestExpense": "962000000", "nonInterestIncome": "None", "otherNonOperatingIncome": "-431000000", "depreciation": "None", "depreciationAndAmortization": "1149000000", "incomeBeforeTax": "1117000000", "incomeTaxExpense": "213000000", "interestAndDebtExpense": "None", "netIncomeFromContinuingOperations": "904000000", "comprehensiveIncomeNetOfTax": "None", "ebit": "2122000000", "ebitda": "3271000000", "netIncome": "912000000"}, {"fiscalDateEnding": "2018-12-31", "reportedCurrency": "USD", "grossProfit": "7614000000", "totalRevenue": "11261000000", "costOfRevenue": "3647000000", "costofGoodsAndServicesSold": "3647000000", "operatingIncome": "2502000000", "sellingGeneralAndAdministrative": "144000000", "researchAndDevelopment": "0", "operatingExpenses": "5256000000", "investmentIncomeNet": "None", "netInterestIncome": "-1051000000", "interestIncome": "1051000000", "interestExpense": "1051000000", "nonInterestIncome": "None", "otherNonOperatingIncome": "61000000", "depreciation": "None", "depreciationAndAmortization": "994000000", "incomeBeforeTax": "1512000000", "incomeTaxExpense": "490000000", "interestAndDebtExpense": "None", "netIncomeFromContinuingOperations": "1022000000", "comprehensiveIncomeNetOfTax": "None", "ebit": "2616000000", "ebitda": "3610000000", "netIncome": "1348000000"}, {"fiscalDateEnding": "2017-12-31", "reportedCurrency": "USD", "grossProfit": "9440000000", "totalRevenue": "14017000000", "costOfRevenue": "4577000000", "costofGoodsAndServicesSold": "4577000000", "operatingIncome": "172000000", "sellingGeneralAndAdministrative": "141000000", "researchAndDevelopment": "0", "operatingExpenses": "6862000000", "investmentIncomeNet": "None", "netInterestIncome": "-1099000000", "interestIncome": "953000000", "interestExpense": "1099000000", "nonInterestIncome": "None", "otherNonOperatingIncome": "98000000", "depreciation": "None", "depreciationAndAmortization": "1335000000", "incomeBeforeTax": "-829000000", "incomeTaxExpense": "895000000", "interestAndDebtExpense": "None", "netIncomeFromContinuingOperations": "-1724000000", "comprehensiveIncomeNetOfTax": "None", "ebit": "2383000000", "ebitda": "3718000000", "netIncome": "-1724000000"}, {"fiscalDateEnding": "2016-12-31", "reportedCurrency": "USD", "grossProfit": "9083000000", "totalRevenue": "14562000000", "costOfRevenue": "5479000000", "costofGoodsAndServicesSold": "5479000000", "operatingIncome": "-8262000000", "sellingGeneralAndAdministrative": "147000000", "researchAndDevelopment": "0", "operatingExpenses": "6680000000", "investmentIncomeNet": "None", "netInterestIncome": "-1054000000", "interestIncome": "918000000", "interestExpense": "1054000000", "nonInterestIncome": "None", "otherNonOperatingIncome": "84000000", "depreciation": "None", "depreciationAndAmortization": "1710000000", "incomeBeforeTax": "-9232000000", "incomeTaxExpense": "-3055000000", "interestAndDebtExpense": "None", "netIncomeFromContinuingOperations": "-6177000000", "comprehensiveIncomeNetOfTax": "None", "ebit": "-8149000000", "ebitda": "-6439000000", "netIncome": "-6177000000"}, {"fiscalDateEnding": "2015-12-31", "reportedCurrency": "USD", "grossProfit": "8853000000", "totalRevenue": "15026000000", "costOfRevenue": "6173000000", "costofGoodsAndServicesSold": "6173000000", "operatingIncome": "2292000000", "sellingGeneralAndAdministrative": "242000000", "researchAndDevelopment": "0", "operatingExpenses": "6519000000", "investmentIncomeNet": "None", "netInterestIncome": "None", "interestIncome": "1015000000", "interestExpense": "1015000000", "nonInterestIncome": "None", "otherNonOperatingIncome": "-384000000", "depreciation": "None", "depreciationAndAmortization": "1836000000", "incomeBeforeTax": "893000000", "incomeTaxExpense": "315000000", "interestAndDebtExpense": "None", "netIncomeFromContinuingOperations": "578000000", "comprehensiveIncomeNetOfTax": "None", "ebit": "2334000000", "ebitda": "4170000000", "netIncome": "578000000"}, {"fiscalDateEnding": "2014-12-31", "reportedCurrency": "USD", "grossProfit": "8053000000", "totalRevenue": "15049000000", "costOfRevenue": "6996000000", "costofGoodsAndServicesSold": "6996000000", "operatingIncome": "1062000000", "sellingGeneralAndAdministrative": "835000000", "researchAndDevelopment": "0", "operatingExpenses": "6991000000", "investmentIncomeNet": "None", "netInterestIncome": "None", "interestIncome": "None", "interestExpense": "955000000", "nonInterestIncome": "None", "otherNonOperatingIncome": "None", "depreciation": "None", "depreciationAndAmortization": "1500000000", "incomeBeforeTax": "171000000", "incomeTaxExpense": "-42000000", "interestAndDebtExpense": "None", "netIncomeFromContinuingOperations": "213000000", "comprehensiveIncomeNetOfTax": "None", "ebit": "1062000000", "ebitda": "2562000000", "netIncome": "299000000"}, {"fiscalDateEnding": "2013-12-31", "reportedCurrency": "USD", "grossProfit": "8458000000", "totalRevenue": "14917000000", "costOfRevenue": "6459000000", "costofGoodsAndServicesSold": "6459000000", "operatingIncome": "1607000000", "sellingGeneralAndAdministrative": "256000000", "researchAndDevelopment": "0", "operatingExpenses": "6056000000", "investmentIncomeNet": "None", "netInterestIncome": "None", "interestIncome": "None", "interestExpense": "941000000", "nonInterestIncome": "None", "otherNonOperatingIncome": "-96000000", "depreciation": "None", "depreciationAndAmortization": "209000000", "incomeBeforeTax": "570000000", "incomeTaxExpense": "195000000", "interestAndDebtExpense": "None", "netIncomeFromContinuingOperations": "375000000", "comprehensiveIncomeNetOfTax": "None", "ebit": "2402000000", "ebitda": "2611000000", "netIncome": "392000000"}, {"fiscalDateEnding": "2012-12-31", "reportedCurrency": "USD", "grossProfit": "8595000000", "totalRevenue": "15303000000", "costOfRevenue": "6708000000", "costofGoodsAndServicesSold": "6708000000", "operatingIncome": "2176000000", "sellingGeneralAndAdministrative": "609000000", "researchAndDevelopment": "0", "operatingExpenses": "6794000000", "investmentIncomeNet": "None", "netInterestIncome": "None", "interestIncome": "None", "interestExpense": "929000000", "nonInterestIncome": "None", "otherNonOperatingIncome": "None", "depreciation": "None", "depreciationAndAmortization": "1334000000", "incomeBeforeTax": "1324000000", "incomeTaxExpense": "553000000", "interestAndDebtExpense": "None", "netIncomeFromContinuingOperations": "None", "comprehensiveIncomeNetOfTax": "None", "ebit": "1801000000", "ebitda": "3135000000", "netIncome": "770000000"}, {"fiscalDateEnding": "2011-12-31", "reportedCurrency": "USD", "grossProfit": "8955000000", "totalRevenue": "16258000000", "costOfRevenue": "7303000000", "costofGoodsAndServicesSold": "7303000000", "operatingIncome": "1698000000", "sellingGeneralAndAdministrative": "3909000000", "researchAndDevelopment": "0", "operatingExpenses": "6337000000", "investmentIncomeNet": "None", "netInterestIncome": "None", "interestIncome": "None", "interestExpense": "1008000000", "nonInterestIncome": "None", "otherNonOperatingIncome": "None", "depreciation": "None", "depreciationAndAmortization": "1121000000", "incomeBeforeTax": "1443000000", "incomeTaxExpense": "574000000", "interestAndDebtExpense": "None", "netIncomeFromContinuingOperations": "None", "comprehensiveIncomeNetOfTax": "None", "ebit": "2502000000", "ebitda": "3623000000", "netIncome": "885000000"}, {"fiscalDateEnding": "2010-12-31", "reportedCurrency": "USD", "grossProfit": "7283000000", "totalRevenue": "13339000000", "costOfRevenue": "6056000000", "costofGoodsAndServicesSold": "6056000000", "operatingIncome": "1805000000", "sellingGeneralAndAdministrative": "2850000000", "researchAndDevelopment": "0", "operatingExpenses": "5094000000", "investmentIncomeNet": "None", "netInterestIncome": "None", "interestIncome": "None", "interestExpense": "845000000", "nonInterestIncome": "None", "otherNonOperatingIncome": "None", "depreciation": "None", "depreciationAndAmortization": "746000000", "incomeBeforeTax": "1242000000", "incomeTaxExpense": "482000000", "interestAndDebtExpense": "None", "netIncomeFromContinuingOperations": "None", "comprehensiveIncomeNetOfTax": "None", "ebit": "2032000000", "ebitda": "2778000000", "netIncome": "784000000"}, {"fiscalDateEnding": "2009-12-31", "reportedCurrency": "USD", "grossProfit": "7084000000", "totalRevenue": "12967000000", "costOfRevenue": "5883000000", "costofGoodsAndServicesSold": "5883000000", "operatingIncome": "1879000000", "sellingGeneralAndAdministrative": "0", "researchAndDevelopment": "0", "operatingExpenses": "5341000000", "investmentIncomeNet": "None", "netInterestIncome": "None", "interestIncome": "None", "interestExpense": "978000000", "nonInterestIncome": "None", "otherNonOperatingIncome": "None", "depreciation": "None", "depreciationAndAmortization": "1755000000", "incomeBeforeTax": "1235000000", "incomeTaxExpense": "245000000", "interestAndDebtExpense": "None", "netIncomeFromContinuingOperations": "None", "comprehensiveIncomeNetOfTax": "None", "ebit": "1024000000", "ebitda": "2779000000", "netIncome": "1006000000"}, {"fiscalDateEnding": "2008-12-31", "reportedCurrency": "USD", "grossProfit": "7996000000", "totalRevenue": "13627000000", "costOfRevenue": "5631000000", "costofGoodsAndServicesSold": "5631000000", "operatingIncome": "2446000000", "sellingGeneralAndAdministrative": "None", "researchAndDevelopment": "None", "operatingExpenses": "5550000000", "investmentIncomeNet": "None", "netInterestIncome": "None", "interestIncome": "None", "interestExpense": "754000000", "nonInterestIncome": "None", "otherNonOperatingIncome": "None", "depreciation": "None", "depreciationAndAmortization": "1730000000", "incomeBeforeTax": "2119000000", "incomeTaxExpense": "777000000", "interestAndDebtExpense": "None", "netIncomeFromContinuingOperations": "None", "comprehensiveIncomeNetOfTax": "None", "ebit": "1750000000", "ebitda": "3480000000", "netIncome": "1342000000"}, {"fiscalDateEnding": "2007-12-31", "reportedCurrency": "USD", "grossProfit": "7788000000", "totalRevenue": "12802000000", "costOfRevenue": "5014000000", "costofGoodsAndServicesSold": "5014000000", "operatingIncome": "2291000000", "sellingGeneralAndAdministrative": "None", "researchAndDevelopment": "None", "operatingExpenses": "5497000000", "investmentIncomeNet": "None", "netInterestIncome": "None", "interestIncome": "None", "interestExpense": "0", "nonInterestIncome": "None", "otherNonOperatingIncome": "None", "depreciation": "None", "depreciationAndAmortization": "1758000000", "incomeBeforeTax": "2192000000", "incomeTaxExpense": "883000000", "interestAndDebtExpense": "None", "netIncomeFromContinuingOperations": "None", "comprehensiveIncomeNetOfTax": "None", "ebit": "1647000000", "ebitda": "3405000000", "netIncome": "1309000000"}, {"fiscalDateEnding": "2006-12-31", "reportedCurrency": "USD", "grossProfit": "7248000000", "totalRevenue": "11501000000", "costOfRevenue": "4253000000", "costofGoodsAndServicesSold": "4253000000", "operatingIncome": "2106000000", "sellingGeneralAndAdministrative": "None", "researchAndDevelopment": "None", "operatingExpenses": "5142000000", "investmentIncomeNet": "None", "netInterestIncome": "None", "interestIncome": "None", "interestExpense": "0", "nonInterestIncome": "None", "otherNonOperatingIncome": "None", "depreciation": "None", "depreciationAndAmortization": "1547000000", "incomeBeforeTax": "2053000000", "incomeTaxExpense": "795000000", "interestAndDebtExpense": "None", "netIncomeFromContinuingOperations": "None", "comprehensiveIncomeNetOfTax": "None", "ebit": "1457000000", "ebitda": "3004000000", "netIncome": "1254000000"}, {"fiscalDateEnding": "2005-12-31", "reportedCurrency": "USD", "grossProfit": "7978000000", "totalRevenue": "11989000000", "costOfRevenue": "4011000000", "costofGoodsAndServicesSold": "4011000000", "operatingIncome": "2066000000", "sellingGeneralAndAdministrative": "None", "researchAndDevelopment": "None", "operatingExpenses": "5912000000", "investmentIncomeNet": "None", "netInterestIncome": "None", "interestIncome": "None", "interestExpense": "0", "nonInterestIncome": "None", "otherNonOperatingIncome": "None", "depreciation": "None", "depreciationAndAmortization": "1960000000", "incomeBeforeTax": "1627000000", "incomeTaxExpense": "754000000", "interestAndDebtExpense": "None", "netIncomeFromContinuingOperations": "None", "comprehensiveIncomeNetOfTax": "None", "ebit": "1662000000", "ebitda": "3622000000", "netIncome": "861000000"}], "quarterlyReports": [{"fiscalDateEnding": "2024-12-31", "reportedCurrency": "USD", "grossProfit": "2171000000", "totalRevenue": "3176000000", "costOfRevenue": "1005000000", "costofGoodsAndServicesSold": "1005000000", "operatingIncome": "613000000", "sellingGeneralAndAdministrative": "None", "researchAndDevelopment": "None", "operatingExpenses": "1558000000", "investmentIncomeNet": "None", "netInterestIncome": "-239000000", "interestIncome": "None", "interestExpense": "239000000", "nonInterestIncome": "None", "otherNonOperatingIncome": "None", "depreciation": "None", "depreciationAndAmortization": "391000000", "incomeBeforeTax": "379000000", "incomeTaxExpense": "83000000", "interestAndDebtExpense": "None", "netIncomeFromContinuingOperations": "296000000", "comprehensiveIncomeNetOfTax": "None", "ebit": "630000000", "ebitda": "1021000000", "netIncome": "261000000"}, {"fiscalDateEnding": "2024-09-30", "reportedCurrency": "USD", "grossProfit": "2504000000", "totalRevenue": "3729000000", "costOfRevenue": "1225000000", "costofGoodsAndServicesSold": "1225000000", "operatingIncome": "727000000", "sellingGeneralAndAdministrative": "None", "researchAndDevelopment": "None", "operatingExpenses": "1777000000", "investmentIncomeNet": "None", "netInterestIncome": "-241000000", "interestIncome": "None", "interestExpense": "241000000", "nonInterestIncome": "None", "otherNonOperatingIncome": "None", "depreciation": "None", "depreciationAndAmortization": "367000000", "incomeBeforeTax": "560000000", "incomeTaxExpense": "94000000", "interestAndDebtExpense": "None", "netIncomeFromContinuingOperations": "466000000", "comprehensiveIncomeNetOfTax": "None", "ebit": "868000000", "ebitda": "1235000000", "netIncome": "419000000"}, {"fiscalDateEnding": "2024-06-30", "reportedCurrency": "USD", "grossProfit": "716000000", "totalRevenue": "3280000000", "costOfRevenue": "2564000000", "costofGoodsAndServicesSold": "2564000000", "operatingIncome": "423000000", "sellingGeneralAndAdministrative": "0", "researchAndDevelopment": "None", "operatingExpenses": "293000000", "investmentIncomeNet": "None", "netInterestIncome": "-256000000", "interestIncome": "None", "interestExpense": "256000000", "nonInterestIncome": "None", "otherNonOperatingIncome": "None", "depreciation": "None", "depreciationAndAmortization": "389000000", "incomeBeforeTax": "163000000", "incomeTaxExpense": "65000000", "interestAndDebtExpense": "None", "netIncomeFromContinuingOperations": "98000000", "comprehensiveIncomeNetOfTax": "None", "ebit": "432000000", "ebitda": "821000000", "netIncome": "45000000"}, {"fiscalDateEnding": "2024-03-31", "reportedCurrency": "USD", "grossProfit": "923000000", "totalRevenue": "3287000000", "costOfRevenue": "2364000000", "costofGoodsAndServicesSold": "2364000000", "operatingIncome": "612000000", "sellingGeneralAndAdministrative": "None", "researchAndDevelopment": "None", "operatingExpenses": "311000000", "investmentIncomeNet": "None", "netInterestIncome": "-275000000", "interestIncome": "None", "interestExpense": "275000000", "nonInterestIncome": "None", "otherNonOperatingIncome": "None", "depreciation": "None", "depreciationAndAmortization": "217000000", "incomeBeforeTax": "402000000", "incomeTaxExpense": "135000000", "interestAndDebtExpense": "None", "netIncomeFromContinuingOperations": "267000000", "comprehensiveIncomeNetOfTax": "None", "ebit": "690000000", "ebitda": "907000000", "netIncome": "253000000"}, {"fiscalDateEnding": "2023-12-31", "reportedCurrency": "USD", "grossProfit": "2112000000", "totalRevenue": "3146000000", "costOfRevenue": "1034000000", "costofGoodsAndServicesSold": "1034000000", "operatingIncome": "568000000", "sellingGeneralAndAdministrative": "137000000", "researchAndDevelopment": "None", "operatingExpenses": "1681000000", "investmentIncomeNet": "None", "netInterestIncome": "-268000000", "interestIncome": "None", "interestExpense": "268000000", "nonInterestIncome": "None", "otherNonOperatingIncome": "None", "depreciation": "None", "depreciationAndAmortization": "365000000", "incomeBeforeTax": "266000000", "incomeTaxExpense": "74000000", "interestAndDebtExpense": "None", "netIncomeFromContinuingOperations": "192000000", "comprehensiveIncomeNetOfTax": "None", "ebit": "547000000", "ebitda": "912000000", "netIncome": "175000000"}, {"fiscalDateEnding": "2023-09-30", "reportedCurrency": "USD", "grossProfit": "2166000000", "totalRevenue": "3487000000", "costOfRevenue": "1321000000", "costofGoodsAndServicesSold": "1321000000", "operatingIncome": "666000000", "sellingGeneralAndAdministrative": "0", "researchAndDevelopment": "None", "operatingExpenses": "1500000000", "investmentIncomeNet": "None", "netInterestIncome": "-263000000", "interestIncome": "220000000", "interestExpense": "263000000", "nonInterestIncome": "None", "otherNonOperatingIncome": "None", "depreciation": "None", "depreciationAndAmortization": "226000000", "incomeBeforeTax": "470000000", "incomeTaxExpense": "29000000", "interestAndDebtExpense": "None", "netIncomeFromContinuingOperations": "441000000", "comprehensiveIncomeNetOfTax": "None", "ebit": "745000000", "ebitda": "971000000", "netIncome": "400000000"}, {"fiscalDateEnding": "2023-06-30", "reportedCurrency": "USD", "grossProfit": "1972000000", "totalRevenue": "3006000000", "costOfRevenue": "1034000000", "costofGoodsAndServicesSold": "1034000000", "operatingIncome": "481000000", "sellingGeneralAndAdministrative": "59000000", "researchAndDevelopment": "None", "operatingExpenses": "1432000000", "investmentIncomeNet": "None", "netInterestIncome": "-254000000", "interestIncome": "219000000", "interestExpense": "254000000", "nonInterestIncome": "None", "otherNonOperatingIncome": "101000000", "depreciation": "None", "depreciationAndAmortization": "328000000", "incomeBeforeTax": "328000000", "incomeTaxExpense": "74000000", "interestAndDebtExpense": "None", "netIncomeFromContinuingOperations": "254000000", "comprehensiveIncomeNetOfTax": "None", "ebit": "593000000", "ebitda": "921000000", "netIncome": "235000000"}, {"fiscalDateEnding": "2023-03-31", "reportedCurrency": "USD", "grossProfit": "1974000000", "totalRevenue": "3231000000", "costOfRevenue": "1257000000", "costofGoodsAndServicesSold": "1257000000", "operatingIncome": "551000000", "sellingGeneralAndAdministrative": "1142000000", "researchAndDevelopment": "None", "operatingExpenses": "1423000000", "investmentIncomeNet": "None", "netInterestIncome": "-242000000", "interestIncome": "186000000", "interestExpense": "242000000", "nonInterestIncome": "None", "otherNonOperatingIncome": "91000000", "depreciation": "None", "depreciationAndAmortization": "281000000", "incomeBeforeTax": "400000000", "incomeTaxExpense": "90000000", "interestAndDebtExpense": "None", "netIncomeFromContinuingOperations": "310000000", "comprehensiveIncomeNetOfTax": "None", "ebit": "650000000", "ebitda": "931000000", "netIncome": "292000000"}, {"fiscalDateEnding": "2022-12-31", "reportedCurrency": "USD", "grossProfit": "1909000000", "totalRevenue": "3177000000", "costOfRevenue": "1268000000", "costofGoodsAndServicesSold": "1268000000", "operatingIncome": "701000000", "sellingGeneralAndAdministrative": "1268000000", "researchAndDevelopment": "None", "operatingExpenses": "1438000000", "investmentIncomeNet": "None", "netInterestIncome": "-226000000", "interestIncome": "58000000", "interestExpense": "226000000", "nonInterestIncome": "None", "otherNonOperatingIncome": "167000000", "depreciation": "None", "depreciationAndAmortization": "242000000", "incomeBeforeTax": "378000000", "incomeTaxExpense": "763000000", "interestAndDebtExpense": "None", "netIncomeFromContinuingOperations": "-385000000", "comprehensiveIncomeNetOfTax": "None", "ebit": "621000000", "ebitda": "863000000", "netIncome": "-385000000"}, {"fiscalDateEnding": "2022-09-30", "reportedCurrency": "USD", "grossProfit": "2157000000", "totalRevenue": "3475000000", "costOfRevenue": "1318000000", "costofGoodsAndServicesSold": "1318000000", "operatingIncome": "505000000", "sellingGeneralAndAdministrative": "1406000000", "researchAndDevelopment": "None", "operatingExpenses": "1652000000", "investmentIncomeNet": "None", "netInterestIncome": "-225000000", "interestIncome": "225000000", "interestExpense": "225000000", "nonInterestIncome": "None", "otherNonOperatingIncome": "169000000", "depreciation": "None", "depreciationAndAmortization": "348000000", "incomeBeforeTax": "449000000", "incomeTaxExpense": "105000000", "interestAndDebtExpense": "None", "netIncomeFromContinuingOperations": "344000000", "comprehensiveIncomeNetOfTax": "None", "ebit": "674000000", "ebitda": "1022000000", "netIncome": "334000000"}, {"fiscalDateEnding": "2022-06-30", "reportedCurrency": "USD", "grossProfit": "1826000000", "totalRevenue": "2818000000", "costOfRevenue": "992000000", "costofGoodsAndServicesSold": "992000000", "operatingIncome": "447000000", "sellingGeneralAndAdministrative": "1160000000", "researchAndDevelopment": "None", "operatingExpenses": "1379000000", "investmentIncomeNet": "None", "netInterestIncome": "-248000000", "interestIncome": "248000000", "interestExpense": "248000000", "nonInterestIncome": "None", "otherNonOperatingIncome": "42000000", "depreciation": "None", "depreciationAndAmortization": "219000000", "incomeBeforeTax": "241000000", "incomeTaxExpense": "49000000", "interestAndDebtExpense": "None", "netIncomeFromContinuingOperations": "192000000", "comprehensiveIncomeNetOfTax": "None", "ebit": "500000000", "ebitda": "719000000", "netIncome": "187000000"}, {"fiscalDateEnding": "2022-03-31", "reportedCurrency": "USD", "grossProfit": "1974000000", "totalRevenue": "2989000000", "costOfRevenue": "1015000000", "costofGoodsAndServicesSold": "1015000000", "operatingIncome": "559000000", "sellingGeneralAndAdministrative": "1112000000", "researchAndDevelopment": "None", "operatingExpenses": "1415000000", "investmentIncomeNet": "None", "netInterestIncome": "-294000000", "interestIncome": "256000000", "interestExpense": "294000000", "nonInterestIncome": "None", "otherNonOperatingIncome": "106000000", "depreciation": "None", "depreciationAndAmortization": "303000000", "incomeBeforeTax": "371000000", "incomeTaxExpense": "83000000", "interestAndDebtExpense": "None", "netIncomeFromContinuingOperations": "288000000", "comprehensiveIncomeNetOfTax": "None", "ebit": "678000000", "ebitda": "981000000", "netIncome": "288000000"}, {"fiscalDateEnding": "2021-12-31", "reportedCurrency": "USD", "grossProfit": "1783000000", "totalRevenue": "2660000000", "costOfRevenue": "877000000", "costofGoodsAndServicesSold": "877000000", "operatingIncome": "224000000", "sellingGeneralAndAdministrative": "1131000000", "researchAndDevelopment": "None", "operatingExpenses": "1177000000", "investmentIncomeNet": "None", "netInterestIncome": "-265000000", "interestIncome": "265000000", "interestExpense": "265000000", "nonInterestIncome": "None", "otherNonOperatingIncome": "520000000", "depreciation": "None", "depreciationAndAmortization": "428000000", "incomeBeforeTax": "479000000", "incomeTaxExpense": "49000000", "interestAndDebtExpense": "None", "netIncomeFromContinuingOperations": "430000000", "comprehensiveIncomeNetOfTax": "None", "ebit": "757000000", "ebitda": "1185000000", "netIncome": "427000000"}, {"fiscalDateEnding": "2021-09-30", "reportedCurrency": "USD", "grossProfit": "2118000000", "totalRevenue": "3124000000", "costOfRevenue": "1006000000", "costofGoodsAndServicesSold": "1006000000", "operatingIncome": "631000000", "sellingGeneralAndAdministrative": "1131000000", "researchAndDevelopment": "None", "operatingExpenses": "1487000000", "investmentIncomeNet": "None", "netInterestIncome": "-263000000", "interestIncome": "263000000", "interestExpense": "263000000", "nonInterestIncome": "None", "otherNonOperatingIncome": "136000000", "depreciation": "None", "depreciationAndAmortization": "356000000", "incomeBeforeTax": "504000000", "incomeTaxExpense": "88000000", "interestAndDebtExpense": "None", "netIncomeFromContinuingOperations": "416000000", "comprehensiveIncomeNetOfTax": "None", "ebit": "780000000", "ebitda": "1136000000", "netIncome": "463000000"}, {"fiscalDateEnding": "2021-06-30", "reportedCurrency": "USD", "grossProfit": "1896000000", "totalRevenue": "2622000000", "costOfRevenue": "726000000", "costofGoodsAndServicesSold": "726000000", "operatingIncome": "312000000", "sellingGeneralAndAdministrative": "982000000", "researchAndDevelopment": "None", "operatingExpenses": "1354000000", "investmentIncomeNet": "None", "netInterestIncome": "-266000000", "interestIncome": "266000000", "interestExpense": "266000000", "nonInterestIncome": "None", "otherNonOperatingIncome": "108000000", "depreciation": "None", "depreciationAndAmortization": "372000000", "incomeBeforeTax": "154000000", "incomeTaxExpense": "96000000", "interestAndDebtExpense": "None", "netIncomeFromContinuingOperations": "58000000", "comprehensiveIncomeNetOfTax": "None", "ebit": "434000000", "ebitda": "806000000", "netIncome": "58000000"}, {"fiscalDateEnding": "2021-03-31", "reportedCurrency": "USD", "grossProfit": "1890000000", "totalRevenue": "2726000000", "costOfRevenue": "836000000", "costofGoodsAndServicesSold": "836000000", "operatingIncome": "559000000", "sellingGeneralAndAdministrative": "1025000000", "researchAndDevelopment": "None", "operatingExpenses": "1440000000", "investmentIncomeNet": "None", "netInterestIncome": "-272000000", "interestIncome": "272000000", "interestExpense": "272000000", "nonInterestIncome": "None", "otherNonOperatingIncome": "135000000", "depreciation": "None", "depreciationAndAmortization": "415000000", "incomeBeforeTax": "422000000", "incomeTaxExpense": "87000000", "interestAndDebtExpense": "None", "netIncomeFromContinuingOperations": "335000000", "comprehensiveIncomeNetOfTax": "None", "ebit": "701000000", "ebitda": "1116000000", "netIncome": "335000000"}, {"fiscalDateEnding": "2020-12-31", "reportedCurrency": "USD", "grossProfit": "1816000000", "totalRevenue": "2537000000", "costOfRevenue": "721000000", "costofGoodsAndServicesSold": "721000000", "operatingIncome": "394000000", "sellingGeneralAndAdministrative": "54000000", "researchAndDevelopment": "None", "operatingExpenses": "1476000000", "investmentIncomeNet": "None", "netInterestIncome": "-253000000", "interestIncome": "253000000", "interestExpense": "253000000", "nonInterestIncome": "None", "otherNonOperatingIncome": "75000000", "depreciation": "None", "depreciationAndAmortization": "395000000", "incomeBeforeTax": "216000000", "incomeTaxExpense": "4000000", "interestAndDebtExpense": "None", "netIncomeFromContinuingOperations": "212000000", "comprehensiveIncomeNetOfTax": "None", "ebit": "469000000", "ebitda": "864000000", "netIncome": "242000000"}, {"fiscalDateEnding": "2020-09-30", "reportedCurrency": "USD", "grossProfit": "2155000000", "totalRevenue": "3022000000", "costOfRevenue": "867000000", "costofGoodsAndServicesSold": "867000000", "operatingIncome": "721000000", "sellingGeneralAndAdministrative": "1209000000", "researchAndDevelopment": "None", "operatingExpenses": "1434000000", "investmentIncomeNet": "None", "netInterestIncome": "-245000000", "interestIncome": "245000000", "interestExpense": "245000000", "nonInterestIncome": "None", "otherNonOperatingIncome": "100000000", "depreciation": "None", "depreciationAndAmortization": "202000000", "incomeBeforeTax": "576000000", "incomeTaxExpense": "116000000", "interestAndDebtExpense": "None", "netIncomeFromContinuingOperations": "460000000", "comprehensiveIncomeNetOfTax": "None", "ebit": "812000000", "ebitda": "1014000000", "netIncome": "454000000"}, {"fiscalDateEnding": "2020-06-30", "reportedCurrency": "USD", "grossProfit": "1832000000", "totalRevenue": "2522000000", "costOfRevenue": "690000000", "costofGoodsAndServicesSold": "690000000", "operatingIncome": "515000000", "sellingGeneralAndAdministrative": "983000000", "researchAndDevelopment": "None", "operatingExpenses": "1317000000", "investmentIncomeNet": "None", "netInterestIncome": "-245000000", "interestIncome": "245000000", "interestExpense": "245000000", "nonInterestIncome": "None", "otherNonOperatingIncome": "103000000", "depreciation": "None", "depreciationAndAmortization": "307000000", "incomeBeforeTax": "373000000", "incomeTaxExpense": "66000000", "interestAndDebtExpense": "None", "netIncomeFromContinuingOperations": "307000000", "comprehensiveIncomeNetOfTax": "None", "ebit": "618000000", "ebitda": "925000000", "netIncome": "309000000"}, {"fiscalDateEnding": "2020-03-31", "reportedCurrency": "USD", "grossProfit": "1917000000", "totalRevenue": "2709000000", "costOfRevenue": "792000000", "costofGoodsAndServicesSold": "792000000", "operatingIncome": "532000000", "sellingGeneralAndAdministrative": "423000000", "researchAndDevelopment": "None", "operatingExpenses": "1808000000", "investmentIncomeNet": "None", "netInterestIncome": "-245000000", "interestIncome": "245000000", "interestExpense": "245000000", "nonInterestIncome": "None", "otherNonOperatingIncome": "-323000000", "depreciation": "None", "depreciationAndAmortization": "295000000", "incomeBeforeTax": "-36000000", "incomeTaxExpense": "-60000000", "interestAndDebtExpense": "None", "netIncomeFromContinuingOperations": "24000000", "comprehensiveIncomeNetOfTax": "None", "ebit": "209000000", "ebitda": "504000000", "netIncome": "74000000"}, {"fiscalDateEnding": "2019-12-31", "reportedCurrency": "USD", "grossProfit": "1821000000", "totalRevenue": "2673000000", "costOfRevenue": "852000000", "costofGoodsAndServicesSold": "852000000", "operatingIncome": "615000000", "sellingGeneralAndAdministrative": "1060000000", "researchAndDevelopment": "None", "operatingExpenses": "1880000000", "investmentIncomeNet": "None", "netInterestIncome": "-242000000", "interestIncome": "242000000", "interestExpense": "242000000", "nonInterestIncome": "None", "otherNonOperatingIncome": "-622000000", "depreciation": "None", "depreciationAndAmortization": "148000000", "incomeBeforeTax": "-249000000", "incomeTaxExpense": "-68000000", "interestAndDebtExpense": "None", "netIncomeFromContinuingOperations": "-181000000", "comprehensiveIncomeNetOfTax": "None", "ebit": "3000000", "ebitda": "151000000", "netIncome": "-111000000"}, {"fiscalDateEnding": "2019-09-30", "reportedCurrency": "USD", "grossProfit": "2043000000", "totalRevenue": "2963000000", "costOfRevenue": "920000000", "costofGoodsAndServicesSold": "920000000", "operatingIncome": "681000000", "sellingGeneralAndAdministrative": "1015000000", "researchAndDevelopment": "None", "operatingExpenses": "1362000000", "investmentIncomeNet": "None", "netInterestIncome": "-242000000", "interestIncome": "242000000", "interestExpense": "242000000", "nonInterestIncome": "None", "otherNonOperatingIncome": "57000000", "depreciation": "None", "depreciationAndAmortization": "367000000", "incomeBeforeTax": "496000000", "incomeTaxExpense": "107000000", "interestAndDebtExpense": "None", "netIncomeFromContinuingOperations": "389000000", "comprehensiveIncomeNetOfTax": "None", "ebit": "750000000", "ebitda": "1117000000", "netIncome": "391000000"}, {"fiscalDateEnding": "2019-06-30", "reportedCurrency": "USD", "grossProfit": "1776000000", "totalRevenue": "2516000000", "costOfRevenue": "740000000", "costofGoodsAndServicesSold": "740000000", "operatingIncome": "585000000", "sellingGeneralAndAdministrative": "845000000", "researchAndDevelopment": "None", "operatingExpenses": "1191000000", "investmentIncomeNet": "None", "netInterestIncome": "-243000000", "interestIncome": "243000000", "interestExpense": "243000000", "nonInterestIncome": "None", "otherNonOperatingIncome": "80000000", "depreciation": "None", "depreciationAndAmortization": "357000000", "incomeBeforeTax": "422000000", "incomeTaxExpense": "81000000", "interestAndDebtExpense": "None", "netIncomeFromContinuingOperations": "341000000", "comprehensiveIncomeNetOfTax": "None", "ebit": "674000000", "ebitda": "1031000000", "netIncome": "308000000"}, {"fiscalDateEnding": "2019-03-31", "reportedCurrency": "USD", "grossProfit": "1971000000", "totalRevenue": "2883000000", "costOfRevenue": "912000000", "costofGoodsAndServicesSold": "912000000", "operatingIncome": "629000000", "sellingGeneralAndAdministrative": "1040000000", "researchAndDevelopment": "None", "operatingExpenses": "1342000000", "investmentIncomeNet": "None", "netInterestIncome": "-235000000", "interestIncome": "None", "interestExpense": "235000000", "nonInterestIncome": "None", "otherNonOperatingIncome": "54000000", "depreciation": "None", "depreciationAndAmortization": "345000000", "incomeBeforeTax": "448000000", "incomeTaxExpense": "93000000", "interestAndDebtExpense": "None", "netIncomeFromContinuingOperations": "355000000", "comprehensiveIncomeNetOfTax": "None", "ebit": "695000000", "ebitda": "1040000000", "netIncome": "315000000"}, {"fiscalDateEnding": "2018-12-31", "reportedCurrency": "USD", "grossProfit": "1860000000", "totalRevenue": "2710000000", "costOfRevenue": "850000000", "costofGoodsAndServicesSold": "850000000", "operatingIncome": "512000000", "sellingGeneralAndAdministrative": "144000000", "researchAndDevelopment": "0", "operatingExpenses": "1492000000", "investmentIncomeNet": "None", "netInterestIncome": "None", "interestIncome": "None", "interestExpense": "240000000", "nonInterestIncome": "None", "otherNonOperatingIncome": "-103000000", "depreciation": "None", "depreciationAndAmortization": "381000000", "incomeBeforeTax": "169000000", "incomeTaxExpense": "-13000000", "interestAndDebtExpense": "None", "netIncomeFromContinuingOperations": "191000000", "comprehensiveIncomeNetOfTax": "None", "ebit": "423000000", "ebitda": "804000000", "netIncome": "128000000"}, {"fiscalDateEnding": "2018-09-30", "reportedCurrency": "USD", "grossProfit": "2051000000", "totalRevenue": "3064000000", "costOfRevenue": "1013000000", "costofGoodsAndServicesSold": "1013000000", "operatingIncome": "710000000", "sellingGeneralAndAdministrative": "991000000", "researchAndDevelopment": "0", "operatingExpenses": "1341000000", "investmentIncomeNet": "None", "netInterestIncome": "None", "interestIncome": "None", "interestExpense": "239000000", "nonInterestIncome": "None", "otherNonOperatingIncome": "49000000", "depreciation": "None", "depreciationAndAmortization": "399000000", "incomeBeforeTax": "520000000", "incomeTaxExpense": "133000000", "interestAndDebtExpense": "None", "netIncomeFromContinuingOperations": "387000000", "comprehensiveIncomeNetOfTax": "None", "ebit": "759000000", "ebitda": "1158000000", "netIncome": "-458000000"}, {"fiscalDateEnding": "2018-06-30", "reportedCurrency": "USD", "grossProfit": "1829000000", "totalRevenue": "2704000000", "costOfRevenue": "875000000", "costofGoodsAndServicesSold": "875000000", "operatingIncome": "687000000", "sellingGeneralAndAdministrative": "950000000", "researchAndDevelopment": "0", "operatingExpenses": "1142000000", "investmentIncomeNet": "None", "netInterestIncome": "None", "interestIncome": "None", "interestExpense": "353000000", "nonInterestIncome": "None", "otherNonOperatingIncome": "48000000", "depreciation": "None", "depreciationAndAmortization": "324000000", "incomeBeforeTax": "382000000", "incomeTaxExpense": "115000000", "interestAndDebtExpense": "None", "netIncomeFromContinuingOperations": "267000000", "comprehensiveIncomeNetOfTax": "None", "ebit": "749000000", "ebitda": "1073000000", "netIncome": "299000000"}, {"fiscalDateEnding": "2018-03-31", "reportedCurrency": "USD", "grossProfit": "1964000000", "totalRevenue": "2976000000", "costOfRevenue": "1012000000", "costofGoodsAndServicesSold": "1012000000", "operatingIncome": "597000000", "sellingGeneralAndAdministrative": "1221000000", "researchAndDevelopment": "0", "operatingExpenses": "1367000000", "investmentIncomeNet": "None", "netInterestIncome": "None", "interestIncome": "None", "interestExpense": "235000000", "nonInterestIncome": "None", "otherNonOperatingIncome": "67000000", "depreciation": "None", "depreciationAndAmortization": "280000000", "incomeBeforeTax": "429000000", "incomeTaxExpense": "252000000", "interestAndDebtExpense": "None", "netIncomeFromContinuingOperations": "177000000", "comprehensiveIncomeNetOfTax": "None", "ebit": "630000000", "ebitda": "910000000", "netIncome": "1213000000"}, {"fiscalDateEnding": "2017-12-31", "reportedCurrency": "USD", "grossProfit": "2453000000", "totalRevenue": "3442000000", "costOfRevenue": "989000000", "costofGoodsAndServicesSold": "989000000", "operatingIncome": "-1830000000", "sellingGeneralAndAdministrative": "141000000", "researchAndDevelopment": "0", "operatingExpenses": "2039000000", "investmentIncomeNet": "None", "netInterestIncome": "None", "interestIncome": "None", "interestExpense": "276000000", "nonInterestIncome": "None", "otherNonOperatingIncome": "843000000", "depreciation": "None", "depreciationAndAmortization": "452000000", "incomeBeforeTax": "-2086000000", "incomeTaxExpense": "413000000", "interestAndDebtExpense": "None", "netIncomeFromContinuingOperations": "-2499000000", "comprehensiveIncomeNetOfTax": "None", "ebit": "-1800000000", "ebitda": "-1348000000", "netIncome": "-2499000000"}, {"fiscalDateEnding": "2017-09-30", "reportedCurrency": "USD", "grossProfit": "2490000000", "totalRevenue": "3714000000", "costOfRevenue": "1224000000", "costofGoodsAndServicesSold": "1224000000", "operatingIncome": "884000000", "sellingGeneralAndAdministrative": "1195000000", "researchAndDevelopment": "0", "operatingExpenses": "1575000000", "investmentIncomeNet": "None", "netInterestIncome": "None", "interestIncome": "None", "interestExpense": "286000000", "nonInterestIncome": "None", "otherNonOperatingIncome": "-249000000", "depreciation": "None", "depreciationAndAmortization": "456000000", "incomeBeforeTax": "635000000", "incomeTaxExpense": "239000000", "interestAndDebtExpense": "None", "netIncomeFromContinuingOperations": "396000000", "comprehensiveIncomeNetOfTax": "None", "ebit": "933000000", "ebitda": "1389000000", "netIncome": "396000000"}, {"fiscalDateEnding": "2017-06-30", "reportedCurrency": "USD", "grossProfit": "2231000000", "totalRevenue": "3309000000", "costOfRevenue": "1078000000", "costofGoodsAndServicesSold": "1078000000", "operatingIncome": "544000000", "sellingGeneralAndAdministrative": "1210000000", "researchAndDevelopment": "0", "operatingExpenses": "1556000000", "investmentIncomeNet": "None", "netInterestIncome": "None", "interestIncome": "None", "interestExpense": "270000000", "nonInterestIncome": "None", "otherNonOperatingIncome": "-253000000", "depreciation": "None", "depreciationAndAmortization": "400000000", "incomeBeforeTax": "291000000", "incomeTaxExpense": "117000000", "interestAndDebtExpense": "None", "netIncomeFromContinuingOperations": "174000000", "comprehensiveIncomeNetOfTax": "None", "ebit": "675000000", "ebitda": "1075000000", "netIncome": "174000000"}, {"fiscalDateEnding": "2017-03-31", "reportedCurrency": "USD", "grossProfit": "2321000000", "totalRevenue": "3552000000", "costOfRevenue": "1231000000", "costofGoodsAndServicesSold": "1231000000", "operatingIncome": "574000000", "sellingGeneralAndAdministrative": "1413000000", "researchAndDevelopment": "0", "operatingExpenses": "1747000000", "investmentIncomeNet": "None", "netInterestIncome": "None", "interestIncome": "None", "interestExpense": "267000000", "nonInterestIncome": "None", "otherNonOperatingIncome": "-243000000", "depreciation": "None", "depreciationAndAmortization": "392000000", "incomeBeforeTax": "331000000", "incomeTaxExpense": "126000000", "interestAndDebtExpense": "None", "netIncomeFromContinuingOperations": "205000000", "comprehensiveIncomeNetOfTax": "None", "ebit": "574000000", "ebitda": "966000000", "netIncome": "205000000"}, {"fiscalDateEnding": "2016-12-31", "reportedCurrency": "USD", "grossProfit": "2157000000", "totalRevenue": "3375000000", "costOfRevenue": "1218000000", "costofGoodsAndServicesSold": "1218000000", "operatingIncome": "-8924000000", "sellingGeneralAndAdministrative": "147000000", "researchAndDevelopment": "0", "operatingExpenses": "1863000000", "investmentIncomeNet": "None", "netInterestIncome": "None", "interestIncome": "None", "interestExpense": "270000000", "nonInterestIncome": "None", "otherNonOperatingIncome": "793000000", "depreciation": "None", "depreciationAndAmortization": "557000000", "incomeBeforeTax": "-9185000000", "incomeTaxExpense": "-3389000000", "interestAndDebtExpense": "None", "netIncomeFromContinuingOperations": "-5796000000", "comprehensiveIncomeNetOfTax": "None", "ebit": "-8904000000", "ebitda": "-8347000000", "netIncome": "-5796000000"}, {"fiscalDateEnding": "2016-09-30", "reportedCurrency": "USD", "grossProfit": "2488000000", "totalRevenue": "3917000000", "costOfRevenue": "1429000000", "costofGoodsAndServicesSold": "1429000000", "operatingIncome": "861000000", "sellingGeneralAndAdministrative": "1218000000", "researchAndDevelopment": "0", "operatingExpenses": "1627000000", "investmentIncomeNet": "None", "netInterestIncome": "None", "interestIncome": "None", "interestExpense": "258000000", "nonInterestIncome": "None", "otherNonOperatingIncome": "-230000000", "depreciation": "None", "depreciationAndAmortization": "518000000", "incomeBeforeTax": "631000000", "incomeTaxExpense": "251000000", "interestAndDebtExpense": "None", "netIncomeFromContinuingOperations": "380000000", "comprehensiveIncomeNetOfTax": "None", "ebit": "902000000", "ebitda": "1420000000", "netIncome": "380000000"}, {"fiscalDateEnding": "2016-06-30", "reportedCurrency": "USD", "grossProfit": "2074000000", "totalRevenue": "3401000000", "costOfRevenue": "1327000000", "costofGoodsAndServicesSold": "1327000000", "operatingIncome": "-975000000", "sellingGeneralAndAdministrative": "1205000000", "researchAndDevelopment": "0", "operatingExpenses": "1602000000", "investmentIncomeNet": "None", "netInterestIncome": "None", "interestIncome": "None", "interestExpense": "263000000", "nonInterestIncome": "None", "otherNonOperatingIncome": "-244000000", "depreciation": "None", "depreciationAndAmortization": "467000000", "incomeBeforeTax": "-1219000000", "incomeTaxExpense": "-130000000", "interestAndDebtExpense": "None", "netIncomeFromContinuingOperations": "-1089000000", "comprehensiveIncomeNetOfTax": "None", "ebit": "-934000000", "ebitda": "-467000000", "netIncome": "-1089000000"}, {"fiscalDateEnding": "2016-03-31", "reportedCurrency": "USD", "grossProfit": "2364000000", "totalRevenue": "3869000000", "costOfRevenue": "1505000000", "costofGoodsAndServicesSold": "1505000000", "operatingIncome": "776000000", "sellingGeneralAndAdministrative": "1198000000", "researchAndDevelopment": "0", "operatingExpenses": "1588000000", "investmentIncomeNet": "None", "netInterestIncome": "None", "interestIncome": "None", "interestExpense": "263000000", "nonInterestIncome": "None", "otherNonOperatingIncome": "-235000000", "depreciation": "None", "depreciationAndAmortization": "455000000", "incomeBeforeTax": "541000000", "incomeTaxExpense": "213000000", "interestAndDebtExpense": "None", "netIncomeFromContinuingOperations": "328000000", "comprehensiveIncomeNetOfTax": "None", "ebit": "776000000", "ebitda": "1231000000", "netIncome": "328000000"}, {"fiscalDateEnding": "2015-12-31", "reportedCurrency": "USD", "grossProfit": "2057000000", "totalRevenue": "3541000000", "costOfRevenue": "1484000000", "costofGoodsAndServicesSold": "1484000000", "operatingIncome": "236000000", "sellingGeneralAndAdministrative": "242000000", "researchAndDevelopment": "0", "operatingExpenses": "1805000000", "investmentIncomeNet": "None", "netInterestIncome": "None", "interestIncome": "None", "interestExpense": "262000000", "nonInterestIncome": "None", "otherNonOperatingIncome": "383000000", "depreciation": "None", "depreciationAndAmortization": "453000000", "incomeBeforeTax": "-396000000", "incomeTaxExpense": "-170000000", "interestAndDebtExpense": "None", "netIncomeFromContinuingOperations": "-226000000", "comprehensiveIncomeNetOfTax": "None", "ebit": "273000000", "ebitda": "726000000", "netIncome": "-226000000"}, {"fiscalDateEnding": "2015-09-30", "reportedCurrency": "USD", "grossProfit": "2432000000", "totalRevenue": "4123000000", "costOfRevenue": "1691000000", "costofGoodsAndServicesSold": "1691000000", "operatingIncome": "908000000", "sellingGeneralAndAdministrative": "1086000000", "researchAndDevelopment": "0", "operatingExpenses": "1524000000", "investmentIncomeNet": "None", "netInterestIncome": "None", "interestIncome": "None", "interestExpense": "259000000", "nonInterestIncome": "None", "otherNonOperatingIncome": "-287000000", "depreciation": "None", "depreciationAndAmortization": "393000000", "incomeBeforeTax": "621000000", "incomeTaxExpense": "226000000", "interestAndDebtExpense": "None", "netIncomeFromContinuingOperations": "395000000", "comprehensiveIncomeNetOfTax": "None", "ebit": "1001000000", "ebitda": "1394000000", "netIncome": "395000000"}, {"fiscalDateEnding": "2015-06-30", "reportedCurrency": "USD", "grossProfit": "2093000000", "totalRevenue": "3465000000", "costOfRevenue": "1372000000", "costofGoodsAndServicesSold": "1372000000", "operatingIncome": "554000000", "sellingGeneralAndAdministrative": "1158000000", "researchAndDevelopment": "0", "operatingExpenses": "1539000000", "investmentIncomeNet": "None", "netInterestIncome": "None", "interestIncome": "None", "interestExpense": "249000000", "nonInterestIncome": "None", "otherNonOperatingIncome": "-252000000", "depreciation": "None", "depreciationAndAmortization": "375000000", "incomeBeforeTax": "302000000", "incomeTaxExpense": "115000000", "interestAndDebtExpense": "None", "netIncomeFromContinuingOperations": "187000000", "comprehensiveIncomeNetOfTax": "None", "ebit": "620000000", "ebitda": "995000000", "netIncome": "187000000"}, {"fiscalDateEnding": "2015-03-31", "reportedCurrency": "USD", "grossProfit": "2271000000", "totalRevenue": "3897000000", "costOfRevenue": "1626000000", "costofGoodsAndServicesSold": "1626000000", "operatingIncome": "594000000", "sellingGeneralAndAdministrative": "1326000000", "researchAndDevelopment": "0", "operatingExpenses": "1677000000", "investmentIncomeNet": "None", "netInterestIncome": "None", "interestIncome": "None", "interestExpense": "245000000", "nonInterestIncome": "None", "otherNonOperatingIncome": "-228000000", "depreciation": "None", "depreciationAndAmortization": "383000000", "incomeBeforeTax": "366000000", "incomeTaxExpense": "144000000", "interestAndDebtExpense": "None", "netIncomeFromContinuingOperations": "222000000", "comprehensiveIncomeNetOfTax": "None", "ebit": "594000000", "ebitda": "977000000", "netIncome": "222000000"}, {"fiscalDateEnding": "2014-12-31", "reportedCurrency": "USD", "grossProfit": "1924000000", "totalRevenue": "3483000000", "costOfRevenue": "1559000000", "costofGoodsAndServicesSold": "1559000000", "operatingIncome": "-337000000", "sellingGeneralAndAdministrative": "835000000", "researchAndDevelopment": "0", "operatingExpenses": "2261000000", "investmentIncomeNet": "None", "netInterestIncome": "None", "interestIncome": "None", "interestExpense": "242000000", "nonInterestIncome": "None", "otherNonOperatingIncome": "None", "depreciation": "None", "depreciationAndAmortization": "436000000", "incomeBeforeTax": "-574000000", "incomeTaxExpense": "-268000000", "interestAndDebtExpense": "None", "netIncomeFromContinuingOperations": "213000000", "comprehensiveIncomeNetOfTax": "None", "ebit": "-337000000", "ebitda": "99000000", "netIncome": "-306000000"}, {"fiscalDateEnding": "2014-09-30", "reportedCurrency": "USD", "grossProfit": "2156000000", "totalRevenue": "3888000000", "costOfRevenue": "1732000000", "costofGoodsAndServicesSold": "1732000000", "operatingIncome": "716000000", "sellingGeneralAndAdministrative": "1097000000", "researchAndDevelopment": "0", "operatingExpenses": "1440000000", "investmentIncomeNet": "None", "netInterestIncome": "None", "interestIncome": "None", "interestExpense": "247000000", "nonInterestIncome": "None", "otherNonOperatingIncome": "-231000000", "depreciation": "None", "depreciationAndAmortization": "370000000", "incomeBeforeTax": "485000000", "incomeTaxExpense": "152000000", "interestAndDebtExpense": "None", "netIncomeFromContinuingOperations": "333000000", "comprehensiveIncomeNetOfTax": "None", "ebit": "716000000", "ebitda": "1086000000", "netIncome": "333000000"}, {"fiscalDateEnding": "2014-06-30", "reportedCurrency": "USD", "grossProfit": "1863000000", "totalRevenue": "3496000000", "costOfRevenue": "1633000000", "costofGoodsAndServicesSold": "1633000000", "operatingIncome": "292000000", "sellingGeneralAndAdministrative": "1249000000", "researchAndDevelopment": "0", "operatingExpenses": "1571000000", "investmentIncomeNet": "None", "netInterestIncome": "None", "interestIncome": "None", "interestExpense": "230000000", "nonInterestIncome": "None", "otherNonOperatingIncome": "-202000000", "depreciation": "None", "depreciationAndAmortization": "352000000", "incomeBeforeTax": "90000000", "incomeTaxExpense": "26000000", "interestAndDebtExpense": "None", "netIncomeFromContinuingOperations": "64000000", "comprehensiveIncomeNetOfTax": "None", "ebit": "-60000000", "ebitda": "292000000", "netIncome": "64000000"}, {"fiscalDateEnding": "2014-03-31", "reportedCurrency": "USD", "grossProfit": "2117000000", "totalRevenue": "4189000000", "costOfRevenue": "2072000000", "costofGoodsAndServicesSold": "2072000000", "operatingIncome": "398000000", "sellingGeneralAndAdministrative": "1453000000", "researchAndDevelopment": "0", "operatingExpenses": "1719000000", "investmentIncomeNet": "None", "netInterestIncome": "None", "interestIncome": "None", "interestExpense": "243000000", "nonInterestIncome": "None", "otherNonOperatingIncome": "-228000000", "depreciation": "None", "depreciationAndAmortization": "342000000", "incomeBeforeTax": "170000000", "incomeTaxExpense": "48000000", "interestAndDebtExpense": "None", "netIncomeFromContinuingOperations": "122000000", "comprehensiveIncomeNetOfTax": "None", "ebit": "398000000", "ebitda": "740000000", "netIncome": "208000000"}, {"fiscalDateEnding": "2013-12-31", "reportedCurrency": "USD", "grossProfit": "2035000000", "totalRevenue": "3647000000", "costOfRevenue": "1612000000", "costofGoodsAndServicesSold": "1612000000", "operatingIncome": "401000000", "sellingGeneralAndAdministrative": "256000000", "researchAndDevelopment": "0", "operatingExpenses": "1312000000", "investmentIncomeNet": "None", "netInterestIncome": "None", "interestIncome": "None", "interestExpense": "221000000", "nonInterestIncome": "None", "otherNonOperatingIncome": "748000000", "depreciation": "None", "depreciationAndAmortization": "53000000", "incomeBeforeTax": "208000000", "incomeTaxExpense": "66000000", "interestAndDebtExpense": "None", "netIncomeFromContinuingOperations": "134000000", "comprehensiveIncomeNetOfTax": "None", "ebit": "723000000", "ebitda": "776000000", "netIncome": "142000000"}, {"fiscalDateEnding": "2013-09-30", "reportedCurrency": "USD", "grossProfit": "2259000000", "totalRevenue": "4036000000", "costOfRevenue": "1777000000", "costofGoodsAndServicesSold": "1777000000", "operatingIncome": "512000000", "sellingGeneralAndAdministrative": "1119000000", "researchAndDevelopment": "0", "operatingExpenses": "1747000000", "investmentIncomeNet": "None", "netInterestIncome": "None", "interestIncome": "None", "interestExpense": "240000000", "nonInterestIncome": "None", "otherNonOperatingIncome": "-226000000", "depreciation": "None", "depreciationAndAmortization": "371000000", "incomeBeforeTax": "286000000", "incomeTaxExpense": "77000000", "interestAndDebtExpense": "None", "netIncomeFromContinuingOperations": "209000000", "comprehensiveIncomeNetOfTax": "None", "ebit": "512000000", "ebitda": "883000000", "netIncome": "218000000"}, {"fiscalDateEnding": "2013-06-30", "reportedCurrency": "USD", "grossProfit": "2029000000", "totalRevenue": "3519000000", "costOfRevenue": "1490000000", "costofGoodsAndServicesSold": "1490000000", "operatingIncome": "54000000", "sellingGeneralAndAdministrative": "1128000000", "researchAndDevelopment": "0", "operatingExpenses": "1502000000", "investmentIncomeNet": "None", "netInterestIncome": "None", "interestIncome": "None", "interestExpense": "237000000", "nonInterestIncome": "None", "otherNonOperatingIncome": "-276000000", "depreciation": "None", "depreciationAndAmortization": "347000000", "incomeBeforeTax": "-222000000", "incomeTaxExpense": "-58000000", "interestAndDebtExpense": "None", "netIncomeFromContinuingOperations": "-164000000", "comprehensiveIncomeNetOfTax": "None", "ebit": "1000000", "ebitda": "348000000", "netIncome": "-164000000"}, {"fiscalDateEnding": "2013-03-31", "reportedCurrency": "USD", "grossProfit": "2156000000", "totalRevenue": "3729000000", "costOfRevenue": "1573000000", "costofGoodsAndServicesSold": "1573000000", "operatingIncome": "654000000", "sellingGeneralAndAdministrative": "1149000000", "researchAndDevelopment": "0", "operatingExpenses": "1502000000", "investmentIncomeNet": "None", "netInterestIncome": "None", "interestIncome": "None", "interestExpense": "241000000", "nonInterestIncome": "None", "otherNonOperatingIncome": "-342000000", "depreciation": "None", "depreciationAndAmortization": "347000000", "incomeBeforeTax": "312000000", "incomeTaxExpense": "116000000", "interestAndDebtExpense": "None", "netIncomeFromContinuingOperations": "196000000", "comprehensiveIncomeNetOfTax": "None", "ebit": "654000000", "ebitda": "1001000000", "netIncome": "196000000"}, {"fiscalDateEnding": "2012-12-31", "reportedCurrency": "USD", "grossProfit": "1985000000", "totalRevenue": "3045000000", "costOfRevenue": "1060000000", "costofGoodsAndServicesSold": "1060000000", "operatingIncome": "-34000000", "sellingGeneralAndAdministrative": "1973000000", "researchAndDevelopment": "0", "operatingExpenses": "2394000000", "investmentIncomeNet": "None", "netInterestIncome": "None", "interestIncome": "None", "interestExpense": "179000000", "nonInterestIncome": "None", "otherNonOperatingIncome": "None", "depreciation": "None", "depreciationAndAmortization": "475000000", "incomeBeforeTax": "-253000000", "incomeTaxExpense": "-105000000", "interestAndDebtExpense": "None", "netIncomeFromContinuingOperations": "0", "comprehensiveIncomeNetOfTax": "None", "ebit": "-499000000", "ebitda": "-24000000", "netIncome": "-148000000"}, {"fiscalDateEnding": "2012-09-30", "reportedCurrency": "USD", "grossProfit": "2363000000", "totalRevenue": "4311000000", "costOfRevenue": "1948000000", "costofGoodsAndServicesSold": "1948000000", "operatingIncome": "907000000", "sellingGeneralAndAdministrative": "856000000", "researchAndDevelopment": "0", "operatingExpenses": "1456000000", "investmentIncomeNet": "None", "netInterestIncome": "None", "interestIncome": "None", "interestExpense": "230000000", "nonInterestIncome": "None", "otherNonOperatingIncome": "-173000000", "depreciation": "None", "depreciationAndAmortization": "282000000", "incomeBeforeTax": "734000000", "incomeTaxExpense": "309000000", "interestAndDebtExpense": "None", "netIncomeFromContinuingOperations": "425000000", "comprehensiveIncomeNetOfTax": "None", "ebit": "925000000", "ebitda": "1207000000", "netIncome": "425000000"}, {"fiscalDateEnding": "2012-06-30", "reportedCurrency": "USD", "grossProfit": "2057000000", "totalRevenue": "3869000000", "costOfRevenue": "1812000000", "costofGoodsAndServicesSold": "1812000000", "operatingIncome": "557000000", "sellingGeneralAndAdministrative": "914000000", "researchAndDevelopment": "0", "operatingExpenses": "1500000000", "investmentIncomeNet": "None", "netInterestIncome": "None", "interestIncome": "None", "interestExpense": "274000000", "nonInterestIncome": "None", "otherNonOperatingIncome": "None", "depreciation": "None", "depreciationAndAmortization": "292000000", "incomeBeforeTax": "315000000", "incomeTaxExpense": "127000000", "interestAndDebtExpense": "None", "netIncomeFromContinuingOperations": "0", "comprehensiveIncomeNetOfTax": "None", "ebit": "611000000", "ebitda": "903000000", "netIncome": "187000000"}, {"fiscalDateEnding": "2012-03-31", "reportedCurrency": "USD", "grossProfit": "2190000000", "totalRevenue": "4078000000", "costOfRevenue": "1888000000", "costofGoodsAndServicesSold": "1888000000", "operatingIncome": "746000000", "sellingGeneralAndAdministrative": "812000000", "researchAndDevelopment": "0", "operatingExpenses": "1444000000", "investmentIncomeNet": "None", "netInterestIncome": "None", "interestIncome": "None", "interestExpense": "246000000", "nonInterestIncome": "None", "otherNonOperatingIncome": "None", "depreciation": "None", "depreciationAndAmortization": "285000000", "incomeBeforeTax": "528000000", "incomeTaxExpense": "222000000", "interestAndDebtExpense": "None", "netIncomeFromContinuingOperations": "0", "comprehensiveIncomeNetOfTax": "None", "ebit": "809000000", "ebitda": "1094000000", "netIncome": "306000000"}, {"fiscalDateEnding": "2011-12-31", "reportedCurrency": "USD", "grossProfit": "2075000000", "totalRevenue": "3903000000", "costOfRevenue": "1828000000", "costofGoodsAndServicesSold": "1828000000", "operatingIncome": "-125000000", "sellingGeneralAndAdministrative": "779000000", "researchAndDevelopment": "0", "operatingExpenses": "1321000000", "investmentIncomeNet": "None", "netInterestIncome": "None", "interestIncome": "None", "interestExpense": "245000000", "nonInterestIncome": "None", "otherNonOperatingIncome": "None", "depreciation": "None", "depreciationAndAmortization": "327000000", "incomeBeforeTax": "228000000", "incomeTaxExpense": "84000000", "interestAndDebtExpense": "None", "netIncomeFromContinuingOperations": "0", "comprehensiveIncomeNetOfTax": "None", "ebit": "473000000", "ebitda": "800000000", "netIncome": "143000000"}, {"fiscalDateEnding": "2011-09-30", "reportedCurrency": "USD", "grossProfit": "2738000000", "totalRevenue": "4719000000", "costOfRevenue": "1981000000", "costofGoodsAndServicesSold": "1981000000", "operatingIncome": "1022000000", "sellingGeneralAndAdministrative": "1024000000", "researchAndDevelopment": "0", "operatingExpenses": "1707000000", "investmentIncomeNet": "None", "netInterestIncome": "None", "interestIncome": "None", "interestExpense": "267000000", "nonInterestIncome": "None", "otherNonOperatingIncome": "None", "depreciation": "None", "depreciationAndAmortization": "292000000", "incomeBeforeTax": "820000000", "incomeTaxExpense": "311000000", "interestAndDebtExpense": "None", "netIncomeFromContinuingOperations": "0", "comprehensiveIncomeNetOfTax": "None", "ebit": "1048000000", "ebitda": "1340000000", "netIncome": "532000000"}, {"fiscalDateEnding": "2011-06-30", "reportedCurrency": "USD", "grossProfit": "2205000000", "totalRevenue": "4060000000", "costOfRevenue": "1855000000", "costofGoodsAndServicesSold": "1855000000", "operatingIncome": "486000000", "sellingGeneralAndAdministrative": "1105000000", "researchAndDevelopment": "0", "operatingExpenses": "1719000000", "investmentIncomeNet": "None", "netInterestIncome": "None", "interestIncome": "None", "interestExpense": "265000000", "nonInterestIncome": "None", "otherNonOperatingIncome": "None", "depreciation": "None", "depreciationAndAmortization": "282000000", "incomeBeforeTax": "272000000", "incomeTaxExpense": "101000000", "interestAndDebtExpense": "None", "netIncomeFromContinuingOperations": "0", "comprehensiveIncomeNetOfTax": "None", "ebit": "506000000", "ebitda": "788000000", "netIncome": "203000000"}, {"fiscalDateEnding": "2011-03-31", "reportedCurrency": "USD", "grossProfit": "1937000000", "totalRevenue": "3576000000", "costOfRevenue": "1639000000", "costofGoodsAndServicesSold": "1639000000", "operatingIncome": "315000000", "sellingGeneralAndAdministrative": "1033000000", "researchAndDevelopment": "0", "operatingExpenses": "1622000000", "investmentIncomeNet": "None", "netInterestIncome": "None", "interestIncome": "None", "interestExpense": "213000000", "nonInterestIncome": "None", "otherNonOperatingIncome": "None", "depreciation": "None", "depreciationAndAmortization": "352000000", "incomeBeforeTax": "123000000", "incomeTaxExpense": "78000000", "interestAndDebtExpense": "None", "netIncomeFromContinuingOperations": "0", "comprehensiveIncomeNetOfTax": "None", "ebit": "262000000", "ebitda": "614000000", "netIncome": "52000000"}, {"fiscalDateEnding": "2010-12-31", "reportedCurrency": "USD", "grossProfit": "1819000000", "totalRevenue": "3217000000", "costOfRevenue": "1398000000", "costofGoodsAndServicesSold": "1398000000", "operatingIncome": "448000000", "sellingGeneralAndAdministrative": "0", "researchAndDevelopment": "0", "operatingExpenses": "1281000000", "investmentIncomeNet": "None", "netInterestIncome": "None", "interestIncome": "None", "interestExpense": "339000000", "nonInterestIncome": "None", "otherNonOperatingIncome": "None", "depreciation": "None", "depreciationAndAmortization": "-491000000", "incomeBeforeTax": "298000000", "incomeTaxExpense": "118000000", "interestAndDebtExpense": "None", "netIncomeFromContinuingOperations": "0", "comprehensiveIncomeNetOfTax": "None", "ebit": "760000000", "ebitda": "269000000", "netIncome": "185000000"}, {"fiscalDateEnding": "2010-09-30", "reportedCurrency": "USD", "grossProfit": "2009000000", "totalRevenue": "3728000000", "costOfRevenue": "1719000000", "costofGoodsAndServicesSold": "1719000000", "operatingIncome": "415000000", "sellingGeneralAndAdministrative": "738000000", "researchAndDevelopment": "0", "operatingExpenses": "1302000000", "investmentIncomeNet": "None", "netInterestIncome": "None", "interestIncome": "None", "interestExpense": "208000000", "nonInterestIncome": "None", "otherNonOperatingIncome": "None", "depreciation": "None", "depreciationAndAmortization": "405000000", "incomeBeforeTax": "294000000", "incomeTaxExpense": "119000000", "interestAndDebtExpense": "None", "netIncomeFromContinuingOperations": "0", "comprehensiveIncomeNetOfTax": "None", "ebit": "279000000", "ebitda": "684000000", "netIncome": "179000000"}, {"fiscalDateEnding": "2010-06-30", "reportedCurrency": "USD", "grossProfit": "1726000000", "totalRevenue": "3128000000", "costOfRevenue": "1402000000", "costofGoodsAndServicesSold": "1402000000", "operatingIncome": "526000000", "sellingGeneralAndAdministrative": "0", "researchAndDevelopment": "0", "operatingExpenses": "1200000000", "investmentIncomeNet": "None", "netInterestIncome": "None", "interestIncome": "None", "interestExpense": "167000000", "nonInterestIncome": "None", "otherNonOperatingIncome": "None", "depreciation": "None", "depreciationAndAmortization": "386000000", "incomeBeforeTax": "390000000", "incomeTaxExpense": "134000000", "interestAndDebtExpense": "None", "netIncomeFromContinuingOperations": "0", "comprehensiveIncomeNetOfTax": "None", "ebit": "401000000", "ebitda": "787000000", "netIncome": "265000000"}, {"fiscalDateEnding": "2010-03-31", "reportedCurrency": "USD", "grossProfit": "1727000000", "totalRevenue": "3299000000", "costOfRevenue": "1572000000", "costofGoodsAndServicesSold": "1572000000", "operatingIncome": "416000000", "sellingGeneralAndAdministrative": "0", "researchAndDevelopment": "0", "operatingExpenses": "1311000000", "investmentIncomeNet": "None", "netInterestIncome": "None", "interestIncome": "None", "interestExpense": "172000000", "nonInterestIncome": "None", "otherNonOperatingIncome": "None", "depreciation": "None", "depreciationAndAmortization": "405000000", "incomeBeforeTax": "260000000", "incomeTaxExpense": "111000000", "interestAndDebtExpense": "None", "netIncomeFromContinuingOperations": "0", "comprehensiveIncomeNetOfTax": "None", "ebit": "261000000", "ebitda": "666000000", "netIncome": "155000000"}, {"fiscalDateEnding": "2009-12-31", "reportedCurrency": "USD", "grossProfit": "1441000000", "totalRevenue": "2954000000", "costOfRevenue": "1513000000", "costofGoodsAndServicesSold": "1513000000", "operatingIncome": "243000000", "sellingGeneralAndAdministrative": "0", "researchAndDevelopment": "0", "operatingExpenses": "1198000000", "investmentIncomeNet": "None", "netInterestIncome": "None", "interestIncome": "None", "interestExpense": "189000000", "nonInterestIncome": "None", "otherNonOperatingIncome": "None", "depreciation": "None", "depreciationAndAmortization": "-809000000", "incomeBeforeTax": "51000000", "incomeTaxExpense": "-185000000", "interestAndDebtExpense": "None", "netIncomeFromContinuingOperations": "0", "comprehensiveIncomeNetOfTax": "None", "ebit": "332000000", "ebitda": "-477000000", "netIncome": "238000000"}, {"fiscalDateEnding": "2009-09-30", "reportedCurrency": "USD", "grossProfit": "1793000000", "totalRevenue": "3408000000", "costOfRevenue": "1615000000", "costofGoodsAndServicesSold": "1615000000", "operatingIncome": "487000000", "sellingGeneralAndAdministrative": "0", "researchAndDevelopment": "0", "operatingExpenses": "1306000000", "investmentIncomeNet": "None", "netInterestIncome": "None", "interestIncome": "None", "interestExpense": "320000000", "nonInterestIncome": "None", "otherNonOperatingIncome": "None", "depreciation": "None", "depreciationAndAmortization": "449000000", "incomeBeforeTax": "358000000", "incomeTaxExpense": "128000000", "interestAndDebtExpense": "None", "netIncomeFromContinuingOperations": "0", "comprehensiveIncomeNetOfTax": "None", "ebit": "718000000", "ebitda": "1167000000", "netIncome": "234000000"}, {"fiscalDateEnding": "2009-06-30", "reportedCurrency": "USD", "grossProfit": "1971000000", "totalRevenue": "3271000000", "costOfRevenue": "1300000000", "costofGoodsAndServicesSold": "1300000000", "operatingIncome": "802000000", "sellingGeneralAndAdministrative": "0", "researchAndDevelopment": "0", "operatingExpenses": "1169000000", "investmentIncomeNet": "None", "netInterestIncome": "None", "interestIncome": "None", "interestExpense": "173000000", "nonInterestIncome": "None", "otherNonOperatingIncome": "None", "depreciation": "None", "depreciationAndAmortization": "373000000", "incomeBeforeTax": "656000000", "incomeTaxExpense": "248000000", "interestAndDebtExpense": "None", "netIncomeFromContinuingOperations": "0", "comprehensiveIncomeNetOfTax": "None", "ebit": "897000000", "ebitda": "1270000000", "netIncome": "414000000"}, {"fiscalDateEnding": "2009-03-31", "reportedCurrency": "USD", "grossProfit": "1879000000", "totalRevenue": "3334000000", "costOfRevenue": "1455000000", "costofGoodsAndServicesSold": "1455000000", "operatingIncome": "346000000", "sellingGeneralAndAdministrative": "0", "researchAndDevelopment": "0", "operatingExpenses": "1533000000", "investmentIncomeNet": "None", "netInterestIncome": "None", "interestIncome": "None", "interestExpense": "166000000", "nonInterestIncome": "None", "otherNonOperatingIncome": "17000000", "depreciation": "None", "depreciationAndAmortization": "615000000", "incomeBeforeTax": "169000000", "incomeTaxExpense": "54000000", "interestAndDebtExpense": "None", "netIncomeFromContinuingOperations": "115000000", "comprehensiveIncomeNetOfTax": "None", "ebit": "335000000", "ebitda": "950000000", "netIncome": "119000000"}, {"fiscalDateEnding": "2008-12-31", "reportedCurrency": "USD", "grossProfit": "1946000000", "totalRevenue": "3201000000", "costOfRevenue": "1255000000", "costofGoodsAndServicesSold": "1255000000", "operatingIncome": "662000000", "sellingGeneralAndAdministrative": "0", "researchAndDevelopment": "0", "operatingExpenses": "1284000000", "investmentIncomeNet": "None", "netInterestIncome": "None", "interestIncome": "None", "interestExpense": "195000000", "nonInterestIncome": "None", "otherNonOperatingIncome": "None", "depreciation": "None", "depreciationAndAmortization": "353000000", "incomeBeforeTax": "524000000", "incomeTaxExpense": "192000000", "interestAndDebtExpense": "None", "netIncomeFromContinuingOperations": "0", "comprehensiveIncomeNetOfTax": "None", "ebit": "703000000", "ebitda": "1056000000", "netIncome": "332000000"}, {"fiscalDateEnding": "2008-09-30", "reportedCurrency": "USD", "grossProfit": "2242000000", "totalRevenue": "3904000000", "costOfRevenue": "1662000000", "costofGoodsAndServicesSold": "1662000000", "operatingIncome": "788000000", "sellingGeneralAndAdministrative": "0", "researchAndDevelopment": "0", "operatingExpenses": "1454000000", "investmentIncomeNet": "None", "netInterestIncome": "None", "interestIncome": "None", "interestExpense": "177000000", "nonInterestIncome": "None", "otherNonOperatingIncome": "None", "depreciation": "None", "depreciationAndAmortization": "490000000", "incomeBeforeTax": "709000000", "incomeTaxExpense": "238000000", "interestAndDebtExpense": "None", "netIncomeFromContinuingOperations": "0", "comprehensiveIncomeNetOfTax": "None", "ebit": "886000000", "ebitda": "1376000000", "netIncome": "471000000"}, {"fiscalDateEnding": "2008-06-30", "reportedCurrency": "USD", "grossProfit": "1859000000", "totalRevenue": "3245000000", "costOfRevenue": "1386000000", "costofGoodsAndServicesSold": "1386000000", "operatingIncome": "484000000", "sellingGeneralAndAdministrative": "0", "researchAndDevelopment": "0", "operatingExpenses": "1375000000", "investmentIncomeNet": "None", "netInterestIncome": "None", "interestIncome": "None", "interestExpense": "175000000", "nonInterestIncome": "None", "otherNonOperatingIncome": "None", "depreciation": "None", "depreciationAndAmortization": "439000000", "incomeBeforeTax": "423000000", "incomeTaxExpense": "160000000", "interestAndDebtExpense": "None", "netIncomeFromContinuingOperations": "0", "comprehensiveIncomeNetOfTax": "None", "ebit": "598000000", "ebitda": "1037000000", "netIncome": "263000000"}, {"fiscalDateEnding": "2008-03-31", "reportedCurrency": "USD", "grossProfit": "1949000000", "totalRevenue": "3277000000", "costOfRevenue": "1328000000", "costofGoodsAndServicesSold": "1328000000", "operatingIncome": "512000000", "sellingGeneralAndAdministrative": "0", "researchAndDevelopment": "0", "operatingExpenses": "1437000000", "investmentIncomeNet": "None", "netInterestIncome": "None", "interestIncome": "None", "interestExpense": "179000000", "nonInterestIncome": "None", "otherNonOperatingIncome": "None", "depreciation": "None", "depreciationAndAmortization": "448000000", "incomeBeforeTax": "463000000", "incomeTaxExpense": "187000000", "interestAndDebtExpense": "None", "netIncomeFromContinuingOperations": "0", "comprehensiveIncomeNetOfTax": "None", "ebit": "643000000", "ebitda": "1091000000", "netIncome": "276000000"}, {"fiscalDateEnding": "2007-12-31", "reportedCurrency": "USD", "grossProfit": "1866000000", "totalRevenue": "3079000000", "costOfRevenue": "1213000000", "costofGoodsAndServicesSold": "1213000000", "operatingIncome": "475000000", "sellingGeneralAndAdministrative": "0", "researchAndDevelopment": "0", "operatingExpenses": "1391000000", "investmentIncomeNet": "None", "netInterestIncome": "None", "interestIncome": "None", "interestExpense": "182000000", "nonInterestIncome": "None", "otherNonOperatingIncome": "None", "depreciation": "None", "depreciationAndAmortization": "421000000", "incomeBeforeTax": "456000000", "incomeTaxExpense": "188000000", "interestAndDebtExpense": "None", "netIncomeFromContinuingOperations": "0", "comprehensiveIncomeNetOfTax": "None", "ebit": "475000000", "ebitda": "896000000", "netIncome": "268000000"}, {"fiscalDateEnding": "2007-09-30", "reportedCurrency": "USD", "grossProfit": "2146000000", "totalRevenue": "3641000000", "costOfRevenue": "1495000000", "costofGoodsAndServicesSold": "1495000000", "operatingIncome": "743000000", "sellingGeneralAndAdministrative": "0", "researchAndDevelopment": "0", "operatingExpenses": "1403000000", "investmentIncomeNet": "None", "netInterestIncome": "None", "interestIncome": "None", "interestExpense": "203000000", "nonInterestIncome": "None", "otherNonOperatingIncome": "None", "depreciation": "None", "depreciationAndAmortization": "475000000", "incomeBeforeTax": "686000000", "incomeTaxExpense": "273000000", "interestAndDebtExpense": "None", "netIncomeFromContinuingOperations": "0", "comprehensiveIncomeNetOfTax": "None", "ebit": "743000000", "ebitda": "1218000000", "netIncome": "413000000"}, {"fiscalDateEnding": "2007-06-30", "reportedCurrency": "USD", "grossProfit": "1924000000", "totalRevenue": "3109000000", "costOfRevenue": "1185000000", "costofGoodsAndServicesSold": "1185000000", "operatingIncome": "580000000", "sellingGeneralAndAdministrative": "0", "researchAndDevelopment": "0", "operatingExpenses": "1344000000", "investmentIncomeNet": "None", "netInterestIncome": "None", "interestIncome": "None", "interestExpense": "205000000", "nonInterestIncome": "None", "otherNonOperatingIncome": "None", "depreciation": "None", "depreciationAndAmortization": "706000000", "incomeBeforeTax": "560000000", "incomeTaxExpense": "222000000", "interestAndDebtExpense": "None", "netIncomeFromContinuingOperations": "0", "comprehensiveIncomeNetOfTax": "None", "ebit": "303000000", "ebitda": "1009000000", "netIncome": "338000000"}, {"fiscalDateEnding": "2007-03-31", "reportedCurrency": "USD", "grossProfit": "1852000000", "totalRevenue": "2973000000", "costOfRevenue": "1121000000", "costofGoodsAndServicesSold": "1121000000", "operatingIncome": "744000000", "sellingGeneralAndAdministrative": "0", "researchAndDevelopment": "0", "operatingExpenses": "1108000000", "investmentIncomeNet": "None", "netInterestIncome": "None", "interestIncome": "None", "interestExpense": "185000000", "nonInterestIncome": "None", "otherNonOperatingIncome": "None", "depreciation": "None", "depreciationAndAmortization": "156000000", "incomeBeforeTax": "490000000", "incomeTaxExpense": "200000000", "interestAndDebtExpense": "None", "netIncomeFromContinuingOperations": "0", "comprehensiveIncomeNetOfTax": "None", "ebit": "1021000000", "ebitda": "1177000000", "netIncome": "290000000"}, {"fiscalDateEnding": "2006-12-31", "reportedCurrency": "USD", "grossProfit": "1523000000", "totalRevenue": "2470000000", "costOfRevenue": "947000000", "costofGoodsAndServicesSold": "947000000", "operatingIncome": "490000000", "sellingGeneralAndAdministrative": "0", "researchAndDevelopment": "0", "operatingExpenses": "1033000000", "investmentIncomeNet": "None", "netInterestIncome": "None", "interestIncome": "None", "interestExpense": "528000000", "nonInterestIncome": "None", "otherNonOperatingIncome": "None", "depreciation": "None", "depreciationAndAmortization": "370000000", "incomeBeforeTax": "451000000", "incomeTaxExpense": "172000000", "interestAndDebtExpense": "None", "netIncomeFromContinuingOperations": "0", "comprehensiveIncomeNetOfTax": "None", "ebit": "490000000", "ebitda": "860000000", "netIncome": "275000000"}, {"fiscalDateEnding": "2006-09-30", "reportedCurrency": "USD", "grossProfit": "2084000000", "totalRevenue": "3401000000", "costOfRevenue": "1317000000", "costofGoodsAndServicesSold": "1317000000", "operatingIncome": "707000000", "sellingGeneralAndAdministrative": "0", "researchAndDevelopment": "0", "operatingExpenses": "1377000000", "investmentIncomeNet": "None", "netInterestIncome": "None", "interestIncome": "None", "interestExpense": "185000000", "nonInterestIncome": "None", "otherNonOperatingIncome": "None", "depreciation": "None", "depreciationAndAmortization": "434000000", "incomeBeforeTax": "726000000", "incomeTaxExpense": "272000000", "interestAndDebtExpense": "None", "netIncomeFromContinuingOperations": "0", "comprehensiveIncomeNetOfTax": "None", "ebit": "736000000", "ebitda": "1170000000", "netIncome": "456000000"}, {"fiscalDateEnding": "2006-06-30", "reportedCurrency": "USD", "grossProfit": "1794000000", "totalRevenue": "2786000000", "costOfRevenue": "992000000", "costofGoodsAndServicesSold": "992000000", "operatingIncome": "518000000", "sellingGeneralAndAdministrative": "0", "researchAndDevelopment": "0", "operatingExpenses": "1276000000", "investmentIncomeNet": "None", "netInterestIncome": "None", "interestIncome": "None", "interestExpense": "178000000", "nonInterestIncome": "None", "otherNonOperatingIncome": "None", "depreciation": "None", "depreciationAndAmortization": "353000000", "incomeBeforeTax": "521000000", "incomeTaxExpense": "217000000", "interestAndDebtExpense": "None", "netIncomeFromContinuingOperations": "0", "comprehensiveIncomeNetOfTax": "None", "ebit": "736000000", "ebitda": "1089000000", "netIncome": "304000000"}, {"fiscalDateEnding": "2006-03-31", "reportedCurrency": "USD", "grossProfit": "1869000000", "totalRevenue": "2845000000", "costOfRevenue": "976000000", "costofGoodsAndServicesSold": "976000000", "operatingIncome": "413000000", "sellingGeneralAndAdministrative": "0", "researchAndDevelopment": "0", "operatingExpenses": "1456000000", "investmentIncomeNet": "None", "netInterestIncome": "None", "interestIncome": "None", "interestExpense": "165000000", "nonInterestIncome": "None", "otherNonOperatingIncome": "None", "depreciation": "None", "depreciationAndAmortization": "390000000", "incomeBeforeTax": "355000000", "incomeTaxExpense": "134000000", "interestAndDebtExpense": "None", "netIncomeFromContinuingOperations": "0", "comprehensiveIncomeNetOfTax": "None", "ebit": "370000000", "ebitda": "760000000", "netIncome": "221000000"}, {"fiscalDateEnding": "2005-12-31", "reportedCurrency": "USD", "grossProfit": "1816000000", "totalRevenue": "2712000000", "costOfRevenue": "896000000", "costofGoodsAndServicesSold": "896000000", "operatingIncome": "629000000", "sellingGeneralAndAdministrative": "0", "researchAndDevelopment": "0", "operatingExpenses": "1187000000", "investmentIncomeNet": "None", "netInterestIncome": "None", "interestIncome": "None", "interestExpense": "172000000", "nonInterestIncome": "None", "otherNonOperatingIncome": "None", "depreciation": "None", "depreciationAndAmortization": "495000000", "incomeBeforeTax": "376000000", "incomeTaxExpense": "155000000", "interestAndDebtExpense": "None", "netIncomeFromContinuingOperations": "0", "comprehensiveIncomeNetOfTax": "None", "ebit": "629000000", "ebitda": "1124000000", "netIncome": "191000000"}, {"fiscalDateEnding": "2005-09-30", "reportedCurrency": "USD", "grossProfit": "2300000000", "totalRevenue": "3587000000", "costOfRevenue": "1287000000", "costofGoodsAndServicesSold": "1287000000", "operatingIncome": "603000000", "sellingGeneralAndAdministrative": "0", "researchAndDevelopment": "0", "operatingExpenses": "1697000000", "investmentIncomeNet": "None", "netInterestIncome": "None", "interestIncome": "None", "interestExpense": "162104000000", "nonInterestIncome": "None", "otherNonOperatingIncome": "None", "depreciation": "None", "depreciationAndAmortization": "534000000", "incomeBeforeTax": "569000000", "incomeTaxExpense": "237000000", "interestAndDebtExpense": "None", "netIncomeFromContinuingOperations": "0", "comprehensiveIncomeNetOfTax": "None", "ebit": "603000000", "ebitda": "1137000000", "netIncome": "329000000"}, {"fiscalDateEnding": "2005-06-30", "reportedCurrency": "USD", "grossProfit": "1996000000", "totalRevenue": "2929000000", "costOfRevenue": "933000000", "costofGoodsAndServicesSold": "933000000", "operatingIncome": "459000000", "sellingGeneralAndAdministrative": "0", "researchAndDevelopment": "0", "operatingExpenses": "1537000000", "investmentIncomeNet": "None", "netInterestIncome": "None", "interestIncome": "None", "interestExpense": "161714000000", "nonInterestIncome": "None", "otherNonOperatingIncome": "None", "depreciation": "None", "depreciationAndAmortization": "464000000", "incomeBeforeTax": "420000000", "incomeTaxExpense": "241000000", "interestAndDebtExpense": "None", "netIncomeFromContinuingOperations": "0", "comprehensiveIncomeNetOfTax": "None", "ebit": "408000000", "ebitda": "872000000", "netIncome": "178000000"}, {"fiscalDateEnding": "2005-03-31", "reportedCurrency": "USD", "grossProfit": "1918000000", "totalRevenue": "2813000000", "costOfRevenue": "895000000", "costofGoodsAndServicesSold": "895000000", "operatingIncome": "434000000", "sellingGeneralAndAdministrative": "0", "researchAndDevelopment": "0", "operatingExpenses": "1484000000", "investmentIncomeNet": "None", "netInterestIncome": "None", "interestIncome": "None", "interestExpense": "164657000000", "nonInterestIncome": "None", "otherNonOperatingIncome": "None", "depreciation": "None", "depreciationAndAmortization": "467000000", "incomeBeforeTax": "262000000", "incomeTaxExpense": "121000000", "interestAndDebtExpense": "None", "netIncomeFromContinuingOperations": "0", "comprehensiveIncomeNetOfTax": "None", "ebit": "434000000", "ebitda": "901000000", "netIncome": "160000000"}, {"fiscalDateEnding": "2004-12-31", "reportedCurrency": "USD", "grossProfit": "1983477000", "totalRevenue": "2584334000", "costOfRevenue": "600857000", "costofGoodsAndServicesSold": "600857000", "operatingIncome": "521511000", "sellingGeneralAndAdministrative": "0", "researchAndDevelopment": "0", "operatingExpenses": "1461966000", "investmentIncomeNet": "None", "netInterestIncome": "None", "interestIncome": "None", "interestExpense": "166604000", "nonInterestIncome": "None", "otherNonOperatingIncome": "None", "depreciation": "None", "depreciationAndAmortization": "620250000", "incomeBeforeTax": "358697000", "incomeTaxExpense": "161363000", "interestAndDebtExpense": "None", "netIncomeFromContinuingOperations": "0", "comprehensiveIncomeNetOfTax": "None", "ebit": "521511000", "ebitda": "1141761000", "netIncome": "201334000"}]}