{"symbol": "CBRE", "annualReports": [{"fiscalDateEnding": "2024-12-31", "reportedCurrency": "USD", "grossProfit": "6956000000", "totalRevenue": "35767000000", "costOfRevenue": "28811000000", "costofGoodsAndServicesSold": "28811000000", "operatingIncome": "1413000000", "sellingGeneralAndAdministrative": "5011000000", "researchAndDevelopment": "None", "operatingExpenses": "5543000000", "investmentIncomeNet": "None", "netInterestIncome": "-215000000", "interestIncome": "None", "interestExpense": "215000000", "nonInterestIncome": "None", "otherNonOperatingIncome": "None", "depreciation": "None", "depreciationAndAmortization": "674000000", "incomeBeforeTax": "1218000000", "incomeTaxExpense": "182000000", "interestAndDebtExpense": "None", "netIncomeFromContinuingOperations": "1036000000", "comprehensiveIncomeNetOfTax": "None", "ebit": "1271000000", "ebitda": "1945000000", "netIncome": "968000000"}, {"fiscalDateEnding": "2023-12-31", "reportedCurrency": "USD", "grossProfit": "6274000000", "totalRevenue": "31949000000", "costOfRevenue": "25675000000", "costofGoodsAndServicesSold": "25675000000", "operatingIncome": "1117000000", "sellingGeneralAndAdministrative": "4354600000", "researchAndDevelopment": "0.04", "operatingExpenses": "5157000000", "investmentIncomeNet": "None", "netInterestIncome": "-127301000", "interestIncome": "None", "interestExpense": "149000000", "nonInterestIncome": "None", "otherNonOperatingIncome": "None", "depreciation": "None", "depreciationAndAmortization": "622000000", "incomeBeforeTax": "1277000000", "incomeTaxExpense": "250000000", "interestAndDebtExpense": "None", "netIncomeFromContinuingOperations": "618264000", "comprehensiveIncomeNetOfTax": "None", "ebit": "1115200000", "ebitda": "1737200000", "netIncome": "986000000"}, {"fiscalDateEnding": "2022-12-31", "reportedCurrency": "USD", "grossProfit": "6588758000", "totalRevenue": "30828246000", "costOfRevenue": "24239488000", "costofGoodsAndServicesSold": "24239488000", "operatingIncome": "1511915000", "sellingGeneralAndAdministrative": "4649460000", "researchAndDevelopment": "0.05", "operatingExpenses": "5262548000", "investmentIncomeNet": "None", "netInterestIncome": "-68999000", "interestIncome": "None", "interestExpense": "68999000", "nonInterestIncome": "None", "otherNonOperatingIncome": "None", "depreciation": "None", "depreciationAndAmortization": "29528436000", "incomeBeforeTax": "1658190000", "incomeTaxExpense": "234230000", "interestAndDebtExpense": "None", "netIncomeFromContinuingOperations": "1423960000", "comprehensiveIncomeNetOfTax": "None", "ebit": "-27588436000", "ebitda": "1940000000", "netIncome": "1407000000"}, {"fiscalDateEnding": "2021-12-31", "reportedCurrency": "USD", "grossProfit": "6166529000", "totalRevenue": "27746036000", "costOfRevenue": "21579507000", "costofGoodsAndServicesSold": "21579507000", "operatingIncome": "2388780000", "sellingGeneralAndAdministrative": "4074184000", "researchAndDevelopment": "0.09", "operatingExpenses": "4600055000", "investmentIncomeNet": "None", "netInterestIncome": "-50352000", "interestIncome": "None", "interestExpense": "50352000", "nonInterestIncome": "None", "otherNonOperatingIncome": "822306000", "depreciation": "None", "depreciationAndAmortization": "26179562000", "incomeBeforeTax": "2409421000", "incomeTaxExpense": "567506000", "interestAndDebtExpense": "None", "netIncomeFromContinuingOperations": "1841915000", "comprehensiveIncomeNetOfTax": "None", "ebit": "-23264911000", "ebitda": "2914651000", "netIncome": "1837000000"}, {"fiscalDateEnding": "2020-12-31", "reportedCurrency": "USD", "grossProfit": "4778575000", "totalRevenue": "23826195000", "costOfRevenue": "19047620000", "costofGoodsAndServicesSold": "19047620000", "operatingIncome": "969759000", "sellingGeneralAndAdministrative": "3306205000", "researchAndDevelopment": "0.04", "operatingExpenses": "3807933000", "investmentIncomeNet": "None", "netInterestIncome": "-67753000", "interestIncome": "None", "interestExpense": "67753000", "nonInterestIncome": "None", "otherNonOperatingIncome": "67963000", "depreciation": "None", "depreciationAndAmortization": "22817953000", "incomeBeforeTax": "969969000", "incomeTaxExpense": "214101000", "interestAndDebtExpense": "None", "netIncomeFromContinuingOperations": "755868000", "comprehensiveIncomeNetOfTax": "None", "ebit": "-21345583000", "ebitda": "1472370000", "netIncome": "751989000"}, {"fiscalDateEnding": "2019-12-31", "reportedCurrency": "USD", "grossProfit": "5205078000", "totalRevenue": "23894091000", "costOfRevenue": "18689013000", "costofGoodsAndServicesSold": "18689013000", "operatingIncome": "1259875000", "sellingGeneralAndAdministrative": "3436009000", "researchAndDevelopment": "0.06", "operatingExpenses": "3875233000", "investmentIncomeNet": "None", "netInterestIncome": "-85754000", "interestIncome": "75171000", "interestExpense": "85754000", "nonInterestIncome": "None", "otherNonOperatingIncome": "187224000", "depreciation": "None", "depreciationAndAmortization": "22565446000", "incomeBeforeTax": "1361345000", "incomeTaxExpense": "69895000", "interestAndDebtExpense": "None", "netIncomeFromContinuingOperations": "1291450000", "comprehensiveIncomeNetOfTax": "None", "ebit": "-20796377000", "ebitda": "1769069000", "netIncome": "1282357000"}, {"fiscalDateEnding": "2018-12-31", "reportedCurrency": "USD", "grossProfit": "4890876000", "totalRevenue": "21340088000", "costOfRevenue": "16449212000", "costofGoodsAndServicesSold": "16449212000", "operatingIncome": "1087989000", "sellingGeneralAndAdministrative": "3365773000", "researchAndDevelopment": "0.06", "operatingExpenses": "3817761000", "investmentIncomeNet": "None", "netInterestIncome": "-98685000", "interestIncome": "8585000", "interestExpense": "107270000", "nonInterestIncome": "None", "otherNonOperatingIncome": "398287000", "depreciation": "None", "depreciationAndAmortization": "20269673000", "incomeBeforeTax": "1379006000", "incomeTaxExpense": "313058000", "interestAndDebtExpense": "None", "netIncomeFromContinuingOperations": "1065948000", "comprehensiveIncomeNetOfTax": "None", "ebit": "-18735446000", "ebitda": "1534227000", "netIncome": "1063219000"}, {"fiscalDateEnding": "2017-12-31", "reportedCurrency": "USD", "grossProfit": "4316382000", "totalRevenue": "14209608000", "costOfRevenue": "9893226000", "costofGoodsAndServicesSold": "9893226000", "operatingIncome": "1071442000", "sellingGeneralAndAdministrative": "2858654000", "researchAndDevelopment": "0.06", "operatingExpenses": "3264768000", "investmentIncomeNet": "None", "netInterestIncome": "-126961000", "interestIncome": "9853000", "interestExpense": "136814000", "nonInterestIncome": "None", "otherNonOperatingIncome": "229465000", "depreciation": "None", "depreciationAndAmortization": "17577333000", "incomeBeforeTax": "1164093000", "incomeTaxExpense": "466147000", "interestAndDebtExpense": "None", "netIncomeFromContinuingOperations": "697946000", "comprehensiveIncomeNetOfTax": "None", "ebit": "-16085014000", "ebitda": "1492319000", "netIncome": "691479000"}, {"fiscalDateEnding": "2016-12-31", "reportedCurrency": "USD", "grossProfit": "3947862000", "totalRevenue": "13071589000", "costOfRevenue": "9123727000", "costofGoodsAndServicesSold": "9123727000", "operatingIncome": "815487000", "sellingGeneralAndAdministrative": "2781310000", "researchAndDevelopment": "0.07", "operatingExpenses": "3155916000", "investmentIncomeNet": "None", "netInterestIncome": "-136800000", "interestIncome": "8051000", "interestExpense": "144851000", "nonInterestIncome": "None", "otherNonOperatingIncome": "210090000", "depreciation": "None", "depreciationAndAmortization": "12282664000", "incomeBeforeTax": "880726000", "incomeTaxExpense": "296662000", "interestAndDebtExpense": "None", "netIncomeFromContinuingOperations": "584064000", "comprehensiveIncomeNetOfTax": "None", "ebit": "-10910525000", "ebitda": "1372139000", "netIncome": "571973000"}, {"fiscalDateEnding": "2015-12-31", "reportedCurrency": "USD", "grossProfit": "3772878000", "totalRevenue": "10855810000", "costOfRevenue": "7082932000", "costofGoodsAndServicesSold": "7082932000", "operatingIncome": "835944000", "sellingGeneralAndAdministrative": "2633609000", "researchAndDevelopment": "0", "operatingExpenses": "2947705000", "investmentIncomeNet": "None", "netInterestIncome": "None", "interestIncome": "50280000", "interestExpense": "118880000", "nonInterestIncome": "None", "otherNonOperatingIncome": "162666000", "depreciation": "None", "depreciationAndAmortization": "314096000", "incomeBeforeTax": "879730000", "incomeTaxExpense": "320853000", "interestAndDebtExpense": "None", "netIncomeFromContinuingOperations": "558877000", "comprehensiveIncomeNetOfTax": "None", "ebit": "998610000", "ebitda": "1312706000", "netIncome": "547132000"}, {"fiscalDateEnding": "2014-12-31", "reportedCurrency": "USD", "grossProfit": "3438656000", "totalRevenue": "9049918000", "costOfRevenue": "5611262000", "costofGoodsAndServicesSold": "5611262000", "operatingIncome": "792254000", "sellingGeneralAndAdministrative": "2438960000", "researchAndDevelopment": "0", "operatingExpenses": "2704061000", "investmentIncomeNet": "None", "netInterestIncome": "None", "interestIncome": "None", "interestExpense": "112035000", "nonInterestIncome": "None", "otherNonOperatingIncome": "120130000", "depreciation": "None", "depreciationAndAmortization": "265101000", "incomeBeforeTax": "777262000", "incomeTaxExpense": "263759000", "interestAndDebtExpense": "None", "netIncomeFromContinuingOperations": "513503000", "comprehensiveIncomeNetOfTax": "None", "ebit": "889297000", "ebitda": "1154398000", "netIncome": "484503000"}, {"fiscalDateEnding": "2013-12-31", "reportedCurrency": "USD", "grossProfit": "2995405000", "totalRevenue": "7184794000", "costOfRevenue": "4189389000", "costofGoodsAndServicesSold": "4189389000", "operatingIncome": "616128000", "sellingGeneralAndAdministrative": "2104310000", "researchAndDevelopment": "0", "operatingExpenses": "2294700000", "investmentIncomeNet": "None", "netInterestIncome": "None", "interestIncome": "None", "interestExpense": "135082000", "nonInterestIncome": "None", "otherNonOperatingIncome": "84234000", "depreciation": "None", "depreciationAndAmortization": "190390000", "incomeBeforeTax": "508985000", "incomeTaxExpense": "187187000", "interestAndDebtExpense": "None", "netIncomeFromContinuingOperations": "321798000", "comprehensiveIncomeNetOfTax": "None", "ebit": "784939000", "ebitda": "975329000", "netIncome": "316538000"}, {"fiscalDateEnding": "2012-12-31", "reportedCurrency": "USD", "grossProfit": "2771585000", "totalRevenue": "6514099000", "costOfRevenue": "3742514000", "costofGoodsAndServicesSold": "3742514000", "operatingIncome": "585081000", "sellingGeneralAndAdministrative": "2002914000", "researchAndDevelopment": "0", "operatingExpenses": "2172559000", "investmentIncomeNet": "None", "netInterestIncome": "None", "interestIncome": "None", "interestExpense": "175068000", "nonInterestIncome": "None", "otherNonOperatingIncome": "79465000", "depreciation": "None", "depreciationAndAmortization": "169645000", "incomeBeforeTax": "489478000", "incomeTaxExpense": "185322000", "interestAndDebtExpense": "None", "netIncomeFromContinuingOperations": "304156000", "comprehensiveIncomeNetOfTax": "None", "ebit": "664546000", "ebitda": "834191000", "netIncome": "315555000"}, {"fiscalDateEnding": "2011-12-31", "reportedCurrency": "USD", "grossProfit": "2448281000", "totalRevenue": "5905411000", "costOfRevenue": "3457130000", "costofGoodsAndServicesSold": "3457130000", "operatingIncome": "462862000", "sellingGeneralAndAdministrative": "1882666000", "researchAndDevelopment": "0", "operatingExpenses": "1998385000", "investmentIncomeNet": "None", "netInterestIncome": "None", "interestIncome": "None", "interestExpense": "150249000", "nonInterestIncome": "None", "otherNonOperatingIncome": "111513000", "depreciation": "None", "depreciationAndAmortization": "115719000", "incomeBeforeTax": "429538000", "incomeTaxExpense": "189103000", "interestAndDebtExpense": "None", "netIncomeFromContinuingOperations": "240435000", "comprehensiveIncomeNetOfTax": "None", "ebit": "579787000", "ebitda": "695506000", "netIncome": "239162000"}, {"fiscalDateEnding": "2010-12-31", "reportedCurrency": "USD", "grossProfit": "2155146000", "totalRevenue": "5115316000", "costOfRevenue": "2960170000", "costofGoodsAndServicesSold": "2960170000", "operatingIncome": "446379000", "sellingGeneralAndAdministrative": "1607682000", "researchAndDevelopment": "0", "operatingExpenses": "1716063000", "investmentIncomeNet": "None", "netInterestIncome": "None", "interestIncome": "None", "interestExpense": "191151000", "nonInterestIncome": "None", "otherNonOperatingIncome": "34977000", "depreciation": "None", "depreciationAndAmortization": "108381000", "incomeBeforeTax": "272057000", "incomeTaxExpense": "130368000", "interestAndDebtExpense": "None", "netIncomeFromContinuingOperations": "141689000", "comprehensiveIncomeNetOfTax": "None", "ebit": "463208000", "ebitda": "571589000", "netIncome": "200345000"}, {"fiscalDateEnding": "2009-12-31", "reportedCurrency": "USD", "grossProfit": "1717935000", "totalRevenue": "4165820000", "costOfRevenue": "2447885000", "costofGoodsAndServicesSold": "2447885000", "operatingIncome": "241842000", "sellingGeneralAndAdministrative": "1383579000", "researchAndDevelopment": "None", "operatingExpenses": "1483052000", "investmentIncomeNet": "None", "netInterestIncome": "None", "interestIncome": "None", "interestExpense": "189146000", "nonInterestIncome": "None", "otherNonOperatingIncome": "None", "depreciation": "None", "depreciationAndAmortization": "99473000", "incomeBeforeTax": "-645000", "incomeTaxExpense": "26993000", "interestAndDebtExpense": "None", "netIncomeFromContinuingOperations": "None", "comprehensiveIncomeNetOfTax": "None", "ebit": "188501000", "ebitda": "287974000", "netIncome": "33341000"}, {"fiscalDateEnding": "2008-12-31", "reportedCurrency": "USD", "grossProfit": "2202096000", "totalRevenue": "5128817000", "costOfRevenue": "2926721000", "costofGoodsAndServicesSold": "2926721000", "operatingIncome": "-788469000", "sellingGeneralAndAdministrative": "1747082000", "researchAndDevelopment": "None", "operatingExpenses": "2990565000", "investmentIncomeNet": "None", "netInterestIncome": "None", "interestIncome": "None", "interestExpense": "183012000", "nonInterestIncome": "None", "otherNonOperatingIncome": "None", "depreciation": "None", "depreciationAndAmortization": "114571000", "incomeBeforeTax": "-971481000", "incomeTaxExpense": "50810000", "interestAndDebtExpense": "None", "netIncomeFromContinuingOperations": "None", "comprehensiveIncomeNetOfTax": "None", "ebit": "-1027208000", "ebitda": "-912637000", "netIncome": "-1012066000"}, {"fiscalDateEnding": "2007-12-31", "reportedCurrency": "USD", "grossProfit": "2833531000", "totalRevenue": "6034249000", "costOfRevenue": "3200718000", "costofGoodsAndServicesSold": "3200718000", "operatingIncome": "698971000", "sellingGeneralAndAdministrative": "1988658000", "researchAndDevelopment": "None", "operatingExpenses": "2077628000", "investmentIncomeNet": "None", "netInterestIncome": "None", "interestIncome": "None", "interestExpense": "115823000", "nonInterestIncome": "None", "otherNonOperatingIncome": "None", "depreciation": "None", "depreciationAndAmortization": "121652000", "incomeBeforeTax": "580514000", "incomeTaxExpense": "192643000", "interestAndDebtExpense": "None", "netIncomeFromContinuingOperations": "None", "comprehensiveIncomeNetOfTax": "None", "ebit": "755903000", "ebitda": "877555000", "netIncome": "390505000"}, {"fiscalDateEnding": "2006-12-31", "reportedCurrency": "USD", "grossProfit": "1921515000", "totalRevenue": "4032027000", "costOfRevenue": "2110512000", "costofGoodsAndServicesSold": "2110512000", "operatingIncome": "550139000", "sellingGeneralAndAdministrative": "1303781000", "researchAndDevelopment": "None", "operatingExpenses": "1371376000", "investmentIncomeNet": "None", "netInterestIncome": "None", "interestIncome": "None", "interestExpense": "45007000", "nonInterestIncome": "None", "otherNonOperatingIncome": "None", "depreciation": "None", "depreciationAndAmortization": "87690000", "incomeBeforeTax": "516897000", "incomeTaxExpense": "198326000", "interestAndDebtExpense": "None", "netIncomeFromContinuingOperations": "None", "comprehensiveIncomeNetOfTax": "None", "ebit": "550139000", "ebitda": "637829000", "netIncome": "318571000"}, {"fiscalDateEnding": "2005-12-31", "reportedCurrency": "USD", "grossProfit": "1440554000", "totalRevenue": "2910641000", "costOfRevenue": "1470087000", "costofGoodsAndServicesSold": "1470087000", "operatingIncome": "372406000", "sellingGeneralAndAdministrative": "1022632000", "researchAndDevelopment": "None", "operatingExpenses": "1068148000", "investmentIncomeNet": "None", "netInterestIncome": "None", "interestIncome": "None", "interestExpense": "54327000", "nonInterestIncome": "None", "otherNonOperatingIncome": "None", "depreciation": "None", "depreciationAndAmortization": "52119000", "incomeBeforeTax": "356222000", "incomeTaxExpense": "138881000", "interestAndDebtExpense": "None", "netIncomeFromContinuingOperations": "None", "comprehensiveIncomeNetOfTax": "None", "ebit": "372406000", "ebitda": "424525000", "netIncome": "217341000"}], "quarterlyReports": [{"fiscalDateEnding": "2024-12-31", "reportedCurrency": "USD", "grossProfit": "6134000000", "totalRevenue": "10404000000", "costOfRevenue": "4270000000", "costofGoodsAndServicesSold": "4270000000", "operatingIncome": "594000000", "sellingGeneralAndAdministrative": "1473000000", "researchAndDevelopment": "None", "operatingExpenses": "5670000000", "investmentIncomeNet": "None", "netInterestIncome": "-52000000", "interestIncome": "None", "interestExpense": "53000000", "nonInterestIncome": "None", "otherNonOperatingIncome": "None", "depreciation": "None", "depreciationAndAmortization": "177000000", "incomeBeforeTax": "613000000", "incomeTaxExpense": "112000000", "interestAndDebtExpense": "None", "netIncomeFromContinuingOperations": "501000000", "comprehensiveIncomeNetOfTax": "None", "ebit": "464000000", "ebitda": "641000000", "netIncome": "487000000"}, {"fiscalDateEnding": "2024-09-30", "reportedCurrency": "USD", "grossProfit": "1784000000", "totalRevenue": "9036000000", "costOfRevenue": "7252000000", "costofGoodsAndServicesSold": "7252000000", "operatingIncome": "368000000", "sellingGeneralAndAdministrative": "1237000000", "researchAndDevelopment": "None", "operatingExpenses": "1415000000", "investmentIncomeNet": "None", "netInterestIncome": "-64000000", "interestIncome": "None", "interestExpense": "64000000", "nonInterestIncome": "None", "otherNonOperatingIncome": "None", "depreciation": "None", "depreciationAndAmortization": "178000000", "incomeBeforeTax": "312000000", "incomeTaxExpense": "67000000", "interestAndDebtExpense": "None", "netIncomeFromContinuingOperations": "245000000", "comprehensiveIncomeNetOfTax": "None", "ebit": "369000000", "ebitda": "547000000", "netIncome": "225000000"}, {"fiscalDateEnding": "2024-06-30", "reportedCurrency": "USD", "grossProfit": "1437000000", "totalRevenue": "8391000000", "costOfRevenue": "6954000000", "costofGoodsAndServicesSold": "6954000000", "operatingIncome": "246000000", "sellingGeneralAndAdministrative": "1191000000", "researchAndDevelopment": "None", "operatingExpenses": "1352000000", "investmentIncomeNet": "None", "netInterestIncome": "-63000000", "interestIncome": "None", "interestExpense": "63000000", "nonInterestIncome": "None", "otherNonOperatingIncome": "None", "depreciation": "None", "depreciationAndAmortization": "161000000", "incomeBeforeTax": "174000000", "incomeTaxExpense": "32000000", "interestAndDebtExpense": "None", "netIncomeFromContinuingOperations": "142000000", "comprehensiveIncomeNetOfTax": "None", "ebit": "246000000", "ebitda": "407000000", "netIncome": "130000000"}, {"fiscalDateEnding": "2024-03-31", "reportedCurrency": "USD", "grossProfit": "1302000000", "totalRevenue": "7935000000", "costOfRevenue": "6633000000", "costofGoodsAndServicesSold": "6633000000", "operatingIncome": "191000000", "sellingGeneralAndAdministrative": "1111000000", "researchAndDevelopment": "None", "operatingExpenses": "1111000000", "investmentIncomeNet": "None", "netInterestIncome": "-36000000", "interestIncome": "None", "interestExpense": "36000000", "nonInterestIncome": "None", "otherNonOperatingIncome": "None", "depreciation": "None", "depreciationAndAmortization": "158000000", "incomeBeforeTax": "119000000", "incomeTaxExpense": "-28900000", "interestAndDebtExpense": "None", "netIncomeFromContinuingOperations": "148000000", "comprehensiveIncomeNetOfTax": "None", "ebit": "191000000", "ebitda": "349000000", "netIncome": "126000000"}, {"fiscalDateEnding": "2023-12-31", "reportedCurrency": "USD", "grossProfit": "1700746000", "totalRevenue": "8949975000", "costOfRevenue": "7249229000", "costofGoodsAndServicesSold": "7249229000", "operatingIncome": "494504000", "sellingGeneralAndAdministrative": "1206000000", "researchAndDevelopment": "None", "operatingExpenses": "1206242000", "investmentIncomeNet": "None", "netInterestIncome": "-39397000", "interestIncome": "None", "interestExpense": "39397000", "nonInterestIncome": "None", "otherNonOperatingIncome": "None", "depreciation": "None", "depreciationAndAmortization": "182162000", "incomeBeforeTax": "630838000", "incomeTaxExpense": "136009000", "interestAndDebtExpense": "None", "netIncomeFromContinuingOperations": "494829000", "comprehensiveIncomeNetOfTax": "None", "ebit": "494504000", "ebitda": "676666000", "netIncome": "477151000"}, {"fiscalDateEnding": "2023-09-30", "reportedCurrency": "USD", "grossProfit": "1471222000", "totalRevenue": "7868046000", "costOfRevenue": "6396824000", "costofGoodsAndServicesSold": "6396824000", "operatingIncome": "269435000", "sellingGeneralAndAdministrative": "1058043000", "researchAndDevelopment": "None", "operatingExpenses": "1207204000", "investmentIncomeNet": "None", "netInterestIncome": "-38206000", "interestIncome": "None", "interestExpense": "38206000", "nonInterestIncome": "None", "otherNonOperatingIncome": "None", "depreciation": "None", "depreciationAndAmortization": "149161000", "incomeBeforeTax": "231496000", "incomeTaxExpense": "30551000", "interestAndDebtExpense": "None", "netIncomeFromContinuingOperations": "200945000", "comprehensiveIncomeNetOfTax": "None", "ebit": "264018000", "ebitda": "413179000", "netIncome": "190553000"}, {"fiscalDateEnding": "2023-06-30", "reportedCurrency": "USD", "grossProfit": "1540367000", "totalRevenue": "7719863000", "costOfRevenue": "6179496000", "costofGoodsAndServicesSold": "6179496000", "operatingIncome": "306429000", "sellingGeneralAndAdministrative": "1088812000", "researchAndDevelopment": "None", "operatingExpenses": "1243199000", "investmentIncomeNet": "None", "netInterestIncome": "-42982000", "interestIncome": "None", "interestExpense": "42982000", "nonInterestIncome": "None", "otherNonOperatingIncome": "-1890000", "depreciation": "None", "depreciationAndAmortization": "154387000", "incomeBeforeTax": "261557000", "incomeTaxExpense": "55404000", "interestAndDebtExpense": "None", "netIncomeFromContinuingOperations": "206153000", "comprehensiveIncomeNetOfTax": "None", "ebit": "297168000", "ebitda": "451555000", "netIncome": "201000000"}, {"fiscalDateEnding": "2023-03-31", "reportedCurrency": "USD", "grossProfit": "1405000000", "totalRevenue": "7411000000", "costOfRevenue": "6006000000", "costofGoodsAndServicesSold": "6006000000", "operatingIncome": "37000000", "sellingGeneralAndAdministrative": "1208904000", "researchAndDevelopment": "None", "operatingExpenses": "1368000000", "investmentIncomeNet": "None", "netInterestIncome": "-28414000", "interestIncome": "None", "interestExpense": "28414000", "nonInterestIncome": "None", "otherNonOperatingIncome": "144157000", "depreciation": "None", "depreciationAndAmortization": "162000000", "incomeBeforeTax": "153000000", "incomeTaxExpense": "28000000", "interestAndDebtExpense": "None", "netIncomeFromContinuingOperations": "125072000", "comprehensiveIncomeNetOfTax": "None", "ebit": "34000000", "ebitda": "196000000", "netIncome": "117000000"}, {"fiscalDateEnding": "2022-12-31", "reportedCurrency": "USD", "grossProfit": "1695669000", "totalRevenue": "8194489000", "costOfRevenue": "6498820000", "costofGoodsAndServicesSold": "6498820000", "operatingIncome": "56433000", "sellingGeneralAndAdministrative": "1314329000", "researchAndDevelopment": "None", "operatingExpenses": "1473890000", "investmentIncomeNet": "None", "netInterestIncome": "-17698000", "interestIncome": "None", "interestExpense": "17698000", "nonInterestIncome": "None", "otherNonOperatingIncome": "None", "depreciation": "None", "depreciationAndAmortization": "159561000", "incomeBeforeTax": "60632000", "incomeTaxExpense": "-25461000", "interestAndDebtExpense": "None", "netIncomeFromContinuingOperations": "86093000", "comprehensiveIncomeNetOfTax": "None", "ebit": "-322649000", "ebitda": "-163088000", "netIncome": "81112000"}, {"fiscalDateEnding": "2022-09-30", "reportedCurrency": "USD", "grossProfit": "1595056000", "totalRevenue": "7529546000", "costOfRevenue": "5934490000", "costofGoodsAndServicesSold": "5934490000", "operatingIncome": "614420000", "sellingGeneralAndAdministrative": "1080316000", "researchAndDevelopment": "None", "operatingExpenses": "1222452000", "investmentIncomeNet": "None", "netInterestIncome": "-19957000", "interestIncome": "None", "interestExpense": "19957000", "nonInterestIncome": "None", "otherNonOperatingIncome": "239954000", "depreciation": "None", "depreciationAndAmortization": "142136000", "incomeBeforeTax": "594347000", "incomeTaxExpense": "142667000", "interestAndDebtExpense": "None", "netIncomeFromContinuingOperations": "451680000", "comprehensiveIncomeNetOfTax": "None", "ebit": "400142000", "ebitda": "542278000", "netIncome": "446639000"}, {"fiscalDateEnding": "2022-06-30", "reportedCurrency": "USD", "grossProfit": "1717294000", "totalRevenue": "7771278000", "costOfRevenue": "6053984000", "costofGoodsAndServicesSold": "6053984000", "operatingIncome": "516937000", "sellingGeneralAndAdministrative": "1188819000", "researchAndDevelopment": "None", "operatingExpenses": "1351178000", "investmentIncomeNet": "None", "netInterestIncome": "-18518000", "interestIncome": "None", "interestExpense": "18518000", "nonInterestIncome": "None", "otherNonOperatingIncome": "112259000", "depreciation": "None", "depreciationAndAmortization": "162359000", "incomeBeforeTax": "610678000", "incomeTaxExpense": "120762000", "interestAndDebtExpense": "None", "netIncomeFromContinuingOperations": "489916000", "comprehensiveIncomeNetOfTax": "None", "ebit": "384570000", "ebitda": "546929000", "netIncome": "487322000"}, {"fiscalDateEnding": "2022-03-31", "reportedCurrency": "USD", "grossProfit": "1580739000", "totalRevenue": "7332933000", "costOfRevenue": "5752194000", "costofGoodsAndServicesSold": "5752194000", "operatingIncome": "376952000", "sellingGeneralAndAdministrative": "1065996000", "researchAndDevelopment": "None", "operatingExpenses": "1215028000", "investmentIncomeNet": "None", "netInterestIncome": "-12826000", "interestIncome": "None", "interestExpense": "12826000", "nonInterestIncome": "None", "otherNonOperatingIncome": "28407000", "depreciation": "None", "depreciationAndAmortization": "149032000", "incomeBeforeTax": "392533000", "incomeTaxExpense": "-3738000", "interestAndDebtExpense": "None", "netIncomeFromContinuingOperations": "396271000", "comprehensiveIncomeNetOfTax": "None", "ebit": "373832000", "ebitda": "522864000", "netIncome": "392297000"}, {"fiscalDateEnding": "2021-12-31", "reportedCurrency": "USD", "grossProfit": "1965962000", "totalRevenue": "8550217000", "costOfRevenue": "6584255000", "costofGoodsAndServicesSold": "6584255000", "operatingIncome": "592236000", "sellingGeneralAndAdministrative": "4074184000", "researchAndDevelopment": "None", "operatingExpenses": "1425104000", "investmentIncomeNet": "None", "netInterestIncome": "-15436000", "interestIncome": "None", "interestExpense": "15436000", "nonInterestIncome": "None", "otherNonOperatingIncome": "340301000", "depreciation": "None", "depreciationAndAmortization": "194044000", "incomeBeforeTax": "917101000", "incomeTaxExpense": "224227000", "interestAndDebtExpense": "None", "netIncomeFromContinuingOperations": "692874000", "comprehensiveIncomeNetOfTax": "None", "ebit": "798429000", "ebitda": "992473000", "netIncome": "691992000"}, {"fiscalDateEnding": "2021-09-30", "reportedCurrency": "USD", "grossProfit": "1539380000", "totalRevenue": "6798327000", "costOfRevenue": "5258947000", "costofGoodsAndServicesSold": "5258947000", "operatingIncome": "409665000", "sellingGeneralAndAdministrative": "1025681000", "researchAndDevelopment": "None", "operatingExpenses": "1148245000", "investmentIncomeNet": "None", "netInterestIncome": "-11038000", "interestIncome": "None", "interestExpense": "11038000", "nonInterestIncome": "None", "otherNonOperatingIncome": "171502000", "depreciation": "None", "depreciationAndAmortization": "122564000", "incomeBeforeTax": "570129000", "incomeTaxExpense": "133507000", "interestAndDebtExpense": "None", "netIncomeFromContinuingOperations": "436622000", "comprehensiveIncomeNetOfTax": "None", "ebit": "391135000", "ebitda": "513699000", "netIncome": "435743000"}, {"fiscalDateEnding": "2021-06-30", "reportedCurrency": "USD", "grossProfit": "1441854000", "totalRevenue": "6458613000", "costOfRevenue": "5016759000", "costofGoodsAndServicesSold": "5016759000", "operatingIncome": "366482000", "sellingGeneralAndAdministrative": "957216000", "researchAndDevelopment": "None", "operatingExpenses": "1076301000", "investmentIncomeNet": "None", "netInterestIncome": "-13772000", "interestIncome": "None", "interestExpense": "13772000", "nonInterestIncome": "None", "otherNonOperatingIncome": "224177000", "depreciation": "None", "depreciationAndAmortization": "119085000", "incomeBeforeTax": "576887000", "incomeTaxExpense": "133445000", "interestAndDebtExpense": "None", "netIncomeFromContinuingOperations": "443442000", "comprehensiveIncomeNetOfTax": "None", "ebit": "373687000", "ebitda": "492772000", "netIncome": "442637000"}, {"fiscalDateEnding": "2021-03-31", "reportedCurrency": "USD", "grossProfit": "1219333000", "totalRevenue": "5938879000", "costOfRevenue": "4719546000", "costofGoodsAndServicesSold": "4719546000", "operatingIncome": "269084000", "sellingGeneralAndAdministrative": "828327000", "researchAndDevelopment": "None", "operatingExpenses": "950405000", "investmentIncomeNet": "None", "netInterestIncome": "-10106000", "interestIncome": "None", "interestExpense": "10106000", "nonInterestIncome": "None", "otherNonOperatingIncome": "86326000", "depreciation": "None", "depreciationAndAmortization": "122078000", "incomeBeforeTax": "345304000", "incomeTaxExpense": "76327000", "interestAndDebtExpense": "None", "netIncomeFromContinuingOperations": "268977000", "comprehensiveIncomeNetOfTax": "None", "ebit": "268928000", "ebitda": "391006000", "netIncome": "266202000"}, {"fiscalDateEnding": "2020-12-31", "reportedCurrency": "USD", "grossProfit": "1539671000", "totalRevenue": "6910501000", "costOfRevenue": "5370830000", "costofGoodsAndServicesSold": "5370830000", "operatingIncome": "443896000", "sellingGeneralAndAdministrative": "2516139000", "researchAndDevelopment": "None", "operatingExpenses": "1094931000", "investmentIncomeNet": "None", "netInterestIncome": "-15958000", "interestIncome": "None", "interestExpense": "15958000", "nonInterestIncome": "None", "otherNonOperatingIncome": "-17498000", "depreciation": "None", "depreciationAndAmortization": "143825000", "incomeBeforeTax": "410440000", "incomeTaxExpense": "95054000", "interestAndDebtExpense": "None", "netIncomeFromContinuingOperations": "315386000", "comprehensiveIncomeNetOfTax": "None", "ebit": "444740000", "ebitda": "588565000", "netIncome": "313765000"}, {"fiscalDateEnding": "2020-09-30", "reportedCurrency": "USD", "grossProfit": "1080563000", "totalRevenue": "5645142000", "costOfRevenue": "4564579000", "costofGoodsAndServicesSold": "4564579000", "operatingIncome": "211408000", "sellingGeneralAndAdministrative": "794227000", "researchAndDevelopment": "None", "operatingExpenses": "921952000", "investmentIncomeNet": "None", "netInterestIncome": "-17829000", "interestIncome": "None", "interestExpense": "17829000", "nonInterestIncome": "None", "otherNonOperatingIncome": "40323000", "depreciation": "None", "depreciationAndAmortization": "127725000", "incomeBeforeTax": "233902000", "incomeTaxExpense": "49062000", "interestAndDebtExpense": "None", "netIncomeFromContinuingOperations": "184840000", "comprehensiveIncomeNetOfTax": "None", "ebit": "158611000", "ebitda": "286336000", "netIncome": "184132000"}, {"fiscalDateEnding": "2020-06-30", "reportedCurrency": "USD", "grossProfit": "981847000", "totalRevenue": "5381384000", "costOfRevenue": "4399537000", "costofGoodsAndServicesSold": "4399537000", "operatingIncome": "94165000", "sellingGeneralAndAdministrative": "770806000", "researchAndDevelopment": "None", "operatingExpenses": "887190000", "investmentIncomeNet": "None", "netInterestIncome": "-17950000", "interestIncome": "None", "interestExpense": "17950000", "nonInterestIncome": "None", "otherNonOperatingIncome": "24700000", "depreciation": "None", "depreciationAndAmortization": "116384000", "incomeBeforeTax": "100915000", "incomeTaxExpense": "18803000", "interestAndDebtExpense": "None", "netIncomeFromContinuingOperations": "82112000", "comprehensiveIncomeNetOfTax": "None", "ebit": "132251000", "ebitda": "248635000", "netIncome": "81897000"}, {"fiscalDateEnding": "2020-03-31", "reportedCurrency": "USD", "grossProfit": "1176494000", "totalRevenue": "5889168000", "costOfRevenue": "4712674000", "costofGoodsAndServicesSold": "4712674000", "operatingIncome": "220290000", "sellingGeneralAndAdministrative": "790066000", "researchAndDevelopment": "None", "operatingExpenses": "903860000", "investmentIncomeNet": "None", "netInterestIncome": "-16016000", "interestIncome": "4615000", "interestExpense": "16016000", "nonInterestIncome": "None", "otherNonOperatingIncome": "20438000", "depreciation": "None", "depreciationAndAmortization": "113794000", "incomeBeforeTax": "224712000", "incomeTaxExpense": "51182000", "interestAndDebtExpense": "None", "netIncomeFromContinuingOperations": "173530000", "comprehensiveIncomeNetOfTax": "None", "ebit": "272634000", "ebitda": "386428000", "netIncome": "172195000"}, {"fiscalDateEnding": "2019-12-31", "reportedCurrency": "USD", "grossProfit": "1585554000", "totalRevenue": "7119407000", "costOfRevenue": "5533853000", "costofGoodsAndServicesSold": "5533853000", "operatingIncome": "513841000", "sellingGeneralAndAdministrative": "956152000", "researchAndDevelopment": "None", "operatingExpenses": "1071514000", "investmentIncomeNet": "None", "netInterestIncome": "-18116000", "interestIncome": "22576000", "interestExpense": "18116000", "nonInterestIncome": "None", "otherNonOperatingIncome": "41902000", "depreciation": "None", "depreciationAndAmortization": "115362000", "incomeBeforeTax": "539161000", "incomeTaxExpense": "-99972000", "interestAndDebtExpense": "None", "netIncomeFromContinuingOperations": "639133000", "comprehensiveIncomeNetOfTax": "None", "ebit": "557277000", "ebitda": "672639000", "netIncome": "637618000"}, {"fiscalDateEnding": "2019-09-30", "reportedCurrency": "USD", "grossProfit": "1237765000", "totalRevenue": "5925101000", "costOfRevenue": "4687336000", "costofGoodsAndServicesSold": "4687336000", "operatingIncome": "316630000", "sellingGeneralAndAdministrative": "809584000", "researchAndDevelopment": "None", "operatingExpenses": "921144000", "investmentIncomeNet": "None", "netInterestIncome": "-21846000", "interestIncome": "3950000", "interestExpense": "21846000", "nonInterestIncome": "None", "otherNonOperatingIncome": "26737000", "depreciation": "None", "depreciationAndAmortization": "111560000", "incomeBeforeTax": "321521000", "incomeTaxExpense": "63468000", "interestAndDebtExpense": "None", "netIncomeFromContinuingOperations": "258053000", "comprehensiveIncomeNetOfTax": "None", "ebit": "316621000", "ebitda": "428181000", "netIncome": "256599000"}, {"fiscalDateEnding": "2019-06-30", "reportedCurrency": "USD", "grossProfit": "1268283000", "totalRevenue": "5714073000", "costOfRevenue": "4445790000", "costofGoodsAndServicesSold": "4445790000", "operatingIncome": "284417000", "sellingGeneralAndAdministrative": "877397000", "researchAndDevelopment": "None", "operatingExpenses": "983876000", "investmentIncomeNet": "None", "netInterestIncome": "-24600000", "interestIncome": "2827000", "interestExpense": "24600000", "nonInterestIncome": "None", "otherNonOperatingIncome": "26142000", "depreciation": "None", "depreciationAndAmortization": "106479000", "incomeBeforeTax": "285959000", "incomeTaxExpense": "62521000", "interestAndDebtExpense": "None", "netIncomeFromContinuingOperations": "223438000", "comprehensiveIncomeNetOfTax": "None", "ebit": "317107000", "ebitda": "423586000", "netIncome": "223731000"}, {"fiscalDateEnding": "2019-03-31", "reportedCurrency": "USD", "grossProfit": "1113476000", "totalRevenue": "5135510000", "costOfRevenue": "4022034000", "costofGoodsAndServicesSold": "4022034000", "operatingIncome": "144987000", "sellingGeneralAndAdministrative": "792876000", "researchAndDevelopment": "None", "operatingExpenses": "898699000", "investmentIncomeNet": "None", "netInterestIncome": "-21192000", "interestIncome": "51472000", "interestExpense": "22726000", "nonInterestIncome": "None", "otherNonOperatingIncome": "92443000", "depreciation": "None", "depreciationAndAmortization": "105823000", "incomeBeforeTax": "214704000", "incomeTaxExpense": "43878000", "interestAndDebtExpense": "None", "netIncomeFromContinuingOperations": "170826000", "comprehensiveIncomeNetOfTax": "None", "ebit": "223277000", "ebitda": "329100000", "netIncome": "164409000"}, {"fiscalDateEnding": "2018-12-31", "reportedCurrency": "USD", "grossProfit": "1522149000", "totalRevenue": "6293748000", "costOfRevenue": "4771599000", "costofGoodsAndServicesSold": "4771599000", "operatingIncome": "459347000", "sellingGeneralAndAdministrative": "948171000", "researchAndDevelopment": "0", "operatingExpenses": "1065111000", "investmentIncomeNet": "None", "netInterestIncome": "None", "interestIncome": "None", "interestExpense": "24876000", "nonInterestIncome": "None", "otherNonOperatingIncome": "61644000", "depreciation": "None", "depreciationAndAmortization": "116940000", "incomeBeforeTax": "496115000", "incomeTaxExpense": "101612000", "interestAndDebtExpense": "None", "netIncomeFromContinuingOperations": "394503000", "comprehensiveIncomeNetOfTax": "None", "ebit": "482494000", "ebitda": "599434000", "netIncome": "393795000"}, {"fiscalDateEnding": "2018-09-30", "reportedCurrency": "USD", "grossProfit": "1162050000", "totalRevenue": "5260954000", "costOfRevenue": "4098904000", "costofGoodsAndServicesSold": "4098904000", "operatingIncome": "189717000", "sellingGeneralAndAdministrative": "859085000", "researchAndDevelopment": "0", "operatingExpenses": "972569000", "investmentIncomeNet": "None", "netInterestIncome": "None", "interestIncome": "None", "interestExpense": "26651000", "nonInterestIncome": "None", "otherNonOperatingIncome": "223586000", "depreciation": "None", "depreciationAndAmortization": "113484000", "incomeBeforeTax": "386652000", "incomeTaxExpense": "94963000", "interestAndDebtExpense": "None", "netIncomeFromContinuingOperations": "291689000", "comprehensiveIncomeNetOfTax": "None", "ebit": "217217000", "ebitda": "330701000", "netIncome": "290469000"}, {"fiscalDateEnding": "2018-06-30", "reportedCurrency": "USD", "grossProfit": "1152686000", "totalRevenue": "5111434000", "costOfRevenue": "3958748000", "costofGoodsAndServicesSold": "3958748000", "operatingIncome": "225316000", "sellingGeneralAndAdministrative": "826282000", "researchAndDevelopment": "0", "operatingExpenses": "939681000", "investmentIncomeNet": "None", "netInterestIncome": "None", "interestIncome": "None", "interestExpense": "26885000", "nonInterestIncome": "None", "otherNonOperatingIncome": "101519000", "depreciation": "None", "depreciationAndAmortization": "113399000", "incomeBeforeTax": "299950000", "incomeTaxExpense": "70319000", "interestAndDebtExpense": "None", "netIncomeFromContinuingOperations": "229631000", "comprehensiveIncomeNetOfTax": "None", "ebit": "213005000", "ebitda": "326404000", "netIncome": "228667000"}, {"fiscalDateEnding": "2018-03-31", "reportedCurrency": "USD", "grossProfit": "1053991000", "totalRevenue": "4673952000", "costOfRevenue": "3619961000", "costofGoodsAndServicesSold": "3619961000", "operatingIncome": "213609000", "sellingGeneralAndAdministrative": "732235000", "researchAndDevelopment": "0", "operatingExpenses": "840400000", "investmentIncomeNet": "None", "netInterestIncome": "None", "interestIncome": "None", "interestExpense": "28858000", "nonInterestIncome": "None", "otherNonOperatingIncome": "11538000", "depreciation": "None", "depreciationAndAmortization": "108165000", "incomeBeforeTax": "196289000", "incomeTaxExpense": "46164000", "interestAndDebtExpense": "None", "netIncomeFromContinuingOperations": "150125000", "comprehensiveIncomeNetOfTax": "None", "ebit": "213591000", "ebitda": "321756000", "netIncome": "150288000"}, {"fiscalDateEnding": "2017-12-31", "reportedCurrency": "USD", "grossProfit": "1362004000", "totalRevenue": "4336212000", "costOfRevenue": "2974208000", "costofGoodsAndServicesSold": "2974208000", "operatingIncome": "418718000", "sellingGeneralAndAdministrative": "835151000", "researchAndDevelopment": "0", "operatingExpenses": "944251000", "investmentIncomeNet": "None", "netInterestIncome": "None", "interestIncome": "None", "interestExpense": "32891000", "nonInterestIncome": "None", "otherNonOperatingIncome": "55193000", "depreciation": "None", "depreciationAndAmortization": "109100000", "incomeBeforeTax": "441020000", "incomeTaxExpense": "270334000", "interestAndDebtExpense": "None", "netIncomeFromContinuingOperations": "170686000", "comprehensiveIncomeNetOfTax": "None", "ebit": "405222000", "ebitda": "514322000", "netIncome": "168400000"}, {"fiscalDateEnding": "2017-09-30", "reportedCurrency": "USD", "grossProfit": "1036600000", "totalRevenue": "3549977000", "costOfRevenue": "2513377000", "costofGoodsAndServicesSold": "2513377000", "operatingIncome": "235291000", "sellingGeneralAndAdministrative": "704898000", "researchAndDevelopment": "0", "operatingExpenses": "807489000", "investmentIncomeNet": "None", "netInterestIncome": "None", "interestIncome": "None", "interestExpense": "34483000", "nonInterestIncome": "None", "otherNonOperatingIncome": "72731000", "depreciation": "None", "depreciationAndAmortization": "102591000", "incomeBeforeTax": "273539000", "incomeTaxExpense": "76178000", "interestAndDebtExpense": "None", "netIncomeFromContinuingOperations": "197361000", "comprehensiveIncomeNetOfTax": "None", "ebit": "232776000", "ebitda": "335367000", "netIncome": "199088000"}, {"fiscalDateEnding": "2017-06-30", "reportedCurrency": "USD", "grossProfit": "1023653000", "totalRevenue": "3342215000", "costOfRevenue": "2318562000", "costofGoodsAndServicesSold": "2318562000", "operatingIncome": "222191000", "sellingGeneralAndAdministrative": "712374000", "researchAndDevelopment": "0", "operatingExpenses": "812760000", "investmentIncomeNet": "None", "netInterestIncome": "None", "interestIncome": "None", "interestExpense": "35430000", "nonInterestIncome": "None", "otherNonOperatingIncome": "79997000", "depreciation": "None", "depreciationAndAmortization": "100386000", "incomeBeforeTax": "266758000", "incomeTaxExpense": "68362000", "interestAndDebtExpense": "None", "netIncomeFromContinuingOperations": "198396000", "comprehensiveIncomeNetOfTax": "None", "ebit": "217030000", "ebitda": "317416000", "netIncome": "201777000"}, {"fiscalDateEnding": "2017-03-31", "reportedCurrency": "USD", "grossProfit": "894125000", "totalRevenue": "2981204000", "costOfRevenue": "2087079000", "costofGoodsAndServicesSold": "2087079000", "operatingIncome": "195242000", "sellingGeneralAndAdministrative": "606231000", "researchAndDevelopment": "0", "operatingExpenses": "700268000", "investmentIncomeNet": "None", "netInterestIncome": "None", "interestIncome": "None", "interestExpense": "34010000", "nonInterestIncome": "None", "otherNonOperatingIncome": "21544000", "depreciation": "None", "depreciationAndAmortization": "94037000", "incomeBeforeTax": "182776000", "incomeTaxExpense": "51273000", "interestAndDebtExpense": "None", "netIncomeFromContinuingOperations": "131503000", "comprehensiveIncomeNetOfTax": "None", "ebit": "203826000", "ebitda": "297863000", "netIncome": "137020000"}, {"fiscalDateEnding": "2016-12-31", "reportedCurrency": "USD", "grossProfit": "1220733000", "totalRevenue": "3823831000", "costOfRevenue": "2603098000", "costofGoodsAndServicesSold": "2603098000", "operatingIncome": "352821000", "sellingGeneralAndAdministrative": "770972000", "researchAndDevelopment": "0", "operatingExpenses": "874394000", "investmentIncomeNet": "None", "netInterestIncome": "None", "interestIncome": "None", "interestExpense": "35801000", "nonInterestIncome": "None", "otherNonOperatingIncome": "79190000", "depreciation": "None", "depreciationAndAmortization": "96940000", "incomeBeforeTax": "396210000", "incomeTaxExpense": "131084000", "interestAndDebtExpense": "None", "netIncomeFromContinuingOperations": "265126000", "comprehensiveIncomeNetOfTax": "None", "ebit": "478564000", "ebitda": "575504000", "netIncome": "263975000"}, {"fiscalDateEnding": "2016-09-30", "reportedCurrency": "USD", "grossProfit": "940704000", "totalRevenue": "3193487000", "costOfRevenue": "2252783000", "costofGoodsAndServicesSold": "2252783000", "operatingIncome": "172492000", "sellingGeneralAndAdministrative": "686530000", "researchAndDevelopment": "0", "operatingExpenses": "779448000", "investmentIncomeNet": "None", "netInterestIncome": "None", "interestIncome": "None", "interestExpense": "37273000", "nonInterestIncome": "None", "otherNonOperatingIncome": "27048000", "depreciation": "None", "depreciationAndAmortization": "92725000", "incomeBeforeTax": "162267000", "incomeTaxExpense": "51414000", "interestAndDebtExpense": "None", "netIncomeFromContinuingOperations": "110853000", "comprehensiveIncomeNetOfTax": "None", "ebit": "228649000", "ebitda": "321374000", "netIncome": "104163000"}, {"fiscalDateEnding": "2016-06-30", "reportedCurrency": "USD", "grossProfit": "953304000", "totalRevenue": "3207537000", "costOfRevenue": "2254233000", "costofGoodsAndServicesSold": "2254233000", "operatingIncome": "182594000", "sellingGeneralAndAdministrative": "680442000", "researchAndDevelopment": "0", "operatingExpenses": "779242000", "investmentIncomeNet": "None", "netInterestIncome": "None", "interestIncome": "None", "interestExpense": "36987000", "nonInterestIncome": "None", "otherNonOperatingIncome": "41877000", "depreciation": "None", "depreciationAndAmortization": "90268000", "incomeBeforeTax": "187484000", "incomeTaxExpense": "64039000", "interestAndDebtExpense": "None", "netIncomeFromContinuingOperations": "123445000", "comprehensiveIncomeNetOfTax": "None", "ebit": "209794000", "ebitda": "300062000", "netIncome": "121668000"}, {"fiscalDateEnding": "2016-03-31", "reportedCurrency": "USD", "grossProfit": "833121000", "totalRevenue": "2846734000", "costOfRevenue": "2013613000", "costofGoodsAndServicesSold": "2013613000", "operatingIncome": "107580000", "sellingGeneralAndAdministrative": "643366000", "researchAndDevelopment": "0", "operatingExpenses": "722832000", "investmentIncomeNet": "None", "netInterestIncome": "None", "interestIncome": "None", "interestExpense": "34790000", "nonInterestIncome": "None", "otherNonOperatingIncome": "61975000", "depreciation": "None", "depreciationAndAmortization": "86994000", "incomeBeforeTax": "134765000", "incomeTaxExpense": "50125000", "interestAndDebtExpense": "None", "netIncomeFromContinuingOperations": "84640000", "comprehensiveIncomeNetOfTax": "None", "ebit": "110561000", "ebitda": "197555000", "netIncome": "82167000"}, {"fiscalDateEnding": "2015-12-31", "reportedCurrency": "USD", "grossProfit": "1169721000", "totalRevenue": "3700242000", "costOfRevenue": "2530521000", "costofGoodsAndServicesSold": "2530521000", "operatingIncome": "206983000", "sellingGeneralAndAdministrative": "864771000", "researchAndDevelopment": "0", "operatingExpenses": "963369000", "investmentIncomeNet": "None", "netInterestIncome": "None", "interestIncome": "None", "interestExpense": "35813000", "nonInterestIncome": "None", "otherNonOperatingIncome": "123350000", "depreciation": "None", "depreciationAndAmortization": "98598000", "incomeBeforeTax": "297205000", "incomeTaxExpense": "114610000", "interestAndDebtExpense": "None", "netIncomeFromContinuingOperations": "182595000", "comprehensiveIncomeNetOfTax": "None", "ebit": "246791000", "ebitda": "345389000", "netIncome": "180043000"}, {"fiscalDateEnding": "2015-09-30", "reportedCurrency": "USD", "grossProfit": "938899000", "totalRevenue": "2712559000", "costOfRevenue": "1773660000", "costofGoodsAndServicesSold": "1773660000", "operatingIncome": "240101000", "sellingGeneralAndAdministrative": "626905000", "researchAndDevelopment": "0", "operatingExpenses": "701952000", "investmentIncomeNet": "None", "netInterestIncome": "None", "interestIncome": "None", "interestExpense": "30699000", "nonInterestIncome": "None", "otherNonOperatingIncome": "13455000", "depreciation": "None", "depreciationAndAmortization": "75047000", "incomeBeforeTax": "222857000", "incomeTaxExpense": "72866000", "interestAndDebtExpense": "None", "netIncomeFromContinuingOperations": "149991000", "comprehensiveIncomeNetOfTax": "None", "ebit": "236947000", "ebitda": "311994000", "netIncome": "149123000"}, {"fiscalDateEnding": "2015-06-30", "reportedCurrency": "USD", "grossProfit": "902532000", "totalRevenue": "2390506000", "costOfRevenue": "1487974000", "costofGoodsAndServicesSold": "1487974000", "operatingIncome": "228755000", "sellingGeneralAndAdministrative": "610158000", "researchAndDevelopment": "0", "operatingExpenses": "680763000", "investmentIncomeNet": "None", "netInterestIncome": "None", "interestIncome": "None", "interestExpense": "26154000", "nonInterestIncome": "None", "otherNonOperatingIncome": "7026000", "depreciation": "None", "depreciationAndAmortization": "70605000", "incomeBeforeTax": "209627000", "incomeTaxExpense": "76474000", "interestAndDebtExpense": "None", "netIncomeFromContinuingOperations": "133153000", "comprehensiveIncomeNetOfTax": "None", "ebit": "221769000", "ebitda": "292374000", "netIncome": "125029000"}, {"fiscalDateEnding": "2015-03-31", "reportedCurrency": "USD", "grossProfit": "761726000", "totalRevenue": "2052503000", "costOfRevenue": "1290777000", "costofGoodsAndServicesSold": "1290777000", "operatingIncome": "160105000", "sellingGeneralAndAdministrative": "531775000", "researchAndDevelopment": "0", "operatingExpenses": "601621000", "investmentIncomeNet": "None", "netInterestIncome": "None", "interestIncome": "None", "interestExpense": "26214000", "nonInterestIncome": "None", "otherNonOperatingIncome": "18835000", "depreciation": "None", "depreciationAndAmortization": "69846000", "incomeBeforeTax": "150041000", "incomeTaxExpense": "56903000", "interestAndDebtExpense": "None", "netIncomeFromContinuingOperations": "93138000", "comprehensiveIncomeNetOfTax": "None", "ebit": "160105000", "ebitda": "229951000", "netIncome": "92937000"}, {"fiscalDateEnding": "2014-12-31", "reportedCurrency": "USD", "grossProfit": "1080851000", "totalRevenue": "2787194000", "costOfRevenue": "1706343000", "costofGoodsAndServicesSold": "1706343000", "operatingIncome": "288627000", "sellingGeneralAndAdministrative": "743337000", "researchAndDevelopment": "0", "operatingExpenses": "812781000", "investmentIncomeNet": "None", "netInterestIncome": "None", "interestIncome": "None", "interestExpense": "27709000", "nonInterestIncome": "None", "otherNonOperatingIncome": "43571000", "depreciation": "None", "depreciationAndAmortization": "69444000", "incomeBeforeTax": "298111000", "incomeTaxExpense": "92441000", "interestAndDebtExpense": "None", "netIncomeFromContinuingOperations": "205670000", "comprehensiveIncomeNetOfTax": "None", "ebit": "269979000", "ebitda": "339423000", "netIncome": "204277000"}, {"fiscalDateEnding": "2014-09-30", "reportedCurrency": "USD", "grossProfit": "846090000", "totalRevenue": "2275076000", "costOfRevenue": "1428986000", "costofGoodsAndServicesSold": "1428986000", "operatingIncome": "185140000", "sellingGeneralAndAdministrative": "601026000", "researchAndDevelopment": "0", "operatingExpenses": "668185000", "investmentIncomeNet": "None", "netInterestIncome": "None", "interestIncome": "None", "interestExpense": "27841000", "nonInterestIncome": "None", "otherNonOperatingIncome": "44785000", "depreciation": "None", "depreciationAndAmortization": "67159000", "incomeBeforeTax": "178997000", "incomeTaxExpense": "69305000", "interestAndDebtExpense": "None", "netIncomeFromContinuingOperations": "109692000", "comprehensiveIncomeNetOfTax": "None", "ebit": "206838000", "ebitda": "273997000", "netIncome": "107099000"}, {"fiscalDateEnding": "2014-06-30", "reportedCurrency": "USD", "grossProfit": "812333000", "totalRevenue": "2126806000", "costOfRevenue": "1314473000", "costofGoodsAndServicesSold": "1314473000", "operatingIncome": "206006000", "sellingGeneralAndAdministrative": "566202000", "researchAndDevelopment": "0", "operatingExpenses": "629497000", "investmentIncomeNet": "None", "netInterestIncome": "None", "interestIncome": "None", "interestExpense": "28470000", "nonInterestIncome": "None", "otherNonOperatingIncome": "16774000", "depreciation": "None", "depreciationAndAmortization": "63295000", "incomeBeforeTax": "194310000", "incomeTaxExpense": "64111000", "interestAndDebtExpense": "None", "netIncomeFromContinuingOperations": "130199000", "comprehensiveIncomeNetOfTax": "None", "ebit": "222780000", "ebitda": "286075000", "netIncome": "105464000"}, {"fiscalDateEnding": "2014-03-31", "reportedCurrency": "USD", "grossProfit": "699382000", "totalRevenue": "1860842000", "costOfRevenue": "1161460000", "costofGoodsAndServicesSold": "1161460000", "operatingIncome": "112481000", "sellingGeneralAndAdministrative": "528395000", "researchAndDevelopment": "0", "operatingExpenses": "593598000", "investmentIncomeNet": "None", "netInterestIncome": "None", "interestIncome": "None", "interestExpense": "28015000", "nonInterestIncome": "None", "otherNonOperatingIncome": "15000000", "depreciation": "None", "depreciationAndAmortization": "65203000", "incomeBeforeTax": "105844000", "incomeTaxExpense": "37902000", "interestAndDebtExpense": "None", "netIncomeFromContinuingOperations": "67942000", "comprehensiveIncomeNetOfTax": "None", "ebit": "133859000", "ebitda": "199062000", "netIncome": "67663000"}, {"fiscalDateEnding": "2013-12-31", "reportedCurrency": "USD", "grossProfit": "956853000", "totalRevenue": "2233851000", "costOfRevenue": "1276998000", "costofGoodsAndServicesSold": "1276998000", "operatingIncome": "169211000", "sellingGeneralAndAdministrative": "638696000", "researchAndDevelopment": "0", "operatingExpenses": "691680000", "investmentIncomeNet": "None", "netInterestIncome": "None", "interestIncome": "None", "interestExpense": "27372000", "nonInterestIncome": "None", "otherNonOperatingIncome": "46849000", "depreciation": "None", "depreciationAndAmortization": "52984000", "incomeBeforeTax": "182079000", "incomeTaxExpense": "66242000", "interestAndDebtExpense": "None", "netIncomeFromContinuingOperations": "115837000", "comprehensiveIncomeNetOfTax": "None", "ebit": "305413000", "ebitda": "358397000", "netIncome": "114646000"}, {"fiscalDateEnding": "2013-09-30", "reportedCurrency": "USD", "grossProfit": "701518000", "totalRevenue": "1733866000", "costOfRevenue": "1032348000", "costofGoodsAndServicesSold": "1032348000", "operatingIncome": "158119000", "sellingGeneralAndAdministrative": "496615000", "researchAndDevelopment": "0", "operatingExpenses": "544139000", "investmentIncomeNet": "None", "netInterestIncome": "None", "interestIncome": "None", "interestExpense": "27783000", "nonInterestIncome": "None", "otherNonOperatingIncome": "13347000", "depreciation": "None", "depreciationAndAmortization": "47524000", "incomeBeforeTax": "150292000", "incomeTaxExpense": "56126000", "interestAndDebtExpense": "None", "netIncomeFromContinuingOperations": "94166000", "comprehensiveIncomeNetOfTax": "None", "ebit": "178075000", "ebitda": "225599000", "netIncome": "94444000"}, {"fiscalDateEnding": "2013-06-30", "reportedCurrency": "USD", "grossProfit": "723187000", "totalRevenue": "1742014000", "costOfRevenue": "1018827000", "costofGoodsAndServicesSold": "1018827000", "operatingIncome": "187624000", "sellingGeneralAndAdministrative": "499458000", "researchAndDevelopment": "0", "operatingExpenses": "543059000", "investmentIncomeNet": "None", "netInterestIncome": "None", "interestIncome": "None", "interestExpense": "37532000", "nonInterestIncome": "None", "otherNonOperatingIncome": "9567000", "depreciation": "None", "depreciationAndAmortization": "43601000", "incomeBeforeTax": "116944000", "incomeTaxExpense": "45815000", "interestAndDebtExpense": "None", "netIncomeFromContinuingOperations": "71129000", "comprehensiveIncomeNetOfTax": "None", "ebit": "154476000", "ebitda": "198077000", "netIncome": "69902000"}, {"fiscalDateEnding": "2013-03-31", "reportedCurrency": "USD", "grossProfit": "613847000", "totalRevenue": "1475063000", "costOfRevenue": "861216000", "costofGoodsAndServicesSold": "861216000", "operatingIncome": "101174000", "sellingGeneralAndAdministrative": "469541000", "researchAndDevelopment": "0", "operatingExpenses": "515822000", "investmentIncomeNet": "None", "netInterestIncome": "None", "interestIncome": "None", "interestExpense": "42395000", "nonInterestIncome": "None", "otherNonOperatingIncome": "14471000", "depreciation": "None", "depreciationAndAmortization": "46281000", "incomeBeforeTax": "59670000", "incomeTaxExpense": "19004000", "interestAndDebtExpense": "None", "netIncomeFromContinuingOperations": "40666000", "comprehensiveIncomeNetOfTax": "None", "ebit": "102065000", "ebitda": "148346000", "netIncome": "37546000"}, {"fiscalDateEnding": "2012-12-31", "reportedCurrency": "USD", "grossProfit": "874276000", "totalRevenue": "2005846000", "costOfRevenue": "1131570000", "costofGoodsAndServicesSold": "1131570000", "operatingIncome": "232723000", "sellingGeneralAndAdministrative": "597453000", "researchAndDevelopment": "0", "operatingExpenses": "642203000", "investmentIncomeNet": "None", "netInterestIncome": "None", "interestIncome": "None", "interestExpense": "43025000", "nonInterestIncome": "None", "otherNonOperatingIncome": "49177000", "depreciation": "None", "depreciationAndAmortization": "44750000", "incomeBeforeTax": "238875000", "incomeTaxExpense": "82969000", "interestAndDebtExpense": "None", "netIncomeFromContinuingOperations": "155906000", "comprehensiveIncomeNetOfTax": "None", "ebit": "283160000", "ebitda": "327910000", "netIncome": "172998000"}, {"fiscalDateEnding": "2012-09-30", "reportedCurrency": "USD", "grossProfit": "641902000", "totalRevenue": "1557147000", "costOfRevenue": "915245000", "costofGoodsAndServicesSold": "915245000", "operatingIncome": "103595000", "sellingGeneralAndAdministrative": "482362000", "researchAndDevelopment": "0", "operatingExpenses": "522464000", "investmentIncomeNet": "None", "netInterestIncome": "None", "interestIncome": "None", "interestExpense": "43651000", "nonInterestIncome": "None", "otherNonOperatingIncome": "4921000", "depreciation": "None", "depreciationAndAmortization": "40102000", "incomeBeforeTax": "64865000", "incomeTaxExpense": "22160000", "interestAndDebtExpense": "None", "netIncomeFromContinuingOperations": "42705000", "comprehensiveIncomeNetOfTax": "None", "ebit": "108516000", "ebitda": "148618000", "netIncome": "39709000"}, {"fiscalDateEnding": "2012-06-30", "reportedCurrency": "USD", "grossProfit": "692974000", "totalRevenue": "1601117000", "costOfRevenue": "908143000", "costofGoodsAndServicesSold": "908143000", "operatingIncome": "172700000", "sellingGeneralAndAdministrative": "482377000", "researchAndDevelopment": "0", "operatingExpenses": "520274000", "investmentIncomeNet": "None", "netInterestIncome": "None", "interestIncome": "None", "interestExpense": "44411000", "nonInterestIncome": "None", "otherNonOperatingIncome": "2090000", "depreciation": "None", "depreciationAndAmortization": "38336000", "incomeBeforeTax": "130379000", "incomeTaxExpense": "54780000", "interestAndDebtExpense": "None", "netIncomeFromContinuingOperations": "75599000", "comprehensiveIncomeNetOfTax": "None", "ebit": "174790000", "ebitda": "213126000", "netIncome": "75873000"}, {"fiscalDateEnding": "2012-03-31", "reportedCurrency": "USD", "grossProfit": "562433000", "totalRevenue": "1349989000", "costOfRevenue": "787556000", "costofGoodsAndServicesSold": "787556000", "operatingIncome": "76063000", "sellingGeneralAndAdministrative": "440722000", "researchAndDevelopment": "0", "operatingExpenses": "487179000", "investmentIncomeNet": "None", "netInterestIncome": "None", "interestIncome": "None", "interestExpense": "43981000", "nonInterestIncome": "None", "otherNonOperatingIncome": "23277000", "depreciation": "None", "depreciationAndAmortization": "46457000", "incomeBeforeTax": "55359000", "incomeTaxExpense": "25413000", "interestAndDebtExpense": "None", "netIncomeFromContinuingOperations": "29946000", "comprehensiveIncomeNetOfTax": "None", "ebit": "99340000", "ebitda": "145797000", "netIncome": "26975000"}, {"fiscalDateEnding": "2011-12-31", "reportedCurrency": "USD", "grossProfit": "754679000", "totalRevenue": "1763625000", "costOfRevenue": "1008946000", "costofGoodsAndServicesSold": "1008946000", "operatingIncome": "116556000", "sellingGeneralAndAdministrative": "603647000", "researchAndDevelopment": "0", "operatingExpenses": "639495000", "investmentIncomeNet": "None", "netInterestIncome": "None", "interestIncome": "None", "interestExpense": "43235000", "nonInterestIncome": "None", "otherNonOperatingIncome": "71298000", "depreciation": "None", "depreciationAndAmortization": "36534000", "incomeBeforeTax": "150031000", "incomeTaxExpense": "72071000", "interestAndDebtExpense": "None", "netIncomeFromContinuingOperations": "77960000", "comprehensiveIncomeNetOfTax": "None", "ebit": "193266000", "ebitda": "229800000", "netIncome": "79763000"}, {"fiscalDateEnding": "2011-09-30", "reportedCurrency": "USD", "grossProfit": "639856000", "totalRevenue": "1534463000", "costOfRevenue": "894607000", "costofGoodsAndServicesSold": "894607000", "operatingIncome": "143005000", "sellingGeneralAndAdministrative": "469138000", "researchAndDevelopment": "0", "operatingExpenses": "496851000", "investmentIncomeNet": "None", "netInterestIncome": "None", "interestIncome": "None", "interestExpense": "39080000", "nonInterestIncome": "None", "otherNonOperatingIncome": "3398000", "depreciation": "None", "depreciationAndAmortization": "31308000", "incomeBeforeTax": "107323000", "incomeTaxExpense": "47290000", "interestAndDebtExpense": "None", "netIncomeFromContinuingOperations": "60033000", "comprehensiveIncomeNetOfTax": "None", "ebit": "146403000", "ebitda": "177711000", "netIncome": "63807000"}, {"fiscalDateEnding": "2011-06-30", "reportedCurrency": "USD", "grossProfit": "582396000", "totalRevenue": "1422218000", "costOfRevenue": "839822000", "costofGoodsAndServicesSold": "839822000", "operatingIncome": "130182000", "sellingGeneralAndAdministrative": "432856000", "researchAndDevelopment": "0", "operatingExpenses": "458241000", "investmentIncomeNet": "None", "netInterestIncome": "None", "interestIncome": "None", "interestExpense": "34216000", "nonInterestIncome": "None", "otherNonOperatingIncome": "18970000", "depreciation": "None", "depreciationAndAmortization": "25385000", "incomeBeforeTax": "114936000", "incomeTaxExpense": "46336000", "interestAndDebtExpense": "None", "netIncomeFromContinuingOperations": "68600000", "comprehensiveIncomeNetOfTax": "None", "ebit": "149152000", "ebitda": "174537000", "netIncome": "61223000"}, {"fiscalDateEnding": "2011-03-31", "reportedCurrency": "USD", "grossProfit": "471350000", "totalRevenue": "1185105000", "costOfRevenue": "713755000", "costofGoodsAndServicesSold": "713755000", "operatingIncome": "73119000", "sellingGeneralAndAdministrative": "377025000", "researchAndDevelopment": "0", "operatingExpenses": "400203000", "investmentIncomeNet": "None", "netInterestIncome": "None", "interestIncome": "None", "interestExpense": "33718000", "nonInterestIncome": "None", "otherNonOperatingIncome": "17847000", "depreciation": "None", "depreciationAndAmortization": "23178000", "incomeBeforeTax": "57248000", "incomeTaxExpense": "23406000", "interestAndDebtExpense": "None", "netIncomeFromContinuingOperations": "33842000", "comprehensiveIncomeNetOfTax": "None", "ebit": "90966000", "ebitda": "114144000", "netIncome": "34369000"}, {"fiscalDateEnding": "2010-12-31", "reportedCurrency": "USD", "grossProfit": "720427000", "totalRevenue": "1651296000", "costOfRevenue": "930869000", "costofGoodsAndServicesSold": "930869000", "operatingIncome": "172933000", "sellingGeneralAndAdministrative": "522128000", "researchAndDevelopment": "0", "operatingExpenses": "550993000", "investmentIncomeNet": "None", "netInterestIncome": "None", "interestIncome": "None", "interestExpense": "41329000", "nonInterestIncome": "None", "otherNonOperatingIncome": "None", "depreciation": "None", "depreciationAndAmortization": "29245000", "incomeBeforeTax": "130726000", "incomeTaxExpense": "58290000", "interestAndDebtExpense": "None", "netIncomeFromContinuingOperations": "0", "comprehensiveIncomeNetOfTax": "None", "ebit": "172055000", "ebitda": "201300000", "netIncome": "95144000"}, {"fiscalDateEnding": "2010-09-30", "reportedCurrency": "USD", "grossProfit": "530825000", "totalRevenue": "1266218000", "costOfRevenue": "735393000", "costofGoodsAndServicesSold": "735393000", "operatingIncome": "130579000", "sellingGeneralAndAdministrative": "374815000", "researchAndDevelopment": "0", "operatingExpenses": "400420000", "investmentIncomeNet": "None", "netInterestIncome": "None", "interestIncome": "None", "interestExpense": "49755000", "nonInterestIncome": "None", "otherNonOperatingIncome": "5145000", "depreciation": "None", "depreciationAndAmortization": "25605000", "incomeBeforeTax": "85969000", "incomeTaxExpense": "38075000", "interestAndDebtExpense": "None", "netIncomeFromContinuingOperations": "47894000", "comprehensiveIncomeNetOfTax": "None", "ebit": "135724000", "ebitda": "161329000", "netIncome": "57038000"}, {"fiscalDateEnding": "2010-06-30", "reportedCurrency": "USD", "grossProfit": "493205000", "totalRevenue": "1171919000", "costOfRevenue": "678714000", "costofGoodsAndServicesSold": "678714000", "operatingIncome": "97179000", "sellingGeneralAndAdministrative": "372033000", "researchAndDevelopment": "0", "operatingExpenses": "399649000", "investmentIncomeNet": "None", "netInterestIncome": "None", "interestIncome": "None", "interestExpense": "50275000", "nonInterestIncome": "None", "otherNonOperatingIncome": "17346000", "depreciation": "None", "depreciationAndAmortization": "27616000", "incomeBeforeTax": "64250000", "incomeTaxExpense": "26704000", "interestAndDebtExpense": "None", "netIncomeFromContinuingOperations": "37546000", "comprehensiveIncomeNetOfTax": "None", "ebit": "114525000", "ebitda": "142141000", "netIncome": "54790000"}, {"fiscalDateEnding": "2010-03-31", "reportedCurrency": "USD", "grossProfit": "410689000", "totalRevenue": "1025883000", "costOfRevenue": "615194000", "costofGoodsAndServicesSold": "615194000", "operatingIncome": "45688000", "sellingGeneralAndAdministrative": "338706000", "researchAndDevelopment": "0", "operatingExpenses": "365001000", "investmentIncomeNet": "None", "netInterestIncome": "None", "interestIncome": "None", "interestExpense": "49792000", "nonInterestIncome": "None", "otherNonOperatingIncome": "None", "depreciation": "None", "depreciationAndAmortization": "26295000", "incomeBeforeTax": "-8888000", "incomeTaxExpense": "7299000", "interestAndDebtExpense": "None", "netIncomeFromContinuingOperations": "0", "comprehensiveIncomeNetOfTax": "None", "ebit": "40904000", "ebitda": "67199000", "netIncome": "-6627000"}, {"fiscalDateEnding": "2009-12-31", "reportedCurrency": "USD", "grossProfit": "575334000", "totalRevenue": "1296499000", "costOfRevenue": "721165000", "costofGoodsAndServicesSold": "721165000", "operatingIncome": "140445000", "sellingGeneralAndAdministrative": "410687000", "researchAndDevelopment": "0", "operatingExpenses": "443116000", "investmentIncomeNet": "None", "netInterestIncome": "None", "interestIncome": "None", "interestExpense": "52855000", "nonInterestIncome": "None", "otherNonOperatingIncome": "None", "depreciation": "None", "depreciationAndAmortization": "25470000", "incomeBeforeTax": "76966000", "incomeTaxExpense": "25836000", "interestAndDebtExpense": "None", "netIncomeFromContinuingOperations": "0", "comprehensiveIncomeNetOfTax": "None", "ebit": "124719000", "ebitda": "150189000", "netIncome": "64290000"}, {"fiscalDateEnding": "2009-09-30", "reportedCurrency": "USD", "grossProfit": "416735000", "totalRevenue": "1023205000", "costOfRevenue": "606470000", "costofGoodsAndServicesSold": "606470000", "operatingIncome": "56994000", "sellingGeneralAndAdministrative": "338062000", "researchAndDevelopment": "0", "operatingExpenses": "362507000", "investmentIncomeNet": "None", "netInterestIncome": "None", "interestIncome": "None", "interestExpense": "54075000", "nonInterestIncome": "None", "otherNonOperatingIncome": "None", "depreciation": "None", "depreciationAndAmortization": "24445000", "incomeBeforeTax": "-2145000", "incomeTaxExpense": "8498000", "interestAndDebtExpense": "None", "netIncomeFromContinuingOperations": "0", "comprehensiveIncomeNetOfTax": "None", "ebit": "51930000", "ebitda": "76375000", "netIncome": "12377000"}, {"fiscalDateEnding": "2009-06-30", "reportedCurrency": "USD", "grossProfit": "388836000", "totalRevenue": "955667000", "costOfRevenue": "566831000", "costofGoodsAndServicesSold": "566831000", "operatingIncome": "38924000", "sellingGeneralAndAdministrative": "328671000", "researchAndDevelopment": "0", "operatingExpenses": "352837000", "investmentIncomeNet": "None", "netInterestIncome": "None", "interestIncome": "None", "interestExpense": "47418000", "nonInterestIncome": "None", "otherNonOperatingIncome": "None", "depreciation": "None", "depreciationAndAmortization": "24166000", "incomeBeforeTax": "-9000000", "incomeTaxExpense": "4706000", "interestAndDebtExpense": "None", "netIncomeFromContinuingOperations": "0", "comprehensiveIncomeNetOfTax": "None", "ebit": "38418000", "ebitda": "62584000", "netIncome": "-6637000"}, {"fiscalDateEnding": "2009-03-31", "reportedCurrency": "USD", "grossProfit": "337030000", "totalRevenue": "890449000", "costOfRevenue": "553419000", "costofGoodsAndServicesSold": "553419000", "operatingIncome": "5479000", "sellingGeneralAndAdministrative": "306159000", "researchAndDevelopment": "0", "operatingExpenses": "331551000", "investmentIncomeNet": "None", "netInterestIncome": "None", "interestIncome": "None", "interestExpense": "34798000", "nonInterestIncome": "None", "otherNonOperatingIncome": "None", "depreciation": "None", "depreciationAndAmortization": "25392000", "incomeBeforeTax": "-66466000", "incomeTaxExpense": "-12047000", "interestAndDebtExpense": "None", "netIncomeFromContinuingOperations": "0", "comprehensiveIncomeNetOfTax": "None", "ebit": "-13938000", "ebitda": "11454000", "netIncome": "-36689000"}, {"fiscalDateEnding": "2008-12-31", "reportedCurrency": "USD", "grossProfit": "553576000", "totalRevenue": "1283284000", "costOfRevenue": "729708000", "costofGoodsAndServicesSold": "729708000", "operatingIncome": "-1055025000", "sellingGeneralAndAdministrative": "425546000", "researchAndDevelopment": "0", "operatingExpenses": "1608601000", "investmentIncomeNet": "None", "netInterestIncome": "None", "interestIncome": "None", "interestExpense": "48114000", "nonInterestIncome": "None", "otherNonOperatingIncome": "None", "depreciation": "None", "depreciationAndAmortization": "31165000", "incomeBeforeTax": "-1103139000", "incomeTaxExpense": "-13683000", "interestAndDebtExpense": "None", "netIncomeFromContinuingOperations": "0", "comprehensiveIncomeNetOfTax": "None", "ebit": "-1055025000", "ebitda": "-1023860000", "netIncome": "-1089456000"}, {"fiscalDateEnding": "2008-09-30", "reportedCurrency": "USD", "grossProfit": "544373000", "totalRevenue": "1299735000", "costOfRevenue": "755362000", "costofGoodsAndServicesSold": "755362000", "operatingIncome": "108375000", "sellingGeneralAndAdministrative": "420352000", "researchAndDevelopment": "0", "operatingExpenses": "435998000", "investmentIncomeNet": "None", "netInterestIncome": "None", "interestIncome": "None", "interestExpense": "42290000", "nonInterestIncome": "None", "otherNonOperatingIncome": "None", "depreciation": "None", "depreciationAndAmortization": "27729000", "incomeBeforeTax": "67849000", "incomeTaxExpense": "37701000", "interestAndDebtExpense": "None", "netIncomeFromContinuingOperations": "0", "comprehensiveIncomeNetOfTax": "None", "ebit": "107142000", "ebitda": "134871000", "netIncome": "40373000"}, {"fiscalDateEnding": "2008-06-30", "reportedCurrency": "USD", "grossProfit": "577668000", "totalRevenue": "1314873000", "costOfRevenue": "737205000", "costofGoodsAndServicesSold": "737205000", "operatingIncome": "87849000", "sellingGeneralAndAdministrative": "468839000", "researchAndDevelopment": "0", "operatingExpenses": "489819000", "investmentIncomeNet": "None", "netInterestIncome": "None", "interestIncome": "None", "interestExpense": "50956000", "nonInterestIncome": "None", "otherNonOperatingIncome": "None", "depreciation": "None", "depreciationAndAmortization": "27225000", "incomeBeforeTax": "36893000", "incomeTaxExpense": "20330000", "interestAndDebtExpense": "None", "netIncomeFromContinuingOperations": "0", "comprehensiveIncomeNetOfTax": "None", "ebit": "88414000", "ebitda": "115639000", "netIncome": "16563000"}, {"fiscalDateEnding": "2008-03-31", "reportedCurrency": "USD", "grossProfit": "526479000", "totalRevenue": "1230925000", "costOfRevenue": "704446000", "costofGoodsAndServicesSold": "704446000", "operatingIncome": "70332000", "sellingGeneralAndAdministrative": "432345000", "researchAndDevelopment": "0", "operatingExpenses": "456147000", "investmentIncomeNet": "None", "netInterestIncome": "None", "interestIncome": "None", "interestExpense": "43416000", "nonInterestIncome": "None", "otherNonOperatingIncome": "None", "depreciation": "None", "depreciationAndAmortization": "28452000", "incomeBeforeTax": "26916000", "incomeTaxExpense": "6462000", "interestAndDebtExpense": "None", "netIncomeFromContinuingOperations": "0", "comprehensiveIncomeNetOfTax": "None", "ebit": "70332000", "ebitda": "98784000", "netIncome": "20454000"}, {"fiscalDateEnding": "2007-12-31", "reportedCurrency": "USD", "grossProfit": "869528000", "totalRevenue": "1837116000", "costOfRevenue": "967588000", "costofGoodsAndServicesSold": "967588000", "operatingIncome": "191973000", "sellingGeneralAndAdministrative": "638592000", "researchAndDevelopment": "0", "operatingExpenses": "660447000", "investmentIncomeNet": "None", "netInterestIncome": "None", "interestIncome": "None", "interestExpense": "1604000", "nonInterestIncome": "None", "otherNonOperatingIncome": "None", "depreciation": "None", "depreciationAndAmortization": "32579000", "incomeBeforeTax": "190943000", "incomeTaxExpense": "71131000", "interestAndDebtExpense": "None", "netIncomeFromContinuingOperations": "0", "comprehensiveIncomeNetOfTax": "None", "ebit": "209081000", "ebitda": "241660000", "netIncome": "122446000"}, {"fiscalDateEnding": "2007-09-30", "reportedCurrency": "USD", "grossProfit": "700957000", "totalRevenue": "1492809000", "costOfRevenue": "791852000", "costofGoodsAndServicesSold": "791852000", "operatingIncome": "215254000", "sellingGeneralAndAdministrative": "468375000", "researchAndDevelopment": "0", "operatingExpenses": "480611000", "investmentIncomeNet": "None", "netInterestIncome": "None", "interestIncome": "None", "interestExpense": "36152000", "nonInterestIncome": "None", "otherNonOperatingIncome": "None", "depreciation": "None", "depreciationAndAmortization": "30450000", "incomeBeforeTax": "179102000", "incomeTaxExpense": "64155000", "interestAndDebtExpense": "None", "netIncomeFromContinuingOperations": "0", "comprehensiveIncomeNetOfTax": "None", "ebit": "209363000", "ebitda": "239813000", "netIncome": "114947000"}, {"fiscalDateEnding": "2007-06-30", "reportedCurrency": "USD", "grossProfit": "698758000", "totalRevenue": "1490363000", "costOfRevenue": "791605000", "costofGoodsAndServicesSold": "791605000", "operatingIncome": "198616000", "sellingGeneralAndAdministrative": "469754000", "researchAndDevelopment": "0", "operatingExpenses": "497265000", "investmentIncomeNet": "None", "netInterestIncome": "None", "interestIncome": "None", "interestExpense": "42173000", "nonInterestIncome": "None", "otherNonOperatingIncome": "None", "depreciation": "None", "depreciationAndAmortization": "29461000", "incomeBeforeTax": "188495000", "incomeTaxExpense": "47360000", "interestAndDebtExpense": "None", "netIncomeFromContinuingOperations": "0", "comprehensiveIncomeNetOfTax": "None", "ebit": "201493000", "ebitda": "230954000", "netIncome": "141135000"}, {"fiscalDateEnding": "2007-03-31", "reportedCurrency": "USD", "grossProfit": "564288000", "totalRevenue": "1213961000", "costOfRevenue": "649673000", "costofGoodsAndServicesSold": "649673000", "operatingIncome": "93128000", "sellingGeneralAndAdministrative": "411937000", "researchAndDevelopment": "0", "operatingExpenses": "439305000", "investmentIncomeNet": "None", "netInterestIncome": "None", "interestIncome": "None", "interestExpense": "103009000", "nonInterestIncome": "None", "otherNonOperatingIncome": "None", "depreciation": "None", "depreciationAndAmortization": "29162000", "incomeBeforeTax": "21974000", "incomeTaxExpense": "9997000", "interestAndDebtExpense": "None", "netIncomeFromContinuingOperations": "0", "comprehensiveIncomeNetOfTax": "None", "ebit": "124983000", "ebitda": "154145000", "netIncome": "11977000"}, {"fiscalDateEnding": "2006-12-31", "reportedCurrency": "USD", "grossProfit": "711255000", "totalRevenue": "1611832000", "costOfRevenue": "900577000", "costofGoodsAndServicesSold": "900577000", "operatingIncome": "223837000", "sellingGeneralAndAdministrative": "461900000", "researchAndDevelopment": "0", "operatingExpenses": "487418000", "investmentIncomeNet": "None", "netInterestIncome": "None", "interestIncome": "None", "interestExpense": "10252000", "nonInterestIncome": "None", "otherNonOperatingIncome": "None", "depreciation": "None", "depreciationAndAmortization": "29614000", "incomeBeforeTax": "215293000", "incomeTaxExpense": "90195000", "interestAndDebtExpense": "None", "netIncomeFromContinuingOperations": "0", "comprehensiveIncomeNetOfTax": "None", "ebit": "223837000", "ebitda": "253451000", "netIncome": "125098000"}, {"fiscalDateEnding": "2006-09-30", "reportedCurrency": "USD", "grossProfit": "446882000", "totalRevenue": "903876000", "costOfRevenue": "456994000", "costofGoodsAndServicesSold": "456994000", "operatingIncome": "138868000", "sellingGeneralAndAdministrative": "293122000", "researchAndDevelopment": "0", "operatingExpenses": "308014000", "investmentIncomeNet": "None", "netInterestIncome": "None", "interestIncome": "None", "interestExpense": "3246000", "nonInterestIncome": "None", "otherNonOperatingIncome": "None", "depreciation": "None", "depreciationAndAmortization": "15392000", "incomeBeforeTax": "142114000", "incomeTaxExpense": "49805000", "interestAndDebtExpense": "None", "netIncomeFromContinuingOperations": "0", "comprehensiveIncomeNetOfTax": "None", "ebit": "138868000", "ebitda": "154260000", "netIncome": "92309000"}, {"fiscalDateEnding": "2006-06-30", "reportedCurrency": "USD", "grossProfit": "423732000", "totalRevenue": "836228000", "costOfRevenue": "412496000", "costofGoodsAndServicesSold": "412496000", "operatingIncome": "127879000", "sellingGeneralAndAdministrative": "283598000", "researchAndDevelopment": "0", "operatingExpenses": "295853000", "investmentIncomeNet": "None", "netInterestIncome": "None", "interestIncome": "None", "interestExpense": "25783000", "nonInterestIncome": "None", "otherNonOperatingIncome": "None", "depreciation": "None", "depreciationAndAmortization": "26488000", "incomeBeforeTax": "102096000", "incomeTaxExpense": "37842000", "interestAndDebtExpense": "None", "netIncomeFromContinuingOperations": "0", "comprehensiveIncomeNetOfTax": "None", "ebit": "127879000", "ebitda": "154367000", "netIncome": "64254000"}, {"fiscalDateEnding": "2006-03-31", "reportedCurrency": "USD", "grossProfit": "339646000", "totalRevenue": "680091000", "costOfRevenue": "340445000", "costofGoodsAndServicesSold": "340445000", "operatingIncome": "59555000", "sellingGeneralAndAdministrative": "265161000", "researchAndDevelopment": "0", "operatingExpenses": "280091000", "investmentIncomeNet": "None", "netInterestIncome": "None", "interestIncome": "None", "interestExpense": "2161000", "nonInterestIncome": "None", "otherNonOperatingIncome": "None", "depreciation": "None", "depreciationAndAmortization": "16196000", "incomeBeforeTax": "57394000", "incomeTaxExpense": "20484000", "interestAndDebtExpense": "None", "netIncomeFromContinuingOperations": "0", "comprehensiveIncomeNetOfTax": "None", "ebit": "59555000", "ebitda": "75751000", "netIncome": "36910000"}, {"fiscalDateEnding": "2005-12-31", "reportedCurrency": "USD", "grossProfit": "473607000", "totalRevenue": "956014000", "costOfRevenue": "482407000", "costofGoodsAndServicesSold": "482407000", "operatingIncome": "158969000", "sellingGeneralAndAdministrative": "301975000", "researchAndDevelopment": "0", "operatingExpenses": "314638000", "investmentIncomeNet": "None", "netInterestIncome": "None", "interestIncome": "None", "interestExpense": "13515000", "nonInterestIncome": "None", "otherNonOperatingIncome": "None", "depreciation": "None", "depreciationAndAmortization": "13928000", "incomeBeforeTax": "163419000", "incomeTaxExpense": "68007000", "interestAndDebtExpense": "None", "netIncomeFromContinuingOperations": "0", "comprehensiveIncomeNetOfTax": "None", "ebit": "158969000", "ebitda": "172897000", "netIncome": "95412000"}, {"fiscalDateEnding": "2005-09-30", "reportedCurrency": "USD", "grossProfit": "363255000", "totalRevenue": "744198000", "costOfRevenue": "380943000", "costofGoodsAndServicesSold": "380943000", "operatingIncome": "95884000", "sellingGeneralAndAdministrative": "255706000", "researchAndDevelopment": "0", "operatingExpenses": "267371000", "investmentIncomeNet": "None", "netInterestIncome": "None", "interestIncome": "None", "interestExpense": "10423000", "nonInterestIncome": "None", "otherNonOperatingIncome": "None", "depreciation": "None", "depreciationAndAmortization": "13082000", "incomeBeforeTax": "85461000", "incomeTaxExpense": "28525000", "interestAndDebtExpense": "None", "netIncomeFromContinuingOperations": "0", "comprehensiveIncomeNetOfTax": "None", "ebit": "95884000", "ebitda": "108966000", "netIncome": "56936000"}, {"fiscalDateEnding": "2005-06-30", "reportedCurrency": "USD", "grossProfit": "333472000", "totalRevenue": "672163000", "costOfRevenue": "338691000", "costofGoodsAndServicesSold": "338691000", "operatingIncome": "80924000", "sellingGeneralAndAdministrative": "241730000", "researchAndDevelopment": "0", "operatingExpenses": "252548000", "investmentIncomeNet": "None", "netInterestIncome": "None", "interestIncome": "None", "interestExpense": "13374000", "nonInterestIncome": "None", "otherNonOperatingIncome": "None", "depreciation": "None", "depreciationAndAmortization": "12499000", "incomeBeforeTax": "83555000", "incomeTaxExpense": "33134000", "interestAndDebtExpense": "None", "netIncomeFromContinuingOperations": "0", "comprehensiveIncomeNetOfTax": "None", "ebit": "80924000", "ebitda": "93423000", "netIncome": "50421000"}, {"fiscalDateEnding": "2005-03-31", "reportedCurrency": "USD", "grossProfit": "270220000", "totalRevenue": "538266000", "costOfRevenue": "268046000", "costofGoodsAndServicesSold": "268046000", "operatingIncome": "36629000", "sellingGeneralAndAdministrative": "223221000", "researchAndDevelopment": "0", "operatingExpenses": "233591000", "investmentIncomeNet": "None", "netInterestIncome": "None", "interestIncome": "None", "interestExpense": "12842000", "nonInterestIncome": "None", "otherNonOperatingIncome": "None", "depreciation": "None", "depreciationAndAmortization": "12610000", "incomeBeforeTax": "23787000", "incomeTaxExpense": "9215000", "interestAndDebtExpense": "None", "netIncomeFromContinuingOperations": "0", "comprehensiveIncomeNetOfTax": "None", "ebit": "36629000", "ebitda": "49239000", "netIncome": "14572000"}, {"fiscalDateEnding": "2004-12-31", "reportedCurrency": "USD", "grossProfit": "391968000", "totalRevenue": "798189000", "costOfRevenue": "406221000", "costofGoodsAndServicesSold": "406221000", "operatingIncome": "110236000", "sellingGeneralAndAdministrative": "266876000", "researchAndDevelopment": "0", "operatingExpenses": "281732000", "investmentIncomeNet": "None", "netInterestIncome": "None", "interestIncome": "None", "interestExpense": "1964000", "nonInterestIncome": "None", "otherNonOperatingIncome": "None", "depreciation": "None", "depreciationAndAmortization": "16175000", "incomeBeforeTax": "108272000", "incomeTaxExpense": "41839000", "interestAndDebtExpense": "None", "netIncomeFromContinuingOperations": "0", "comprehensiveIncomeNetOfTax": "None", "ebit": "110236000", "ebitda": "126411000", "netIncome": "66433000"}]}