{"symbol": "HST", "annualReports": [{"fiscalDateEnding": "2024-12-31", "reportedCurrency": "USD", "grossProfit": "3033000000", "totalRevenue": "5684000000", "costOfRevenue": "2651000000", "costofGoodsAndServicesSold": "2651000000", "operatingIncome": "875000000", "sellingGeneralAndAdministrative": "117000000", "researchAndDevelopment": "None", "operatingExpenses": "2158000000", "investmentIncomeNet": "None", "netInterestIncome": "-161000000", "interestIncome": "54000000", "interestExpense": "215000000", "nonInterestIncome": "None", "otherNonOperatingIncome": "None", "depreciation": "None", "depreciationAndAmortization": "762000000", "incomeBeforeTax": "721000000", "incomeTaxExpense": "14000000", "interestAndDebtExpense": "None", "netIncomeFromContinuingOperations": "707000000", "comprehensiveIncomeNetOfTax": "None", "ebit": "936000000", "ebitda": "1698000000", "netIncome": "697000000"}, {"fiscalDateEnding": "2023-12-31", "reportedCurrency": "USD", "grossProfit": "1570000000", "totalRevenue": "5311000000", "costOfRevenue": "3741000000", "costofGoodsAndServicesSold": "3741000000", "operatingIncome": "827000000", "sellingGeneralAndAdministrative": "115000000", "researchAndDevelopment": "0.15", "operatingExpenses": "672000000", "investmentIncomeNet": "None", "netInterestIncome": "-112000000", "interestIncome": "75000000", "interestExpense": "187000000", "nonInterestIncome": "None", "otherNonOperatingIncome": "None", "depreciation": "None", "depreciationAndAmortization": "697000000", "incomeBeforeTax": "788000000", "incomeTaxExpense": "36000000", "interestAndDebtExpense": "None", "netIncomeFromContinuingOperations": "752000000", "comprehensiveIncomeNetOfTax": "None", "ebit": "975000000", "ebitda": "1672000000", "netIncome": "740000000"}, {"fiscalDateEnding": "2022-12-31", "reportedCurrency": "USD", "grossProfit": "2927000000", "totalRevenue": "4907000000", "costOfRevenue": "1980000000", "costofGoodsAndServicesSold": "1980000000", "operatingIncome": "775000000", "sellingGeneralAndAdministrative": "324000000", "researchAndDevelopment": "0.14", "operatingExpenses": "2169000000", "investmentIncomeNet": "None", "netInterestIncome": "-126000000", "interestIncome": "30000000", "interestExpense": "156000000", "nonInterestIncome": "None", "otherNonOperatingIncome": "None", "depreciation": "None", "depreciationAndAmortization": "4149000000", "incomeBeforeTax": "669000000", "incomeTaxExpense": "26000000", "interestAndDebtExpense": "None", "netIncomeFromContinuingOperations": "643000000", "comprehensiveIncomeNetOfTax": "None", "ebit": "-2727000000", "ebitda": "1422000000", "netIncome": "633000000"}, {"fiscalDateEnding": "2021-12-31", "reportedCurrency": "USD", "grossProfit": "1590000000", "totalRevenue": "2890000000", "costOfRevenue": "1300000000", "costofGoodsAndServicesSold": "1300000000", "operatingIncome": "81000000", "sellingGeneralAndAdministrative": "196000000", "researchAndDevelopment": "0.04", "operatingExpenses": "1848000000", "investmentIncomeNet": "None", "netInterestIncome": "-189000000", "interestIncome": "2000000", "interestExpense": "191000000", "nonInterestIncome": "None", "otherNonOperatingIncome": "None", "depreciation": "None", "depreciationAndAmortization": "3056000000", "incomeBeforeTax": "-102000000", "incomeTaxExpense": "-91000000", "interestAndDebtExpense": "None", "netIncomeFromContinuingOperations": "-11000000", "comprehensiveIncomeNetOfTax": "None", "ebit": "-2213000000", "ebitda": "843000000", "netIncome": "-11000000"}, {"fiscalDateEnding": "2020-12-31", "reportedCurrency": "USD", "grossProfit": "526000000", "totalRevenue": "1620000000", "costOfRevenue": "1094000000", "costofGoodsAndServicesSold": "1094000000", "operatingIncome": "-953000000", "sellingGeneralAndAdministrative": "128000000", "researchAndDevelopment": "0.59", "operatingExpenses": "1479000000", "investmentIncomeNet": "None", "netInterestIncome": "-186000000", "interestIncome": "8000000", "interestExpense": "194000000", "nonInterestIncome": "None", "otherNonOperatingIncome": "186000000", "depreciation": "None", "depreciationAndAmortization": "2573000000", "incomeBeforeTax": "-961000000", "incomeTaxExpense": "-220000000", "interestAndDebtExpense": "None", "netIncomeFromContinuingOperations": "-741000000", "comprehensiveIncomeNetOfTax": "None", "ebit": "-2614000000", "ebitda": "-41000000", "netIncome": "-741000000"}, {"fiscalDateEnding": "2019-12-31", "reportedCurrency": "USD", "grossProfit": "3111000000", "totalRevenue": "5469000000", "costOfRevenue": "2358000000", "costofGoodsAndServicesSold": "2358000000", "operatingIncome": "799000000", "sellingGeneralAndAdministrative": "346000000", "researchAndDevelopment": "0.18", "operatingExpenses": "2317000000", "investmentIncomeNet": "None", "netInterestIncome": "-184000000", "interestIncome": "32000000", "interestExpense": "222000000", "nonInterestIncome": "None", "otherNonOperatingIncome": "386000000", "depreciation": "None", "depreciationAndAmortization": "4676000000", "incomeBeforeTax": "962000000", "incomeTaxExpense": "30000000", "interestAndDebtExpense": "None", "netIncomeFromContinuingOperations": "932000000", "comprehensiveIncomeNetOfTax": "None", "ebit": "-3207000000", "ebitda": "1469000000", "netIncome": "920000000"}, {"fiscalDateEnding": "2018-12-31", "reportedCurrency": "USD", "grossProfit": "3116000000", "totalRevenue": "5524000000", "costOfRevenue": "2408000000", "costofGoodsAndServicesSold": "2408000000", "operatingIncome": "530000000", "sellingGeneralAndAdministrative": "347000000", "researchAndDevelopment": "0.24", "operatingExpenses": "2593000000", "investmentIncomeNet": "None", "netInterestIncome": "-161000000", "interestIncome": "15000000", "interestExpense": "176000000", "nonInterestIncome": "None", "otherNonOperatingIncome": "947000000", "depreciation": "None", "depreciationAndAmortization": "5001000000", "incomeBeforeTax": "1301000000", "incomeTaxExpense": "150000000", "interestAndDebtExpense": "None", "netIncomeFromContinuingOperations": "1151000000", "comprehensiveIncomeNetOfTax": "None", "ebit": "-3534000000", "ebitda": "1467000000", "netIncome": "1087000000"}, {"fiscalDateEnding": "2017-12-31", "reportedCurrency": "USD", "grossProfit": "3023000000", "totalRevenue": "5387000000", "costOfRevenue": "2364000000", "costofGoodsAndServicesSold": "2364000000", "operatingIncome": "676000000", "sellingGeneralAndAdministrative": "336000000", "researchAndDevelopment": "0.12", "operatingExpenses": "2360000000", "investmentIncomeNet": "None", "netInterestIncome": "-161000000", "interestIncome": "6000000", "interestExpense": "167000000", "nonInterestIncome": "None", "otherNonOperatingIncome": "144000000", "depreciation": "None", "depreciationAndAmortization": "4726000000", "incomeBeforeTax": "651000000", "incomeTaxExpense": "80000000", "interestAndDebtExpense": "None", "netIncomeFromContinuingOperations": "571000000", "comprehensiveIncomeNetOfTax": "None", "ebit": "-3314000000", "ebitda": "1412000000", "netIncome": "564000000"}, {"fiscalDateEnding": "2016-12-31", "reportedCurrency": "USD", "grossProfit": "3041000000", "totalRevenue": "5430000000", "costOfRevenue": "2389000000", "costofGoodsAndServicesSold": "2389000000", "operatingIncome": "684000000", "sellingGeneralAndAdministrative": "343000000", "researchAndDevelopment": "0.15", "operatingExpenses": "2373000000", "investmentIncomeNet": "None", "netInterestIncome": "-151000000", "interestIncome": "3000000", "interestExpense": "154000000", "nonInterestIncome": "None", "otherNonOperatingIncome": "277000000", "depreciation": "None", "depreciationAndAmortization": "4758000000", "incomeBeforeTax": "811000000", "incomeTaxExpense": "40000000", "interestAndDebtExpense": "None", "netIncomeFromContinuingOperations": "771000000", "comprehensiveIncomeNetOfTax": "None", "ebit": "-3334000000", "ebitda": "1424000000", "netIncome": "762000000"}, {"fiscalDateEnding": "2015-12-31", "reportedCurrency": "USD", "grossProfit": "2979000000", "totalRevenue": "5387000000", "costOfRevenue": "2408000000", "costofGoodsAndServicesSold": "2408000000", "operatingIncome": "650000000", "sellingGeneralAndAdministrative": "324000000", "researchAndDevelopment": "0", "operatingExpenses": "2335000000", "investmentIncomeNet": "None", "netInterestIncome": "None", "interestIncome": "152000000", "interestExpense": "234000000", "nonInterestIncome": "None", "otherNonOperatingIncome": "169000000", "depreciation": "None", "depreciationAndAmortization": "716000000", "incomeBeforeTax": "580000000", "incomeTaxExpense": "9000000", "interestAndDebtExpense": "None", "netIncomeFromContinuingOperations": "571000000", "comprehensiveIncomeNetOfTax": "None", "ebit": "697000000", "ebitda": "1413000000", "netIncome": "558000000"}, {"fiscalDateEnding": "2014-12-31", "reportedCurrency": "USD", "grossProfit": "2935000000", "totalRevenue": "5354000000", "costOfRevenue": "2419000000", "costofGoodsAndServicesSold": "2419000000", "operatingIncome": "710000000", "sellingGeneralAndAdministrative": "331000000", "researchAndDevelopment": "0", "operatingExpenses": "2296000000", "investmentIncomeNet": "None", "netInterestIncome": "None", "interestIncome": "None", "interestExpense": "214000000", "nonInterestIncome": "None", "otherNonOperatingIncome": "266000000", "depreciation": "None", "depreciationAndAmortization": "701000000", "incomeBeforeTax": "761000000", "incomeTaxExpense": "14000000", "interestAndDebtExpense": "None", "netIncomeFromContinuingOperations": "747000000", "comprehensiveIncomeNetOfTax": "None", "ebit": "661000000", "ebitda": "1362000000", "netIncome": "732000000"}, {"fiscalDateEnding": "2013-12-31", "reportedCurrency": "USD", "grossProfit": "2801000000", "totalRevenue": "5166000000", "costOfRevenue": "2365000000", "costofGoodsAndServicesSold": "2365000000", "operatingIncome": "512000000", "sellingGeneralAndAdministrative": "343000000", "researchAndDevelopment": "0", "operatingExpenses": "2289000000", "investmentIncomeNet": "None", "netInterestIncome": "None", "interestIncome": "None", "interestExpense": "304000000", "nonInterestIncome": "None", "otherNonOperatingIncome": "20000000", "depreciation": "None", "depreciationAndAmortization": "697000000", "incomeBeforeTax": "231000000", "incomeTaxExpense": "21000000", "interestAndDebtExpense": "None", "netIncomeFromContinuingOperations": "210000000", "comprehensiveIncomeNetOfTax": "None", "ebit": "512000000", "ebitda": "1209000000", "netIncome": "317000000"}, {"fiscalDateEnding": "2012-12-31", "reportedCurrency": "USD", "grossProfit": "2719000000", "totalRevenue": "5286000000", "costOfRevenue": "2567000000", "costofGoodsAndServicesSold": "2567000000", "operatingIncome": "383000000", "sellingGeneralAndAdministrative": "314000000", "researchAndDevelopment": "0", "operatingExpenses": "2347000000", "investmentIncomeNet": "None", "netInterestIncome": "None", "interestIncome": "None", "interestExpense": "373000000", "nonInterestIncome": "None", "otherNonOperatingIncome": "None", "depreciation": "None", "depreciationAndAmortization": "751000000", "incomeBeforeTax": "44000000", "incomeTaxExpense": "31000000", "interestAndDebtExpense": "None", "netIncomeFromContinuingOperations": "None", "comprehensiveIncomeNetOfTax": "None", "ebit": "381000000", "ebitda": "1132000000", "netIncome": "61000000"}, {"fiscalDateEnding": "2011-12-31", "reportedCurrency": "USD", "grossProfit": "1843000000", "totalRevenue": "4998000000", "costOfRevenue": "3155000000", "costofGoodsAndServicesSold": "3155000000", "operatingIncome": "324000000", "sellingGeneralAndAdministrative": "869000000", "researchAndDevelopment": "0", "operatingExpenses": "1519000000", "investmentIncomeNet": "None", "netInterestIncome": "None", "interestIncome": "None", "interestExpense": "371000000", "nonInterestIncome": "None", "otherNonOperatingIncome": "None", "depreciation": "None", "depreciationAndAmortization": "652000000", "incomeBeforeTax": "-13000000", "incomeTaxExpense": "-1000000", "interestAndDebtExpense": "None", "netIncomeFromContinuingOperations": "None", "comprehensiveIncomeNetOfTax": "None", "ebit": "332000000", "ebitda": "984000000", "netIncome": "-15000000"}, {"fiscalDateEnding": "2010-12-31", "reportedCurrency": "USD", "grossProfit": "1580000000", "totalRevenue": "4437000000", "costOfRevenue": "2857000000", "costofGoodsAndServicesSold": "2857000000", "operatingIncome": "223000000", "sellingGeneralAndAdministrative": "768000000", "researchAndDevelopment": "0", "operatingExpenses": "1357000000", "investmentIncomeNet": "None", "netInterestIncome": "None", "interestIncome": "None", "interestExpense": "384000000", "nonInterestIncome": "None", "otherNonOperatingIncome": "None", "depreciation": "None", "depreciationAndAmortization": "592000000", "incomeBeforeTax": "-159000000", "incomeTaxExpense": "-31000000", "interestAndDebtExpense": "None", "netIncomeFromContinuingOperations": "None", "comprehensiveIncomeNetOfTax": "None", "ebit": "215000000", "ebitda": "807000000", "netIncome": "-130000000"}, {"fiscalDateEnding": "2009-12-31", "reportedCurrency": "USD", "grossProfit": "2532000000", "totalRevenue": "4158000000", "costOfRevenue": "1626000000", "costofGoodsAndServicesSold": "1626000000", "operatingIncome": "98000000", "sellingGeneralAndAdministrative": "1385000000", "researchAndDevelopment": "0", "operatingExpenses": "2434000000", "investmentIncomeNet": "None", "netInterestIncome": "None", "interestIncome": "None", "interestExpense": "379000000", "nonInterestIncome": "None", "otherNonOperatingIncome": "None", "depreciation": "None", "depreciationAndAmortization": "662000000", "incomeBeforeTax": "-287000000", "incomeTaxExpense": "-39000000", "interestAndDebtExpense": "None", "netIncomeFromContinuingOperations": "None", "comprehensiveIncomeNetOfTax": "None", "ebit": "-262000000", "ebitda": "400000000", "netIncome": "-252000000"}, {"fiscalDateEnding": "2008-12-31", "reportedCurrency": "USD", "grossProfit": "2021000000", "totalRevenue": "5288000000", "costOfRevenue": "3267000000", "costofGoodsAndServicesSold": "3267000000", "operatingIncome": "748000000", "sellingGeneralAndAdministrative": "691000000", "researchAndDevelopment": "None", "operatingExpenses": "1273000000", "investmentIncomeNet": "None", "netInterestIncome": "None", "interestIncome": "None", "interestExpense": "341000000", "nonInterestIncome": "None", "otherNonOperatingIncome": "None", "depreciation": "None", "depreciationAndAmortization": "582000000", "incomeBeforeTax": "399000000", "incomeTaxExpense": "-3000000", "interestAndDebtExpense": "None", "netIncomeFromContinuingOperations": "None", "comprehensiveIncomeNetOfTax": "None", "ebit": "385000000", "ebitda": "967000000", "netIncome": "427000000"}, {"fiscalDateEnding": "2007-12-31", "reportedCurrency": "USD", "grossProfit": "2153000000", "totalRevenue": "5426000000", "costOfRevenue": "3273000000", "costofGoodsAndServicesSold": "3273000000", "operatingIncome": "953000000", "sellingGeneralAndAdministrative": "683000000", "researchAndDevelopment": "None", "operatingExpenses": "1200000000", "investmentIncomeNet": "None", "netInterestIncome": "None", "interestIncome": "None", "interestExpense": "422000000", "nonInterestIncome": "None", "otherNonOperatingIncome": "None", "depreciation": "None", "depreciationAndAmortization": "517000000", "incomeBeforeTax": "553000000", "incomeTaxExpense": "3000000", "interestAndDebtExpense": "None", "netIncomeFromContinuingOperations": "None", "comprehensiveIncomeNetOfTax": "None", "ebit": "486000000", "ebitda": "1003000000", "netIncome": "727000000"}, {"fiscalDateEnding": "2006-12-31", "reportedCurrency": "USD", "grossProfit": "3114000000", "totalRevenue": "4888000000", "costOfRevenue": "1774000000", "costofGoodsAndServicesSold": "1774000000", "operatingIncome": "777000000", "sellingGeneralAndAdministrative": "322000000", "researchAndDevelopment": "None", "operatingExpenses": "2337000000", "investmentIncomeNet": "None", "netInterestIncome": "None", "interestIncome": "None", "interestExpense": "450000000", "nonInterestIncome": "None", "otherNonOperatingIncome": "None", "depreciation": "None", "depreciationAndAmortization": "459000000", "incomeBeforeTax": "314000000", "incomeTaxExpense": "5000000", "interestAndDebtExpense": "None", "netIncomeFromContinuingOperations": "None", "comprehensiveIncomeNetOfTax": "None", "ebit": "331000000", "ebitda": "790000000", "netIncome": "738000000"}, {"fiscalDateEnding": "2005-12-31", "reportedCurrency": "USD", "grossProfit": "2438000000", "totalRevenue": "3881000000", "costOfRevenue": "1443000000", "costofGoodsAndServicesSold": "1443000000", "operatingIncome": "519000000", "sellingGeneralAndAdministrative": "170000000", "researchAndDevelopment": "None", "operatingExpenses": "1919000000", "investmentIncomeNet": "None", "netInterestIncome": "None", "interestIncome": "None", "interestExpense": "0", "nonInterestIncome": "None", "otherNonOperatingIncome": "None", "depreciation": "None", "depreciationAndAmortization": "373000000", "incomeBeforeTax": "162000000", "incomeTaxExpense": "24000000", "interestAndDebtExpense": "None", "netIncomeFromContinuingOperations": "None", "comprehensiveIncomeNetOfTax": "None", "ebit": "519000000", "ebitda": "892000000", "netIncome": "166000000"}], "quarterlyReports": [{"fiscalDateEnding": "2024-12-31", "reportedCurrency": "USD", "grossProfit": "763000000", "totalRevenue": "1428000000", "costOfRevenue": "665000000", "costofGoodsAndServicesSold": "665000000", "operatingIncome": "157000000", "sellingGeneralAndAdministrative": "36000000", "researchAndDevelopment": "None", "operatingExpenses": "606000000", "investmentIncomeNet": "None", "netInterestIncome": "-48000000", "interestIncome": "11000000", "interestExpense": "59000000", "nonInterestIncome": "None", "otherNonOperatingIncome": "None", "depreciation": "None", "depreciationAndAmortization": "197000000", "incomeBeforeTax": "103000000", "incomeTaxExpense": "-6000000", "interestAndDebtExpense": "None", "netIncomeFromContinuingOperations": "109000000", "comprehensiveIncomeNetOfTax": "None", "ebit": "162000000", "ebitda": "359000000", "netIncome": "108000000"}, {"fiscalDateEnding": "2024-09-30", "reportedCurrency": "USD", "grossProfit": "836000000", "totalRevenue": "1319000000", "costOfRevenue": "483000000", "costofGoodsAndServicesSold": "483000000", "operatingIncome": "135000000", "sellingGeneralAndAdministrative": "25000000", "researchAndDevelopment": "None", "operatingExpenses": "701000000", "investmentIncomeNet": "None", "netInterestIncome": "-48000000", "interestIncome": "11000000", "interestExpense": "59000000", "nonInterestIncome": "None", "otherNonOperatingIncome": "None", "depreciation": "None", "depreciationAndAmortization": "197000000", "incomeBeforeTax": "90000000", "incomeTaxExpense": "6000000", "interestAndDebtExpense": "None", "netIncomeFromContinuingOperations": "84000000", "comprehensiveIncomeNetOfTax": "None", "ebit": "149000000", "ebitda": "346000000", "netIncome": "82000000"}, {"fiscalDateEnding": "2024-06-30", "reportedCurrency": "USD", "grossProfit": "265000000", "totalRevenue": "1466000000", "costOfRevenue": "1201000000", "costofGoodsAndServicesSold": "1201000000", "operatingIncome": "236000000", "sellingGeneralAndAdministrative": "29000000", "researchAndDevelopment": "None", "operatingExpenses": "560000000", "investmentIncomeNet": "None", "netInterestIncome": "-36000000", "interestIncome": "14000000", "interestExpense": "50000000", "nonInterestIncome": "None", "otherNonOperatingIncome": "None", "depreciation": "None", "depreciationAndAmortization": "188000000", "incomeBeforeTax": "258000000", "incomeTaxExpense": "16000000", "interestAndDebtExpense": "None", "netIncomeFromContinuingOperations": "242000000", "comprehensiveIncomeNetOfTax": "None", "ebit": "238000000", "ebitda": "426000000", "netIncome": "239000000"}, {"fiscalDateEnding": "2024-03-31", "reportedCurrency": "USD", "grossProfit": "287000000", "totalRevenue": "1471000000", "costOfRevenue": "1184000000", "costofGoodsAndServicesSold": "1184000000", "operatingIncome": "260000000", "sellingGeneralAndAdministrative": "96000000", "researchAndDevelopment": "None", "operatingExpenses": "27000000", "investmentIncomeNet": "None", "netInterestIncome": "-29000000", "interestIncome": "18000000", "interestExpense": "47000000", "nonInterestIncome": "None", "otherNonOperatingIncome": "None", "depreciation": "None", "depreciationAndAmortization": "180000000", "incomeBeforeTax": "270000000", "incomeTaxExpense": "-2000000", "interestAndDebtExpense": "None", "netIncomeFromContinuingOperations": "272000000", "comprehensiveIncomeNetOfTax": "None", "ebit": "268000000", "ebitda": "448000000", "netIncome": "268000000"}, {"fiscalDateEnding": "2023-12-31", "reportedCurrency": "USD", "grossProfit": "857000000", "totalRevenue": "1323000000", "costOfRevenue": "466000000", "costofGoodsAndServicesSold": "466000000", "operatingIncome": "173000000", "sellingGeneralAndAdministrative": "99000000", "researchAndDevelopment": "None", "operatingExpenses": "684000000", "investmentIncomeNet": "None", "netInterestIncome": "-29000000", "interestIncome": "18000000", "interestExpense": "49000000", "nonInterestIncome": "None", "otherNonOperatingIncome": "None", "depreciation": "None", "depreciationAndAmortization": "186000000", "incomeBeforeTax": "143000000", "incomeTaxExpense": "-9000000", "interestAndDebtExpense": "None", "netIncomeFromContinuingOperations": "272000000", "comprehensiveIncomeNetOfTax": "None", "ebit": "151000000", "ebitda": "337000000", "netIncome": "132000000"}, {"fiscalDateEnding": "2023-09-30", "reportedCurrency": "USD", "grossProfit": "777000000", "totalRevenue": "1214000000", "costOfRevenue": "437000000", "costofGoodsAndServicesSold": "437000000", "operatingIncome": "157000000", "sellingGeneralAndAdministrative": "77000000", "researchAndDevelopment": "None", "operatingExpenses": "620000000", "investmentIncomeNet": "None", "netInterestIncome": "-30000000", "interestIncome": "19000000", "interestExpense": "48000000", "nonInterestIncome": "None", "otherNonOperatingIncome": "None", "depreciation": "None", "depreciationAndAmortization": "174000000", "incomeBeforeTax": "128000000", "incomeTaxExpense": "-15000000", "interestAndDebtExpense": "None", "netIncomeFromContinuingOperations": "134000000", "comprehensiveIncomeNetOfTax": "None", "ebit": "106000000", "ebitda": "280000000", "netIncome": "111000000"}, {"fiscalDateEnding": "2023-06-30", "reportedCurrency": "USD", "grossProfit": "836000000", "totalRevenue": "1393000000", "costOfRevenue": "557000000", "costofGoodsAndServicesSold": "557000000", "operatingIncome": "249000000", "sellingGeneralAndAdministrative": "95000000", "researchAndDevelopment": "None", "operatingExpenses": "586000000", "investmentIncomeNet": "None", "netInterestIncome": "-26000000", "interestIncome": "22000000", "interestExpense": "45000000", "nonInterestIncome": "None", "otherNonOperatingIncome": "None", "depreciation": "None", "depreciationAndAmortization": "168000000", "incomeBeforeTax": "228000000", "incomeTaxExpense": "14000000", "interestAndDebtExpense": "None", "netIncomeFromContinuingOperations": "113000000", "comprehensiveIncomeNetOfTax": "None", "ebit": "250000000", "ebitda": "418000000", "netIncome": "210000000"}, {"fiscalDateEnding": "2023-03-31", "reportedCurrency": "USD", "grossProfit": "828000000", "totalRevenue": "1381000000", "costOfRevenue": "553000000", "costofGoodsAndServicesSold": "553000000", "operatingIncome": "341000000", "sellingGeneralAndAdministrative": "93000000", "researchAndDevelopment": "None", "operatingExpenses": "577000000", "investmentIncomeNet": "None", "netInterestIncome": "-25000000", "interestIncome": "20000000", "interestExpense": "49000000", "nonInterestIncome": "None", "otherNonOperatingIncome": "None", "depreciation": "None", "depreciationAndAmortization": "169000000", "incomeBeforeTax": "289000000", "incomeTaxExpense": "-2000000", "interestAndDebtExpense": "None", "netIncomeFromContinuingOperations": "214000000", "comprehensiveIncomeNetOfTax": "None", "ebit": "341000000", "ebitda": "510000000", "netIncome": "287000000"}, {"fiscalDateEnding": "2022-12-31", "reportedCurrency": "USD", "grossProfit": "748000000", "totalRevenue": "1263000000", "costOfRevenue": "515000000", "costofGoodsAndServicesSold": "515000000", "operatingIncome": "177000000", "sellingGeneralAndAdministrative": "97000000", "researchAndDevelopment": "None", "operatingExpenses": "571000000", "investmentIncomeNet": "None", "netInterestIncome": "-35000000", "interestIncome": "14000000", "interestExpense": "43000000", "nonInterestIncome": "None", "otherNonOperatingIncome": "None", "depreciation": "None", "depreciationAndAmortization": "166000000", "incomeBeforeTax": "146000000", "incomeTaxExpense": "-3000000", "interestAndDebtExpense": "None", "netIncomeFromContinuingOperations": "291000000", "comprehensiveIncomeNetOfTax": "None", "ebit": "179000000", "ebitda": "345000000", "netIncome": "147000000"}, {"fiscalDateEnding": "2022-09-30", "reportedCurrency": "USD", "grossProfit": "679000000", "totalRevenue": "1189000000", "costOfRevenue": "510000000", "costofGoodsAndServicesSold": "510000000", "operatingIncome": "148000000", "sellingGeneralAndAdministrative": "77000000", "researchAndDevelopment": "None", "operatingExpenses": "541000000", "investmentIncomeNet": "None", "netInterestIncome": "-29000000", "interestIncome": "14000000", "interestExpense": "40000000", "nonInterestIncome": "None", "otherNonOperatingIncome": "None", "depreciation": "None", "depreciationAndAmortization": "164000000", "incomeBeforeTax": "122000000", "incomeTaxExpense": "6000000", "interestAndDebtExpense": "None", "netIncomeFromContinuingOperations": "149000000", "comprehensiveIncomeNetOfTax": "None", "ebit": "138000000", "ebitda": "302000000", "netIncome": "114000000"}, {"fiscalDateEnding": "2022-06-30", "reportedCurrency": "USD", "grossProfit": "869000000", "totalRevenue": "1381000000", "costOfRevenue": "512000000", "costofGoodsAndServicesSold": "512000000", "operatingIncome": "327000000", "sellingGeneralAndAdministrative": "87000000", "researchAndDevelopment": "None", "operatingExpenses": "549000000", "investmentIncomeNet": "None", "netInterestIncome": "-30000000", "interestIncome": "10000000", "interestExpense": "37000000", "nonInterestIncome": "None", "otherNonOperatingIncome": "None", "depreciation": "None", "depreciationAndAmortization": "162000000", "incomeBeforeTax": "299000000", "incomeTaxExpense": "39000000", "interestAndDebtExpense": "None", "netIncomeFromContinuingOperations": "116000000", "comprehensiveIncomeNetOfTax": "None", "ebit": "320000000", "ebitda": "482000000", "netIncome": "256000000"}, {"fiscalDateEnding": "2022-03-31", "reportedCurrency": "USD", "grossProfit": "630000000", "totalRevenue": "1074000000", "costOfRevenue": "444000000", "costofGoodsAndServicesSold": "444000000", "operatingIncome": "122000000", "sellingGeneralAndAdministrative": "63000000", "researchAndDevelopment": "None", "operatingExpenses": "508000000", "investmentIncomeNet": "None", "netInterestIncome": "-31000000", "interestIncome": "6000000", "interestExpense": "36000000", "nonInterestIncome": "None", "otherNonOperatingIncome": "None", "depreciation": "None", "depreciationAndAmortization": "172000000", "incomeBeforeTax": "102000000", "incomeTaxExpense": "-16000000", "interestAndDebtExpense": "None", "netIncomeFromContinuingOperations": "260000000", "comprehensiveIncomeNetOfTax": "None", "ebit": "122000000", "ebitda": "294000000", "netIncome": "116000000"}, {"fiscalDateEnding": "2021-12-31", "reportedCurrency": "USD", "grossProfit": "574000000", "totalRevenue": "998000000", "costOfRevenue": "424000000", "costofGoodsAndServicesSold": "424000000", "operatingIncome": "79000000", "sellingGeneralAndAdministrative": "64000000", "researchAndDevelopment": "None", "operatingExpenses": "498000000", "investmentIncomeNet": "None", "netInterestIncome": "-35000000", "interestIncome": "1000000", "interestExpense": "63000000", "nonInterestIncome": "None", "otherNonOperatingIncome": "None", "depreciation": "None", "depreciationAndAmortization": "165000000", "incomeBeforeTax": "313000000", "incomeTaxExpense": "-10000000", "interestAndDebtExpense": "None", "netIncomeFromContinuingOperations": "118000000", "comprehensiveIncomeNetOfTax": "None", "ebit": "76000000", "ebitda": "241000000", "netIncome": "320000000"}, {"fiscalDateEnding": "2021-09-30", "reportedCurrency": "USD", "grossProfit": "466000000", "totalRevenue": "844000000", "costOfRevenue": "378000000", "costofGoodsAndServicesSold": "378000000", "operatingIncome": "-95000000", "sellingGeneralAndAdministrative": "51000000", "researchAndDevelopment": "None", "operatingExpenses": "566000000", "investmentIncomeNet": "None", "netInterestIncome": "-63000000", "interestIncome": "0", "interestExpense": "43000000", "nonInterestIncome": "None", "otherNonOperatingIncome": "None", "depreciation": "None", "depreciationAndAmortization": "263000000", "incomeBeforeTax": "-133000000", "incomeTaxExpense": "-13000000", "interestAndDebtExpense": "None", "netIncomeFromContinuingOperations": "323000000", "comprehensiveIncomeNetOfTax": "None", "ebit": "-100000000", "ebitda": "163000000", "netIncome": "-119000000"}, {"fiscalDateEnding": "2021-06-30", "reportedCurrency": "USD", "grossProfit": "356000000", "totalRevenue": "649000000", "costOfRevenue": "293000000", "costofGoodsAndServicesSold": "293000000", "operatingIncome": "-68000000", "sellingGeneralAndAdministrative": "46000000", "researchAndDevelopment": "None", "operatingExpenses": "424000000", "investmentIncomeNet": "None", "netInterestIncome": "-42000000", "interestIncome": "1000000", "interestExpense": "43000000", "nonInterestIncome": "None", "otherNonOperatingIncome": "None", "depreciation": "None", "depreciationAndAmortization": "169000000", "incomeBeforeTax": "-83000000", "incomeTaxExpense": "-22000000", "interestAndDebtExpense": "None", "netIncomeFromContinuingOperations": "-120000000", "comprehensiveIncomeNetOfTax": "None", "ebit": "-44000000", "ebitda": "125000000", "netIncome": "-60000000"}, {"fiscalDateEnding": "2021-03-31", "reportedCurrency": "USD", "grossProfit": "194000000", "totalRevenue": "399000000", "costOfRevenue": "205000000", "costofGoodsAndServicesSold": "205000000", "operatingIncome": "-166000000", "sellingGeneralAndAdministrative": "35000000", "researchAndDevelopment": "None", "operatingExpenses": "360000000", "investmentIncomeNet": "None", "netInterestIncome": "-43000000", "interestIncome": "0", "interestExpense": "42000000", "nonInterestIncome": "None", "otherNonOperatingIncome": "None", "depreciation": "None", "depreciationAndAmortization": "165000000", "incomeBeforeTax": "-199000000", "incomeTaxExpense": "-46000000", "interestAndDebtExpense": "None", "netIncomeFromContinuingOperations": "-61000000", "comprehensiveIncomeNetOfTax": "None", "ebit": "-159000000", "ebitda": "6000000", "netIncome": "-152000000"}, {"fiscalDateEnding": "2020-12-31", "reportedCurrency": "USD", "grossProfit": "68000000", "totalRevenue": "267000000", "costOfRevenue": "199000000", "costofGoodsAndServicesSold": "199000000", "operatingIncome": "-271000000", "sellingGeneralAndAdministrative": "27000000", "researchAndDevelopment": "None", "operatingExpenses": "339000000", "investmentIncomeNet": "None", "netInterestIncome": "-41000000", "interestIncome": "1000000", "interestExpense": "51000000", "nonInterestIncome": "None", "otherNonOperatingIncome": "None", "depreciation": "None", "depreciationAndAmortization": "167000000", "incomeBeforeTax": "-130000000", "incomeTaxExpense": "-64000000", "interestAndDebtExpense": "None", "netIncomeFromContinuingOperations": "-153000000", "comprehensiveIncomeNetOfTax": "None", "ebit": "-271000000", "ebitda": "-104000000", "netIncome": "-64000000"}, {"fiscalDateEnding": "2020-09-30", "reportedCurrency": "USD", "grossProfit": "-20000000", "totalRevenue": "198000000", "costOfRevenue": "218000000", "costofGoodsAndServicesSold": "218000000", "operatingIncome": "-318000000", "sellingGeneralAndAdministrative": "23000000", "researchAndDevelopment": "None", "operatingExpenses": "298000000", "investmentIncomeNet": "None", "netInterestIncome": "-50000000", "interestIncome": "1000000", "interestExpense": "66000000", "nonInterestIncome": "None", "otherNonOperatingIncome": "192000000", "depreciation": "None", "depreciationAndAmortization": "166000000", "incomeBeforeTax": "-389000000", "incomeTaxExpense": "-73000000", "interestAndDebtExpense": "None", "netIncomeFromContinuingOperations": "-66000000", "comprehensiveIncomeNetOfTax": "None", "ebit": "-319000000", "ebitda": "-153000000", "netIncome": "-313000000"}, {"fiscalDateEnding": "2020-06-30", "reportedCurrency": "USD", "grossProfit": "-49000000", "totalRevenue": "103000000", "costOfRevenue": "152000000", "costofGoodsAndServicesSold": "152000000", "operatingIncome": "-353000000", "sellingGeneralAndAdministrative": "23000000", "researchAndDevelopment": "None", "operatingExpenses": "304000000", "investmentIncomeNet": "None", "netInterestIncome": "-66000000", "interestIncome": "45000000", "interestExpense": "39000000", "nonInterestIncome": "None", "otherNonOperatingIncome": "-4000000", "depreciation": "None", "depreciationAndAmortization": "168000000", "incomeBeforeTax": "-402000000", "incomeTaxExpense": "-46000000", "interestAndDebtExpense": "None", "netIncomeFromContinuingOperations": "-316000000", "comprehensiveIncomeNetOfTax": "None", "ebit": "-351000000", "ebitda": "-183000000", "netIncome": "-352000000"}, {"fiscalDateEnding": "2020-03-31", "reportedCurrency": "USD", "grossProfit": "527000000", "totalRevenue": "1052000000", "costOfRevenue": "525000000", "costofGoodsAndServicesSold": "525000000", "operatingIncome": "-11000000", "sellingGeneralAndAdministrative": "55000000", "researchAndDevelopment": "None", "operatingExpenses": "538000000", "investmentIncomeNet": "None", "netInterestIncome": "-38000000", "interestIncome": "1000000", "interestExpense": "37000000", "nonInterestIncome": "None", "otherNonOperatingIncome": "-11000000", "depreciation": "None", "depreciationAndAmortization": "164000000", "incomeBeforeTax": "-40000000", "incomeTaxExpense": "-37000000", "interestAndDebtExpense": "None", "netIncomeFromContinuingOperations": "-356000000", "comprehensiveIncomeNetOfTax": "None", "ebit": "-7000000", "ebitda": "157000000", "netIncome": "-3000000"}, {"fiscalDateEnding": "2019-12-31", "reportedCurrency": "USD", "grossProfit": "743000000", "totalRevenue": "1334000000", "costOfRevenue": "591000000", "costofGoodsAndServicesSold": "591000000", "operatingIncome": "166000000", "sellingGeneralAndAdministrative": "89000000", "researchAndDevelopment": "None", "operatingExpenses": "578000000", "investmentIncomeNet": "None", "netInterestIncome": "-31000000", "interestIncome": "6000000", "interestExpense": "90000000", "nonInterestIncome": "None", "otherNonOperatingIncome": "9000000", "depreciation": "None", "depreciationAndAmortization": "175000000", "incomeBeforeTax": "89000000", "incomeTaxExpense": "8000000", "interestAndDebtExpense": "None", "netIncomeFromContinuingOperations": "-3000000", "comprehensiveIncomeNetOfTax": "None", "ebit": "166000000", "ebitda": "341000000", "netIncome": "80000000"}, {"fiscalDateEnding": "2019-09-30", "reportedCurrency": "USD", "grossProfit": "696000000", "totalRevenue": "1262000000", "costOfRevenue": "566000000", "costofGoodsAndServicesSold": "566000000", "operatingIncome": "137000000", "sellingGeneralAndAdministrative": "78000000", "researchAndDevelopment": "None", "operatingExpenses": "563000000", "investmentIncomeNet": "None", "netInterestIncome": "-78000000", "interestIncome": "9000000", "interestExpense": "46000000", "nonInterestIncome": "None", "otherNonOperatingIncome": "14000000", "depreciation": "None", "depreciationAndAmortization": "165000000", "incomeBeforeTax": "376000000", "incomeTaxExpense": "4000000", "interestAndDebtExpense": "None", "netIncomeFromContinuingOperations": "81000000", "comprehensiveIncomeNetOfTax": "None", "ebit": "137000000", "ebitda": "302000000", "netIncome": "368000000"}, {"fiscalDateEnding": "2019-06-30", "reportedCurrency": "USD", "grossProfit": "876000000", "totalRevenue": "1483000000", "costOfRevenue": "607000000", "costofGoodsAndServicesSold": "607000000", "operatingIncome": "280000000", "sellingGeneralAndAdministrative": "96000000", "researchAndDevelopment": "None", "operatingExpenses": "596000000", "investmentIncomeNet": "None", "netInterestIncome": "-35000000", "interestIncome": "8000000", "interestExpense": "43000000", "nonInterestIncome": "None", "otherNonOperatingIncome": "286000000", "depreciation": "None", "depreciationAndAmortization": "166000000", "incomeBeforeTax": "306000000", "incomeTaxExpense": "16000000", "interestAndDebtExpense": "None", "netIncomeFromContinuingOperations": "372000000", "comprehensiveIncomeNetOfTax": "None", "ebit": "281000000", "ebitda": "447000000", "netIncome": "286000000"}, {"fiscalDateEnding": "2019-03-31", "reportedCurrency": "USD", "grossProfit": "796000000", "totalRevenue": "1390000000", "costOfRevenue": "594000000", "costofGoodsAndServicesSold": "594000000", "operatingIncome": "216000000", "sellingGeneralAndAdministrative": "83000000", "researchAndDevelopment": "None", "operatingExpenses": "580000000", "investmentIncomeNet": "None", "netInterestIncome": "-36000000", "interestIncome": "7000000", "interestExpense": "43000000", "nonInterestIncome": "None", "otherNonOperatingIncome": "68000000", "depreciation": "None", "depreciationAndAmortization": "170000000", "incomeBeforeTax": "191000000", "incomeTaxExpense": "2000000", "interestAndDebtExpense": "None", "netIncomeFromContinuingOperations": "290000000", "comprehensiveIncomeNetOfTax": "None", "ebit": "216000000", "ebitda": "386000000", "netIncome": "186000000"}, {"fiscalDateEnding": "2018-12-31", "reportedCurrency": "USD", "grossProfit": "758000000", "totalRevenue": "1361000000", "costOfRevenue": "603000000", "costofGoodsAndServicesSold": "603000000", "operatingIncome": "188000000", "sellingGeneralAndAdministrative": "82000000", "researchAndDevelopment": "None", "operatingExpenses": "577000000", "investmentIncomeNet": "None", "netInterestIncome": "-35000000", "interestIncome": "30000000", "interestExpense": "42000000", "nonInterestIncome": "None", "otherNonOperatingIncome": "18000000", "depreciation": "None", "depreciationAndAmortization": "165000000", "incomeBeforeTax": "393000000", "incomeTaxExpense": "87000000", "interestAndDebtExpense": "None", "netIncomeFromContinuingOperations": "189000000", "comprehensiveIncomeNetOfTax": "None", "ebit": "186000000", "ebitda": "351000000", "netIncome": "303000000"}, {"fiscalDateEnding": "2018-09-30", "reportedCurrency": "USD", "grossProfit": "721000000", "totalRevenue": "1299000000", "costOfRevenue": "578000000", "costofGoodsAndServicesSold": "578000000", "operatingIncome": "-92000000", "sellingGeneralAndAdministrative": "80000000", "researchAndDevelopment": "0", "operatingExpenses": "813000000", "investmentIncomeNet": "None", "netInterestIncome": "None", "interestIncome": "None", "interestExpense": "45000000", "nonInterestIncome": "None", "otherNonOperatingIncome": "247000000", "depreciation": "None", "depreciationAndAmortization": "412000000", "incomeBeforeTax": "420000000", "incomeTaxExpense": "42000000", "interestAndDebtExpense": "None", "netIncomeFromContinuingOperations": "306000000", "comprehensiveIncomeNetOfTax": "None", "ebit": "-91000000", "ebitda": "321000000", "netIncome": "322000000"}, {"fiscalDateEnding": "2018-06-30", "reportedCurrency": "USD", "grossProfit": "891000000", "totalRevenue": "1518000000", "costOfRevenue": "627000000", "costofGoodsAndServicesSold": "627000000", "operatingIncome": "263000000", "sellingGeneralAndAdministrative": "103000000", "researchAndDevelopment": "0", "operatingExpenses": "628000000", "investmentIncomeNet": "None", "netInterestIncome": "None", "interestIncome": "None", "interestExpense": "45000000", "nonInterestIncome": "None", "otherNonOperatingIncome": "556000000", "depreciation": "None", "depreciationAndAmortization": "189000000", "incomeBeforeTax": "228000000", "incomeTaxExpense": "17000000", "interestAndDebtExpense": "None", "netIncomeFromContinuingOperations": "378000000", "comprehensiveIncomeNetOfTax": "None", "ebit": "262000000", "ebitda": "451000000", "netIncome": "209000000"}, {"fiscalDateEnding": "2018-03-31", "reportedCurrency": "USD", "grossProfit": "746000000", "totalRevenue": "1346000000", "costOfRevenue": "600000000", "costofGoodsAndServicesSold": "600000000", "operatingIncome": "171000000", "sellingGeneralAndAdministrative": "82000000", "researchAndDevelopment": "0", "operatingExpenses": "575000000", "investmentIncomeNet": "None", "netInterestIncome": "None", "interestIncome": "None", "interestExpense": "44000000", "nonInterestIncome": "None", "otherNonOperatingIncome": "11000000", "depreciation": "None", "depreciationAndAmortization": "178000000", "incomeBeforeTax": "260000000", "incomeTaxExpense": "4000000", "interestAndDebtExpense": "None", "netIncomeFromContinuingOperations": "211000000", "comprehensiveIncomeNetOfTax": "None", "ebit": "171000000", "ebitda": "349000000", "netIncome": "253000000"}, {"fiscalDateEnding": "2017-12-31", "reportedCurrency": "USD", "grossProfit": "744000000", "totalRevenue": "1344000000", "costOfRevenue": "600000000", "costofGoodsAndServicesSold": "600000000", "operatingIncome": "134000000", "sellingGeneralAndAdministrative": "80000000", "researchAndDevelopment": "0", "operatingExpenses": "618000000", "investmentIncomeNet": "None", "netInterestIncome": "None", "interestIncome": "None", "interestExpense": "42000000", "nonInterestIncome": "None", "otherNonOperatingIncome": "133000000", "depreciation": "None", "depreciationAndAmortization": "217000000", "incomeBeforeTax": "110000000", "incomeTaxExpense": "17000000", "interestAndDebtExpense": "None", "netIncomeFromContinuingOperations": "256000000", "comprehensiveIncomeNetOfTax": "None", "ebit": "128000000", "ebitda": "345000000", "netIncome": "92000000"}, {"fiscalDateEnding": "2017-09-30", "reportedCurrency": "USD", "grossProfit": "688000000", "totalRevenue": "1254000000", "costOfRevenue": "566000000", "costofGoodsAndServicesSold": "566000000", "operatingIncome": "127000000", "sellingGeneralAndAdministrative": "77000000", "researchAndDevelopment": "0", "operatingExpenses": "562000000", "investmentIncomeNet": "None", "netInterestIncome": "None", "interestIncome": "None", "interestExpense": "43000000", "nonInterestIncome": "None", "otherNonOperatingIncome": "16000000", "depreciation": "None", "depreciationAndAmortization": "176000000", "incomeBeforeTax": "147000000", "incomeTaxExpense": "42000000", "interestAndDebtExpense": "None", "netIncomeFromContinuingOperations": "93000000", "comprehensiveIncomeNetOfTax": "None", "ebit": "124000000", "ebitda": "300000000", "netIncome": "104000000"}, {"fiscalDateEnding": "2017-06-30", "reportedCurrency": "USD", "grossProfit": "839000000", "totalRevenue": "1441000000", "costOfRevenue": "602000000", "costofGoodsAndServicesSold": "602000000", "operatingIncome": "244000000", "sellingGeneralAndAdministrative": "95000000", "researchAndDevelopment": "0", "operatingExpenses": "597000000", "investmentIncomeNet": "None", "netInterestIncome": "None", "interestIncome": "None", "interestExpense": "43000000", "nonInterestIncome": "None", "otherNonOperatingIncome": "65000000", "depreciation": "None", "depreciationAndAmortization": "178000000", "incomeBeforeTax": "239000000", "incomeTaxExpense": "27000000", "interestAndDebtExpense": "None", "netIncomeFromContinuingOperations": "105000000", "comprehensiveIncomeNetOfTax": "None", "ebit": "242000000", "ebitda": "420000000", "netIncome": "210000000"}, {"fiscalDateEnding": "2017-03-31", "reportedCurrency": "USD", "grossProfit": "752000000", "totalRevenue": "1348000000", "costOfRevenue": "596000000", "costofGoodsAndServicesSold": "596000000", "operatingIncome": "171000000", "sellingGeneralAndAdministrative": "84000000", "researchAndDevelopment": "0", "operatingExpenses": "583000000", "investmentIncomeNet": "None", "netInterestIncome": "None", "interestIncome": "None", "interestExpense": "39000000", "nonInterestIncome": "None", "otherNonOperatingIncome": "38000000", "depreciation": "None", "depreciationAndAmortization": "180000000", "incomeBeforeTax": "155000000", "incomeTaxExpense": "-6000000", "interestAndDebtExpense": "None", "netIncomeFromContinuingOperations": "212000000", "comprehensiveIncomeNetOfTax": "None", "ebit": "167000000", "ebitda": "347000000", "netIncome": "158000000"}, {"fiscalDateEnding": "2016-12-31", "reportedCurrency": "USD", "grossProfit": "741000000", "totalRevenue": "1337000000", "costOfRevenue": "596000000", "costofGoodsAndServicesSold": "596000000", "operatingIncome": "150000000", "sellingGeneralAndAdministrative": "84000000", "researchAndDevelopment": "0", "operatingExpenses": "592000000", "investmentIncomeNet": "None", "netInterestIncome": "None", "interestIncome": "None", "interestExpense": "38000000", "nonInterestIncome": "None", "otherNonOperatingIncome": "25000000", "depreciation": "None", "depreciationAndAmortization": "183000000", "incomeBeforeTax": "126000000", "incomeTaxExpense": "-2000000", "interestAndDebtExpense": "None", "netIncomeFromContinuingOperations": "161000000", "comprehensiveIncomeNetOfTax": "None", "ebit": "162000000", "ebitda": "345000000", "netIncome": "126000000"}, {"fiscalDateEnding": "2016-09-30", "reportedCurrency": "USD", "grossProfit": "717000000", "totalRevenue": "1295000000", "costOfRevenue": "578000000", "costofGoodsAndServicesSold": "578000000", "operatingIncome": "144000000", "sellingGeneralAndAdministrative": "82000000", "researchAndDevelopment": "0", "operatingExpenses": "585000000", "investmentIncomeNet": "None", "netInterestIncome": "None", "interestIncome": "None", "interestExpense": "38000000", "nonInterestIncome": "None", "otherNonOperatingIncome": "12000000", "depreciation": "None", "depreciationAndAmortization": "182000000", "incomeBeforeTax": "127000000", "incomeTaxExpense": "19000000", "interestAndDebtExpense": "None", "netIncomeFromContinuingOperations": "128000000", "comprehensiveIncomeNetOfTax": "None", "ebit": "131000000", "ebitda": "313000000", "netIncome": "107000000"}, {"fiscalDateEnding": "2016-06-30", "reportedCurrency": "USD", "grossProfit": "842000000", "totalRevenue": "1459000000", "costOfRevenue": "617000000", "costofGoodsAndServicesSold": "617000000", "operatingIncome": "239000000", "sellingGeneralAndAdministrative": "93000000", "researchAndDevelopment": "0", "operatingExpenses": "603000000", "investmentIncomeNet": "None", "netInterestIncome": "None", "interestIncome": "None", "interestExpense": "39000000", "nonInterestIncome": "None", "otherNonOperatingIncome": "22000000", "depreciation": "None", "depreciationAndAmortization": "178000000", "incomeBeforeTax": "383000000", "incomeTaxExpense": "32000000", "interestAndDebtExpense": "None", "netIncomeFromContinuingOperations": "108000000", "comprehensiveIncomeNetOfTax": "None", "ebit": "422000000", "ebitda": "600000000", "netIncome": "347000000"}, {"fiscalDateEnding": "2016-03-31", "reportedCurrency": "USD", "grossProfit": "741000000", "totalRevenue": "1339000000", "costOfRevenue": "598000000", "costofGoodsAndServicesSold": "598000000", "operatingIncome": "151000000", "sellingGeneralAndAdministrative": "84000000", "researchAndDevelopment": "None", "operatingExpenses": "593000000", "investmentIncomeNet": "None", "netInterestIncome": "None", "interestIncome": "None", "interestExpense": "39000000", "nonInterestIncome": "None", "otherNonOperatingIncome": "None", "depreciation": "None", "depreciationAndAmortization": "181000000", "incomeBeforeTax": "175000000", "incomeTaxExpense": "-9000000", "interestAndDebtExpense": "None", "netIncomeFromContinuingOperations": "None", "comprehensiveIncomeNetOfTax": "None", "ebit": "214000000", "ebitda": "395000000", "netIncome": "182000000"}, {"fiscalDateEnding": "2015-12-31", "reportedCurrency": "USD", "grossProfit": "733000000", "totalRevenue": "1334000000", "costOfRevenue": "601000000", "costofGoodsAndServicesSold": "601000000", "operatingIncome": "147000000", "sellingGeneralAndAdministrative": "81000000", "researchAndDevelopment": "0", "operatingExpenses": "584000000", "investmentIncomeNet": "None", "netInterestIncome": "None", "interestIncome": "None", "interestExpense": "61000000", "nonInterestIncome": "None", "otherNonOperatingIncome": "62000000", "depreciation": "None", "depreciationAndAmortization": "181000000", "incomeBeforeTax": "162000000", "incomeTaxExpense": "-4000000", "interestAndDebtExpense": "None", "netIncomeFromContinuingOperations": "184000000", "comprehensiveIncomeNetOfTax": "None", "ebit": "225000000", "ebitda": "406000000", "netIncome": "163000000"}, {"fiscalDateEnding": "2015-09-30", "reportedCurrency": "USD", "grossProfit": "702000000", "totalRevenue": "1287000000", "costOfRevenue": "585000000", "costofGoodsAndServicesSold": "585000000", "operatingIncome": "132000000", "sellingGeneralAndAdministrative": "72000000", "researchAndDevelopment": "0", "operatingExpenses": "574000000", "investmentIncomeNet": "None", "netInterestIncome": "None", "interestIncome": "None", "interestExpense": "49000000", "nonInterestIncome": "None", "otherNonOperatingIncome": "78000000", "depreciation": "None", "depreciationAndAmortization": "180000000", "incomeBeforeTax": "94000000", "incomeTaxExpense": "9000000", "interestAndDebtExpense": "None", "netIncomeFromContinuingOperations": "166000000", "comprehensiveIncomeNetOfTax": "None", "ebit": "135000000", "ebitda": "315000000", "netIncome": "85000000"}, {"fiscalDateEnding": "2015-06-30", "reportedCurrency": "USD", "grossProfit": "828000000", "totalRevenue": "1449000000", "costOfRevenue": "621000000", "costofGoodsAndServicesSold": "621000000", "operatingIncome": "227000000", "sellingGeneralAndAdministrative": "89000000", "researchAndDevelopment": "None", "operatingExpenses": "599000000", "investmentIncomeNet": "None", "netInterestIncome": "None", "interestIncome": "None", "interestExpense": "73000000", "nonInterestIncome": "None", "otherNonOperatingIncome": "None", "depreciation": "None", "depreciationAndAmortization": "180000000", "incomeBeforeTax": "229000000", "incomeTaxExpense": "13000000", "interestAndDebtExpense": "None", "netIncomeFromContinuingOperations": "None", "comprehensiveIncomeNetOfTax": "None", "ebit": "252000000", "ebitda": "432000000", "netIncome": "212000000"}, {"fiscalDateEnding": "2015-03-31", "reportedCurrency": "USD", "grossProfit": "716000000", "totalRevenue": "1317000000", "costOfRevenue": "601000000", "costofGoodsAndServicesSold": "601000000", "operatingIncome": "144000000", "sellingGeneralAndAdministrative": "82000000", "researchAndDevelopment": "0", "operatingExpenses": "578000000", "investmentIncomeNet": "None", "netInterestIncome": "None", "interestIncome": "None", "interestExpense": "51000000", "nonInterestIncome": "None", "otherNonOperatingIncome": "76000000", "depreciation": "None", "depreciationAndAmortization": "175000000", "incomeBeforeTax": "95000000", "incomeTaxExpense": "-9000000", "interestAndDebtExpense": "None", "netIncomeFromContinuingOperations": "216000000", "comprehensiveIncomeNetOfTax": "None", "ebit": "137000000", "ebitda": "312000000", "netIncome": "98000000"}, {"fiscalDateEnding": "2014-12-31", "reportedCurrency": "USD", "grossProfit": "715000000", "totalRevenue": "1320000000", "costOfRevenue": "605000000", "costofGoodsAndServicesSold": "605000000", "operatingIncome": "149000000", "sellingGeneralAndAdministrative": "81000000", "researchAndDevelopment": "0", "operatingExpenses": "573000000", "investmentIncomeNet": "None", "netInterestIncome": "None", "interestIncome": "None", "interestExpense": "50000000", "nonInterestIncome": "None", "otherNonOperatingIncome": "3000000", "depreciation": "None", "depreciationAndAmortization": "177000000", "incomeBeforeTax": "255000000", "incomeTaxExpense": "-3000000", "interestAndDebtExpense": "None", "netIncomeFromContinuingOperations": "104000000", "comprehensiveIncomeNetOfTax": "None", "ebit": "299000000", "ebitda": "476000000", "netIncome": "254000000"}, {"fiscalDateEnding": "2014-09-30", "reportedCurrency": "USD", "grossProfit": "704000000", "totalRevenue": "1294000000", "costOfRevenue": "590000000", "costofGoodsAndServicesSold": "590000000", "operatingIncome": "202000000", "sellingGeneralAndAdministrative": "17000000", "researchAndDevelopment": "0", "operatingExpenses": "509000000", "investmentIncomeNet": "None", "netInterestIncome": "None", "interestIncome": "None", "interestExpense": "51000000", "nonInterestIncome": "None", "otherNonOperatingIncome": "158000000", "depreciation": "None", "depreciationAndAmortization": "178000000", "incomeBeforeTax": "151000000", "incomeTaxExpense": "6000000", "interestAndDebtExpense": "None", "netIncomeFromContinuingOperations": "367000000", "comprehensiveIncomeNetOfTax": "None", "ebit": "202000000", "ebitda": "380000000", "netIncome": "144000000"}, {"fiscalDateEnding": "2014-06-30", "reportedCurrency": "USD", "grossProfit": "814000000", "totalRevenue": "1431000000", "costOfRevenue": "617000000", "costofGoodsAndServicesSold": "617000000", "operatingIncome": "225000000", "sellingGeneralAndAdministrative": "95000000", "researchAndDevelopment": "0", "operatingExpenses": "589000000", "investmentIncomeNet": "None", "netInterestIncome": "None", "interestIncome": "None", "interestExpense": "55000000", "nonInterestIncome": "None", "otherNonOperatingIncome": "1000000", "depreciation": "None", "depreciationAndAmortization": "174000000", "incomeBeforeTax": "174000000", "incomeTaxExpense": "15000000", "interestAndDebtExpense": "None", "netIncomeFromContinuingOperations": "145000000", "comprehensiveIncomeNetOfTax": "None", "ebit": "227000000", "ebitda": "401000000", "netIncome": "155000000"}, {"fiscalDateEnding": "2014-03-31", "reportedCurrency": "USD", "grossProfit": "702000000", "totalRevenue": "1309000000", "costOfRevenue": "607000000", "costofGoodsAndServicesSold": "607000000", "operatingIncome": "134000000", "sellingGeneralAndAdministrative": "84000000", "researchAndDevelopment": "0", "operatingExpenses": "571000000", "investmentIncomeNet": "None", "netInterestIncome": "None", "interestIncome": "None", "interestExpense": "58000000", "nonInterestIncome": "None", "otherNonOperatingIncome": "5000000", "depreciation": "None", "depreciationAndAmortization": "172000000", "incomeBeforeTax": "69000000", "incomeTaxExpense": "-7000000", "interestAndDebtExpense": "None", "netIncomeFromContinuingOperations": "159000000", "comprehensiveIncomeNetOfTax": "None", "ebit": "236000000", "ebitda": "408000000", "netIncome": "179000000"}, {"fiscalDateEnding": "2013-12-31", "reportedCurrency": "USD", "grossProfit": "725000000", "totalRevenue": "1331000000", "costOfRevenue": "606000000", "costofGoodsAndServicesSold": "606000000", "operatingIncome": "138000000", "sellingGeneralAndAdministrative": "92000000", "researchAndDevelopment": "0", "operatingExpenses": "587000000", "investmentIncomeNet": "None", "netInterestIncome": "None", "interestIncome": "None", "interestExpense": "60000000", "nonInterestIncome": "None", "otherNonOperatingIncome": "102000000", "depreciation": "None", "depreciationAndAmortization": "178000000", "incomeBeforeTax": "61000000", "incomeTaxExpense": "2000000", "interestAndDebtExpense": "None", "netIncomeFromContinuingOperations": "76000000", "comprehensiveIncomeNetOfTax": "None", "ebit": "90000000", "ebitda": "268000000", "netIncome": "123000000"}, {"fiscalDateEnding": "2013-09-30", "reportedCurrency": "USD", "grossProfit": "646000000", "totalRevenue": "1223000000", "costOfRevenue": "577000000", "costofGoodsAndServicesSold": "577000000", "operatingIncome": "79000000", "sellingGeneralAndAdministrative": "77000000", "researchAndDevelopment": "0", "operatingExpenses": "567000000", "investmentIncomeNet": "None", "netInterestIncome": "None", "interestIncome": "None", "interestExpense": "65000000", "nonInterestIncome": "None", "otherNonOperatingIncome": "None", "depreciation": "None", "depreciationAndAmortization": "177000000", "incomeBeforeTax": "13000000", "incomeTaxExpense": "11000000", "interestAndDebtExpense": "None", "netIncomeFromContinuingOperations": "0", "comprehensiveIncomeNetOfTax": "None", "ebit": "79000000", "ebitda": "256000000", "netIncome": "19000000"}, {"fiscalDateEnding": "2013-06-30", "reportedCurrency": "USD", "grossProfit": "807000000", "totalRevenue": "1420000000", "costOfRevenue": "613000000", "costofGoodsAndServicesSold": "613000000", "operatingIncome": "208000000", "sellingGeneralAndAdministrative": "103000000", "researchAndDevelopment": "0", "operatingExpenses": "599000000", "investmentIncomeNet": "None", "netInterestIncome": "None", "interestIncome": "None", "interestExpense": "103000000", "nonInterestIncome": "None", "otherNonOperatingIncome": "None", "depreciation": "None", "depreciationAndAmortization": "174000000", "incomeBeforeTax": "134000000", "incomeTaxExpense": "15000000", "interestAndDebtExpense": "None", "netIncomeFromContinuingOperations": "1223000000", "comprehensiveIncomeNetOfTax": "None", "ebit": "215000000", "ebitda": "389000000", "netIncome": "119000000"}, {"fiscalDateEnding": "2013-03-31", "reportedCurrency": "USD", "grossProfit": "657000000", "totalRevenue": "1255000000", "costOfRevenue": "598000000", "costofGoodsAndServicesSold": "598000000", "operatingIncome": "90000000", "sellingGeneralAndAdministrative": "74000000", "researchAndDevelopment": "0", "operatingExpenses": "567000000", "investmentIncomeNet": "None", "netInterestIncome": "None", "interestIncome": "None", "interestExpense": "76000000", "nonInterestIncome": "None", "otherNonOperatingIncome": "None", "depreciation": "None", "depreciationAndAmortization": "177000000", "incomeBeforeTax": "27000000", "incomeTaxExpense": "-7000000", "interestAndDebtExpense": "None", "netIncomeFromContinuingOperations": "1420000000", "comprehensiveIncomeNetOfTax": "None", "ebit": "89000000", "ebitda": "266000000", "netIncome": "56000000"}, {"fiscalDateEnding": "2012-12-31", "reportedCurrency": "USD", "grossProfit": "908000000", "totalRevenue": "1746000000", "costOfRevenue": "838000000", "costofGoodsAndServicesSold": "838000000", "operatingIncome": "117000000", "sellingGeneralAndAdministrative": "106000000", "researchAndDevelopment": "0", "operatingExpenses": "802000000", "investmentIncomeNet": "None", "netInterestIncome": "None", "interestIncome": "None", "interestExpense": "101000000", "nonInterestIncome": "None", "otherNonOperatingIncome": "None", "depreciation": "None", "depreciationAndAmortization": "281000000", "incomeBeforeTax": "36000000", "incomeTaxExpense": "22000000", "interestAndDebtExpense": "None", "netIncomeFromContinuingOperations": "0", "comprehensiveIncomeNetOfTax": "None", "ebit": "118000000", "ebitda": "399000000", "netIncome": "15000000"}, {"fiscalDateEnding": "2012-09-30", "reportedCurrency": "USD", "grossProfit": "439000000", "totalRevenue": "1204000000", "costOfRevenue": "765000000", "costofGoodsAndServicesSold": "765000000", "operatingIncome": "65000000", "sellingGeneralAndAdministrative": "942000000", "researchAndDevelopment": "0", "operatingExpenses": "374000000", "investmentIncomeNet": "None", "netInterestIncome": "None", "interestIncome": "None", "interestExpense": "93000000", "nonInterestIncome": "None", "otherNonOperatingIncome": "None", "depreciation": "None", "depreciationAndAmortization": "160000000", "incomeBeforeTax": "-25000000", "incomeTaxExpense": "11000000", "interestAndDebtExpense": "None", "netIncomeFromContinuingOperations": "0", "comprehensiveIncomeNetOfTax": "None", "ebit": "53000000", "ebitda": "213000000", "netIncome": "-34000000"}, {"fiscalDateEnding": "2012-06-30", "reportedCurrency": "USD", "grossProfit": "559000000", "totalRevenue": "1368000000", "costOfRevenue": "809000000", "costofGoodsAndServicesSold": "809000000", "operatingIncome": "180000000", "sellingGeneralAndAdministrative": "986000000", "researchAndDevelopment": "0", "operatingExpenses": "379000000", "investmentIncomeNet": "None", "netInterestIncome": "None", "interestIncome": "None", "interestExpense": "94000000", "nonInterestIncome": "None", "otherNonOperatingIncome": "None", "depreciation": "None", "depreciationAndAmortization": "159000000", "incomeBeforeTax": "95000000", "incomeTaxExpense": "12000000", "interestAndDebtExpense": "None", "netIncomeFromContinuingOperations": "0", "comprehensiveIncomeNetOfTax": "None", "ebit": "180000000", "ebitda": "339000000", "netIncome": "82000000"}, {"fiscalDateEnding": "2012-03-31", "reportedCurrency": "USD", "grossProfit": "354000000", "totalRevenue": "985000000", "costOfRevenue": "631000000", "costofGoodsAndServicesSold": "631000000", "operatingIncome": "21000000", "sellingGeneralAndAdministrative": "780000000", "researchAndDevelopment": "None", "operatingExpenses": "333000000", "investmentIncomeNet": "None", "netInterestIncome": "None", "interestIncome": "None", "interestExpense": "86000000", "nonInterestIncome": "None", "otherNonOperatingIncome": "None", "depreciation": "None", "depreciationAndAmortization": "153000000", "incomeBeforeTax": "-63000000", "incomeTaxExpense": "-13000000", "interestAndDebtExpense": "None", "netIncomeFromContinuingOperations": "None", "comprehensiveIncomeNetOfTax": "None", "ebit": "14000000", "ebitda": "167000000", "netIncome": "-2000000"}, {"fiscalDateEnding": "2011-12-31", "reportedCurrency": "USD", "grossProfit": "623000000", "totalRevenue": "1658000000", "costOfRevenue": "1035000000", "costofGoodsAndServicesSold": "1035000000", "operatingIncome": "120000000", "sellingGeneralAndAdministrative": "780000000", "researchAndDevelopment": "0", "operatingExpenses": "503000000", "investmentIncomeNet": "None", "netInterestIncome": "None", "interestIncome": "None", "interestExpense": "112000000", "nonInterestIncome": "None", "otherNonOperatingIncome": "None", "depreciation": "None", "depreciationAndAmortization": "213000000", "incomeBeforeTax": "24000000", "incomeTaxExpense": "8000000", "interestAndDebtExpense": "None", "netIncomeFromContinuingOperations": "0", "comprehensiveIncomeNetOfTax": "None", "ebit": "136000000", "ebitda": "349000000", "netIncome": "17000000"}, {"fiscalDateEnding": "2011-09-30", "reportedCurrency": "USD", "grossProfit": "395000000", "totalRevenue": "1142000000", "costOfRevenue": "747000000", "costofGoodsAndServicesSold": "747000000", "operatingIncome": "54000000", "sellingGeneralAndAdministrative": "913000000", "researchAndDevelopment": "0", "operatingExpenses": "341000000", "investmentIncomeNet": "None", "netInterestIncome": "None", "interestIncome": "None", "interestExpense": "87000000", "nonInterestIncome": "None", "otherNonOperatingIncome": "None", "depreciation": "None", "depreciationAndAmortization": "149000000", "incomeBeforeTax": "-32000000", "incomeTaxExpense": "3000000", "interestAndDebtExpense": "None", "netIncomeFromContinuingOperations": "0", "comprehensiveIncomeNetOfTax": "None", "ebit": "55000000", "ebitda": "204000000", "netIncome": "-33000000"}, {"fiscalDateEnding": "2011-06-30", "reportedCurrency": "USD", "grossProfit": "513000000", "totalRevenue": "1296000000", "costOfRevenue": "783000000", "costofGoodsAndServicesSold": "783000000", "operatingIncome": "152000000", "sellingGeneralAndAdministrative": "984000000", "researchAndDevelopment": "None", "operatingExpenses": "361000000", "investmentIncomeNet": "None", "netInterestIncome": "None", "interestIncome": "None", "interestExpense": "89000000", "nonInterestIncome": "None", "otherNonOperatingIncome": "None", "depreciation": "None", "depreciationAndAmortization": "149000000", "incomeBeforeTax": "75000000", "incomeTaxExpense": "8000000", "interestAndDebtExpense": "None", "netIncomeFromContinuingOperations": "None", "comprehensiveIncomeNetOfTax": "None", "ebit": "167000000", "ebitda": "316000000", "netIncome": "62000000"}, {"fiscalDateEnding": "2011-03-31", "reportedCurrency": "USD", "grossProfit": "312000000", "totalRevenue": "903000000", "costOfRevenue": "591000000", "costofGoodsAndServicesSold": "591000000", "operatingIncome": "-3000000", "sellingGeneralAndAdministrative": "756000000", "researchAndDevelopment": "0", "operatingExpenses": "315000000", "investmentIncomeNet": "None", "netInterestIncome": "None", "interestIncome": "None", "interestExpense": "82000000", "nonInterestIncome": "None", "otherNonOperatingIncome": "None", "depreciation": "None", "depreciationAndAmortization": "141000000", "incomeBeforeTax": "-80000000", "incomeTaxExpense": "-20000000", "interestAndDebtExpense": "None", "netIncomeFromContinuingOperations": "0", "comprehensiveIncomeNetOfTax": "None", "ebit": "2000000", "ebitda": "143000000", "netIncome": "-60000000"}, {"fiscalDateEnding": "2010-12-31", "reportedCurrency": "USD", "grossProfit": "553000000", "totalRevenue": "1494000000", "costOfRevenue": "941000000", "costofGoodsAndServicesSold": "941000000", "operatingIncome": "92000000", "sellingGeneralAndAdministrative": "756000000", "researchAndDevelopment": "0", "operatingExpenses": "461000000", "investmentIncomeNet": "None", "netInterestIncome": "None", "interestIncome": "None", "interestExpense": "116000000", "nonInterestIncome": "None", "otherNonOperatingIncome": "None", "depreciation": "None", "depreciationAndAmortization": "184000000", "incomeBeforeTax": "-14000000", "incomeTaxExpense": "-10000000", "interestAndDebtExpense": "None", "netIncomeFromContinuingOperations": "0", "comprehensiveIncomeNetOfTax": "None", "ebit": "102000000", "ebitda": "286000000", "netIncome": "-6000000"}, {"fiscalDateEnding": "2010-09-30", "reportedCurrency": "USD", "grossProfit": "177000000", "totalRevenue": "1006000000", "costOfRevenue": "829000000", "costofGoodsAndServicesSold": "829000000", "operatingIncome": "23000000", "sellingGeneralAndAdministrative": "846000000", "researchAndDevelopment": "0", "operatingExpenses": "154000000", "investmentIncomeNet": "None", "netInterestIncome": "None", "interestIncome": "None", "interestExpense": "89000000", "nonInterestIncome": "None", "otherNonOperatingIncome": "1000000", "depreciation": "None", "depreciationAndAmortization": "134000000", "incomeBeforeTax": "-66000000", "incomeTaxExpense": "-5000000", "interestAndDebtExpense": "None", "netIncomeFromContinuingOperations": "0", "comprehensiveIncomeNetOfTax": "None", "ebit": "23000000", "ebitda": "157000000", "netIncome": "-58000000"}, {"fiscalDateEnding": "2010-06-30", "reportedCurrency": "USD", "grossProfit": "416000000", "totalRevenue": "1114000000", "costOfRevenue": "698000000", "costofGoodsAndServicesSold": "698000000", "operatingIncome": "110000000", "sellingGeneralAndAdministrative": "863000000", "researchAndDevelopment": "None", "operatingExpenses": "306000000", "investmentIncomeNet": "None", "netInterestIncome": "None", "interestIncome": "None", "interestExpense": "82000000", "nonInterestIncome": "None", "otherNonOperatingIncome": "None", "depreciation": "None", "depreciationAndAmortization": "139000000", "incomeBeforeTax": "26000000", "incomeTaxExpense": "6000000", "interestAndDebtExpense": "None", "netIncomeFromContinuingOperations": "None", "comprehensiveIncomeNetOfTax": "None", "ebit": "111000000", "ebitda": "250000000", "netIncome": "19000000"}, {"fiscalDateEnding": "2010-03-31", "reportedCurrency": "USD", "grossProfit": "274000000", "totalRevenue": "823000000", "costOfRevenue": "549000000", "costofGoodsAndServicesSold": "549000000", "operatingIncome": "-2000000", "sellingGeneralAndAdministrative": "689000000", "researchAndDevelopment": "0", "operatingExpenses": "276000000", "investmentIncomeNet": "None", "netInterestIncome": "None", "interestIncome": "None", "interestExpense": "96000000", "nonInterestIncome": "None", "otherNonOperatingIncome": "1000000", "depreciation": "None", "depreciationAndAmortization": "136000000", "incomeBeforeTax": "-104000000", "incomeTaxExpense": "-22000000", "interestAndDebtExpense": "None", "netIncomeFromContinuingOperations": "20000000", "comprehensiveIncomeNetOfTax": "None", "ebit": "-7000000", "ebitda": "129000000", "netIncome": "-84000000"}, {"fiscalDateEnding": "2009-12-31", "reportedCurrency": "USD", "grossProfit": "-312000000", "totalRevenue": "1319000000", "costOfRevenue": "1631000000", "costofGoodsAndServicesSold": "1631000000", "operatingIncome": "34000000", "sellingGeneralAndAdministrative": "689000000", "researchAndDevelopment": "0", "operatingExpenses": "-346000000", "investmentIncomeNet": "None", "netInterestIncome": "None", "interestIncome": "None", "interestExpense": "115000000", "nonInterestIncome": "None", "otherNonOperatingIncome": "-4000000", "depreciation": "None", "depreciationAndAmortization": "225000000", "incomeBeforeTax": "-74000000", "incomeTaxExpense": "-10000000", "interestAndDebtExpense": "None", "netIncomeFromContinuingOperations": "-82000000", "comprehensiveIncomeNetOfTax": "None", "ebit": "41000000", "ebitda": "266000000", "netIncome": "-70000000"}, {"fiscalDateEnding": "2009-09-30", "reportedCurrency": "USD", "grossProfit": "538000000", "totalRevenue": "912000000", "costOfRevenue": "374000000", "costofGoodsAndServicesSold": "374000000", "operatingIncome": "-10000000", "sellingGeneralAndAdministrative": "774000000", "researchAndDevelopment": "0", "operatingExpenses": "548000000", "investmentIncomeNet": "None", "netInterestIncome": "None", "interestIncome": "None", "interestExpense": "95000000", "nonInterestIncome": "None", "otherNonOperatingIncome": "None", "depreciation": "None", "depreciationAndAmortization": "138000000", "incomeBeforeTax": "-94000000", "incomeTaxExpense": "-25000000", "interestAndDebtExpense": "None", "netIncomeFromContinuingOperations": "0", "comprehensiveIncomeNetOfTax": "None", "ebit": "-11000000", "ebitda": "127000000", "netIncome": "-55000000"}, {"fiscalDateEnding": "2009-06-30", "reportedCurrency": "USD", "grossProfit": "666000000", "totalRevenue": "1064000000", "costOfRevenue": "398000000", "costofGoodsAndServicesSold": "398000000", "operatingIncome": "45000000", "sellingGeneralAndAdministrative": "810000000", "researchAndDevelopment": "0", "operatingExpenses": "621000000", "investmentIncomeNet": "None", "netInterestIncome": "None", "interestIncome": "None", "interestExpense": "82000000", "nonInterestIncome": "None", "otherNonOperatingIncome": "None", "depreciation": "None", "depreciationAndAmortization": "196000000", "incomeBeforeTax": "-60000000", "incomeTaxExpense": "10000000", "interestAndDebtExpense": "None", "netIncomeFromContinuingOperations": "0", "comprehensiveIncomeNetOfTax": "None", "ebit": "83000000", "ebitda": "279000000", "netIncome": "-69000000"}, {"fiscalDateEnding": "2009-03-31", "reportedCurrency": "USD", "grossProfit": "305000000", "totalRevenue": "882000000", "costOfRevenue": "577000000", "costofGoodsAndServicesSold": "577000000", "operatingIncome": "-3000000", "sellingGeneralAndAdministrative": "689000000", "researchAndDevelopment": "None", "operatingExpenses": "308000000", "investmentIncomeNet": "None", "netInterestIncome": "None", "interestIncome": "None", "interestExpense": "87000000", "nonInterestIncome": "None", "otherNonOperatingIncome": "None", "depreciation": "None", "depreciationAndAmortization": "178000000", "incomeBeforeTax": "-91000000", "incomeTaxExpense": "-14000000", "interestAndDebtExpense": "None", "netIncomeFromContinuingOperations": "None", "comprehensiveIncomeNetOfTax": "None", "ebit": "20000000", "ebitda": "198000000", "netIncome": "-59000000"}, {"fiscalDateEnding": "2008-12-31", "reportedCurrency": "USD", "grossProfit": "-275000000", "totalRevenue": "1647000000", "costOfRevenue": "1922000000", "costofGoodsAndServicesSold": "1922000000", "operatingIncome": "216000000", "sellingGeneralAndAdministrative": "689000000", "researchAndDevelopment": "0", "operatingExpenses": "-491000000", "investmentIncomeNet": "None", "netInterestIncome": "None", "interestIncome": "None", "interestExpense": "101000000", "nonInterestIncome": "None", "otherNonOperatingIncome": "None", "depreciation": "None", "depreciationAndAmortization": "191000000", "incomeBeforeTax": "108000000", "incomeTaxExpense": "-14000000", "interestAndDebtExpense": "None", "netIncomeFromContinuingOperations": "0", "comprehensiveIncomeNetOfTax": "None", "ebit": "212000000", "ebitda": "403000000", "netIncome": "119000000"}, {"fiscalDateEnding": "2008-09-30", "reportedCurrency": "USD", "grossProfit": "410000000", "totalRevenue": "1168000000", "costOfRevenue": "758000000", "costofGoodsAndServicesSold": "758000000", "operatingIncome": "123000000", "sellingGeneralAndAdministrative": "873000000", "researchAndDevelopment": "0", "operatingExpenses": "287000000", "investmentIncomeNet": "None", "netInterestIncome": "None", "interestIncome": "None", "interestExpense": "83000000", "nonInterestIncome": "None", "otherNonOperatingIncome": "None", "depreciation": "None", "depreciationAndAmortization": "133000000", "incomeBeforeTax": "45000000", "incomeTaxExpense": "4000000", "interestAndDebtExpense": "None", "netIncomeFromContinuingOperations": "0", "comprehensiveIncomeNetOfTax": "None", "ebit": "-33000000", "ebitda": "100000000", "netIncome": "45000000"}, {"fiscalDateEnding": "2008-06-30", "reportedCurrency": "USD", "grossProfit": "915000000", "totalRevenue": "1415000000", "costOfRevenue": "500000000", "costofGoodsAndServicesSold": "500000000", "operatingIncome": "276000000", "sellingGeneralAndAdministrative": "980000000", "researchAndDevelopment": "0", "operatingExpenses": "639000000", "investmentIncomeNet": "None", "netInterestIncome": "None", "interestIncome": "None", "interestExpense": "81000000", "nonInterestIncome": "None", "otherNonOperatingIncome": "None", "depreciation": "None", "depreciationAndAmortization": "131000000", "incomeBeforeTax": "193000000", "incomeTaxExpense": "14000000", "interestAndDebtExpense": "None", "netIncomeFromContinuingOperations": "0", "comprehensiveIncomeNetOfTax": "None", "ebit": "95000000", "ebitda": "226000000", "netIncome": "181000000"}, {"fiscalDateEnding": "2008-03-31", "reportedCurrency": "USD", "grossProfit": "659000000", "totalRevenue": "1058000000", "costOfRevenue": "399000000", "costofGoodsAndServicesSold": "399000000", "operatingIncome": "133000000", "sellingGeneralAndAdministrative": "795000000", "researchAndDevelopment": "None", "operatingExpenses": "533000000", "investmentIncomeNet": "None", "netInterestIncome": "None", "interestIncome": "None", "interestExpense": "83000000", "nonInterestIncome": "None", "otherNonOperatingIncome": "None", "depreciation": "None", "depreciationAndAmortization": "124000000", "incomeBeforeTax": "53000000", "incomeTaxExpense": "-7000000", "interestAndDebtExpense": "None", "netIncomeFromContinuingOperations": "None", "comprehensiveIncomeNetOfTax": "None", "ebit": "127000000", "ebitda": "251000000", "netIncome": "52000000"}, {"fiscalDateEnding": "2007-12-31", "reportedCurrency": "USD", "grossProfit": "-148000000", "totalRevenue": "1792000000", "costOfRevenue": "1940000000", "costofGoodsAndServicesSold": "1940000000", "operatingIncome": "370000000", "sellingGeneralAndAdministrative": "2683000000", "researchAndDevelopment": "0", "operatingExpenses": "-518000000", "investmentIncomeNet": "None", "netInterestIncome": "None", "interestIncome": "None", "interestExpense": "110000000", "nonInterestIncome": "None", "otherNonOperatingIncome": "None", "depreciation": "None", "depreciationAndAmortization": "163000000", "incomeBeforeTax": "266000000", "incomeTaxExpense": "-1000000", "interestAndDebtExpense": "None", "netIncomeFromContinuingOperations": "0", "comprehensiveIncomeNetOfTax": "None", "ebit": "376000000", "ebitda": "539000000", "netIncome": "291000000"}, {"fiscalDateEnding": "2007-09-30", "reportedCurrency": "USD", "grossProfit": "753000000", "totalRevenue": "1206000000", "costOfRevenue": "453000000", "costofGoodsAndServicesSold": "453000000", "operatingIncome": "165000000", "sellingGeneralAndAdministrative": "380000000", "researchAndDevelopment": "0", "operatingExpenses": "588000000", "investmentIncomeNet": "None", "netInterestIncome": "None", "interestIncome": "None", "interestExpense": "82000000", "nonInterestIncome": "None", "otherNonOperatingIncome": "None", "depreciation": "None", "depreciationAndAmortization": "119000000", "incomeBeforeTax": "90000000", "incomeTaxExpense": "-3000000", "interestAndDebtExpense": "None", "netIncomeFromContinuingOperations": "0", "comprehensiveIncomeNetOfTax": "None", "ebit": "171000000", "ebitda": "290000000", "netIncome": "95000000"}, {"fiscalDateEnding": "2007-06-30", "reportedCurrency": "USD", "grossProfit": "900000000", "totalRevenue": "1391000000", "costOfRevenue": "491000000", "costofGoodsAndServicesSold": "491000000", "operatingIncome": "284000000", "sellingGeneralAndAdministrative": "982000000", "researchAndDevelopment": "None", "operatingExpenses": "616000000", "investmentIncomeNet": "None", "netInterestIncome": "None", "interestIncome": "None", "interestExpense": "136000000", "nonInterestIncome": "None", "otherNonOperatingIncome": "None", "depreciation": "None", "depreciationAndAmortization": "119000000", "incomeBeforeTax": "159000000", "incomeTaxExpense": "11000000", "interestAndDebtExpense": "None", "netIncomeFromContinuingOperations": "None", "comprehensiveIncomeNetOfTax": "None", "ebit": "285000000", "ebitda": "404000000", "netIncome": "147000000"}, {"fiscalDateEnding": "2007-03-31", "reportedCurrency": "USD", "grossProfit": "397000000", "totalRevenue": "1037000000", "costOfRevenue": "640000000", "costofGoodsAndServicesSold": "640000000", "operatingIncome": "134000000", "sellingGeneralAndAdministrative": "782000000", "researchAndDevelopment": "0", "operatingExpenses": "263000000", "investmentIncomeNet": "None", "netInterestIncome": "None", "interestIncome": "None", "interestExpense": "94000000", "nonInterestIncome": "None", "otherNonOperatingIncome": "None", "depreciation": "None", "depreciationAndAmortization": "116000000", "incomeBeforeTax": "38000000", "incomeTaxExpense": "-5000000", "interestAndDebtExpense": "None", "netIncomeFromContinuingOperations": "0", "comprehensiveIncomeNetOfTax": "None", "ebit": "132000000", "ebitda": "248000000", "netIncome": "185000000"}, {"fiscalDateEnding": "2006-12-31", "reportedCurrency": "USD", "grossProfit": "1085000000", "totalRevenue": "1699000000", "costOfRevenue": "614000000", "costofGoodsAndServicesSold": "614000000", "operatingIncome": "304000000", "sellingGeneralAndAdministrative": "2340000000", "researchAndDevelopment": "0", "operatingExpenses": "781000000", "investmentIncomeNet": "None", "netInterestIncome": "None", "interestIncome": "None", "interestExpense": "94000000", "nonInterestIncome": "None", "otherNonOperatingIncome": "None", "depreciation": "None", "depreciationAndAmortization": "145000000", "incomeBeforeTax": "152000000", "incomeTaxExpense": "-9000000", "interestAndDebtExpense": "None", "netIncomeFromContinuingOperations": "0", "comprehensiveIncomeNetOfTax": "None", "ebit": "304000000", "ebitda": "449000000", "netIncome": "194000000"}, {"fiscalDateEnding": "2006-09-30", "reportedCurrency": "USD", "grossProfit": "709000000", "totalRevenue": "1135000000", "costOfRevenue": "426000000", "costofGoodsAndServicesSold": "426000000", "operatingIncome": "125000000", "sellingGeneralAndAdministrative": "862000000", "researchAndDevelopment": "0", "operatingExpenses": "584000000", "investmentIncomeNet": "None", "netInterestIncome": "None", "interestIncome": "None", "interestExpense": "100000000", "nonInterestIncome": "None", "otherNonOperatingIncome": "None", "depreciation": "None", "depreciationAndAmortization": "118000000", "incomeBeforeTax": "30000000", "incomeTaxExpense": "-4000000", "interestAndDebtExpense": "None", "netIncomeFromContinuingOperations": "0", "comprehensiveIncomeNetOfTax": "None", "ebit": "124000000", "ebitda": "242000000", "netIncome": "38000000"}, {"fiscalDateEnding": "2006-06-30", "reportedCurrency": "USD", "grossProfit": "786000000", "totalRevenue": "1212000000", "costOfRevenue": "426000000", "costofGoodsAndServicesSold": "426000000", "operatingIncome": "233000000", "sellingGeneralAndAdministrative": "850000000", "researchAndDevelopment": "None", "operatingExpenses": "553000000", "investmentIncomeNet": "None", "netInterestIncome": "None", "interestIncome": "None", "interestExpense": "107000000", "nonInterestIncome": "None", "otherNonOperatingIncome": "None", "depreciation": "None", "depreciationAndAmortization": "107000000", "incomeBeforeTax": "114000000", "incomeTaxExpense": "17000000", "interestAndDebtExpense": "None", "netIncomeFromContinuingOperations": "None", "comprehensiveIncomeNetOfTax": "None", "ebit": "224000000", "ebitda": "331000000", "netIncome": "316000000"}, {"fiscalDateEnding": "2006-03-31", "reportedCurrency": "USD", "grossProfit": "538000000", "totalRevenue": "848000000", "costOfRevenue": "310000000", "costofGoodsAndServicesSold": "310000000", "operatingIncome": "116000000", "sellingGeneralAndAdministrative": "628000000", "researchAndDevelopment": "0", "operatingExpenses": "422000000", "investmentIncomeNet": "None", "netInterestIncome": "None", "interestIncome": "None", "interestExpense": "91000000", "nonInterestIncome": "None", "otherNonOperatingIncome": "None", "depreciation": "None", "depreciationAndAmortization": "89000000", "incomeBeforeTax": "19000000", "incomeTaxExpense": "1000000", "interestAndDebtExpense": "None", "netIncomeFromContinuingOperations": "0", "comprehensiveIncomeNetOfTax": "None", "ebit": "108000000", "ebitda": "197000000", "netIncome": "166000000"}, {"fiscalDateEnding": "2005-12-31", "reportedCurrency": "USD", "grossProfit": "775000000", "totalRevenue": "1234000000", "costOfRevenue": "459000000", "costofGoodsAndServicesSold": "459000000", "operatingIncome": "182000000", "sellingGeneralAndAdministrative": "1968000000", "researchAndDevelopment": "0", "operatingExpenses": "593000000", "investmentIncomeNet": "None", "netInterestIncome": "None", "interestIncome": "None", "interestExpense": "91000000", "nonInterestIncome": "None", "otherNonOperatingIncome": "None", "depreciation": "None", "depreciationAndAmortization": "119000000", "incomeBeforeTax": "60000000", "incomeTaxExpense": "1000000", "interestAndDebtExpense": "None", "netIncomeFromContinuingOperations": "0", "comprehensiveIncomeNetOfTax": "None", "ebit": "182000000", "ebitda": "301000000", "netIncome": "68000000"}, {"fiscalDateEnding": "2005-09-30", "reportedCurrency": "USD", "grossProfit": "517000000", "totalRevenue": "841000000", "costOfRevenue": "324000000", "costofGoodsAndServicesSold": "324000000", "operatingIncome": "70000000", "sellingGeneralAndAdministrative": "646000000", "researchAndDevelopment": "0", "operatingExpenses": "447000000", "investmentIncomeNet": "None", "netInterestIncome": "None", "interestIncome": "None", "interestExpense": "94000000", "nonInterestIncome": "None", "otherNonOperatingIncome": "None", "depreciation": "None", "depreciationAndAmortization": "84000000", "incomeBeforeTax": "-20000000", "incomeTaxExpense": "-15000000", "interestAndDebtExpense": "None", "netIncomeFromContinuingOperations": "0", "comprehensiveIncomeNetOfTax": "None", "ebit": "-113000000", "ebitda": "-29000000", "netIncome": "-5000000"}, {"fiscalDateEnding": "2005-06-30", "reportedCurrency": "USD", "grossProfit": "636000000", "totalRevenue": "993000000", "costOfRevenue": "357000000", "costofGoodsAndServicesSold": "357000000", "operatingIncome": "169000000", "sellingGeneralAndAdministrative": "708000000", "researchAndDevelopment": "None", "operatingExpenses": "467000000", "investmentIncomeNet": "None", "netInterestIncome": "None", "interestIncome": "None", "interestExpense": "114000000", "nonInterestIncome": "None", "otherNonOperatingIncome": "None", "depreciation": "None", "depreciationAndAmortization": "86000000", "incomeBeforeTax": "129000000", "incomeTaxExpense": "38000000", "interestAndDebtExpense": "None", "netIncomeFromContinuingOperations": "None", "comprehensiveIncomeNetOfTax": "None", "ebit": "160000000", "ebitda": "246000000", "netIncome": "80000000"}, {"fiscalDateEnding": "2005-03-31", "reportedCurrency": "USD", "grossProfit": "513000000", "totalRevenue": "818000000", "costOfRevenue": "305000000", "costofGoodsAndServicesSold": "305000000", "operatingIncome": "99000000", "sellingGeneralAndAdministrative": "614000000", "researchAndDevelopment": "0", "operatingExpenses": "414000000", "investmentIncomeNet": "None", "netInterestIncome": "None", "interestIncome": "None", "interestExpense": "109000000", "nonInterestIncome": "None", "otherNonOperatingIncome": "None", "depreciation": "None", "depreciationAndAmortization": "84000000", "incomeBeforeTax": "-6000000", "incomeTaxExpense": "-12000000", "interestAndDebtExpense": "None", "netIncomeFromContinuingOperations": "0", "comprehensiveIncomeNetOfTax": "None", "ebit": "92000000", "ebitda": "176000000", "netIncome": "6000000"}, {"fiscalDateEnding": "2004-12-31", "reportedCurrency": "USD", "grossProfit": "683000000", "totalRevenue": "1100000000", "costOfRevenue": "417000000", "costofGoodsAndServicesSold": "417000000", "operatingIncome": "140000000", "sellingGeneralAndAdministrative": "614000000", "researchAndDevelopment": "0", "operatingExpenses": "543000000", "investmentIncomeNet": "None", "netInterestIncome": "None", "interestIncome": "None", "interestExpense": "109000000", "nonInterestIncome": "None", "otherNonOperatingIncome": "None", "depreciation": "None", "depreciationAndAmortization": "104000000", "incomeBeforeTax": "10000000", "incomeTaxExpense": "-8000000", "interestAndDebtExpense": "None", "netIncomeFromContinuingOperations": "0", "comprehensiveIncomeNetOfTax": "None", "ebit": "140000000", "ebitda": "244000000", "netIncome": "52000000"}]}