{"symbol": "TYL", "annualReports": [{"fiscalDateEnding": "2024-12-31", "reportedCurrency": "USD", "grossProfit": "935761000", "totalRevenue": "2137803000", "costOfRevenue": "1202042000", "costofGoodsAndServicesSold": "1202042000", "operatingIncome": "299526000", "sellingGeneralAndAdministrative": "300938000", "researchAndDevelopment": "117939000", "operatingExpenses": "636235000", "investmentIncomeNet": "None", "netInterestIncome": "-5931000", "interestIncome": "None", "interestExpense": "5931000", "nonInterestIncome": "None", "otherNonOperatingIncome": "None", "depreciation": "None", "depreciationAndAmortization": "-2710000", "incomeBeforeTax": "308167000", "incomeTaxExpense": "45141000", "interestAndDebtExpense": "None", "netIncomeFromContinuingOperations": "263026000", "comprehensiveIncomeNetOfTax": "None", "ebit": "302236000", "ebitda": "299526000", "netIncome": "263026000"}, {"fiscalDateEnding": "2023-12-31", "reportedCurrency": "USD", "grossProfit": "861099000", "totalRevenue": "1951751000", "costOfRevenue": "1090652000", "costofGoodsAndServicesSold": "1090652000", "operatingIncome": "218537000", "sellingGeneralAndAdministrative": "308575000", "researchAndDevelopment": "109585000", "operatingExpenses": "642562000", "investmentIncomeNet": "None", "netInterestIncome": "-23629000", "interestIncome": "None", "interestExpense": "23629000", "nonInterestIncome": "None", "otherNonOperatingIncome": "None", "depreciation": "None", "depreciationAndAmortization": "170767000", "incomeBeforeTax": "198236000", "incomeTaxExpense": "32317000", "interestAndDebtExpense": "None", "netIncomeFromContinuingOperations": "165919000", "comprehensiveIncomeNetOfTax": "None", "ebit": "221865000", "ebitda": "392632000", "netIncome": "165919000"}, {"fiscalDateEnding": "2022-12-31", "reportedCurrency": "USD", "grossProfit": "783863000", "totalRevenue": "1850204000", "costOfRevenue": "1066341000", "costofGoodsAndServicesSold": "1066341000", "operatingIncome": "214249000", "sellingGeneralAndAdministrative": "267324000", "researchAndDevelopment": "105184000", "operatingExpenses": "569614000", "investmentIncomeNet": "None", "netInterestIncome": "-28379000", "interestIncome": "28379000", "interestExpense": "28379000", "nonInterestIncome": "None", "otherNonOperatingIncome": "1723000", "depreciation": "None", "depreciationAndAmortization": "172041000", "incomeBeforeTax": "187593000", "incomeTaxExpense": "23353000", "interestAndDebtExpense": "None", "netIncomeFromContinuingOperations": "164240000", "comprehensiveIncomeNetOfTax": "None", "ebit": "215972000", "ebitda": "388013000", "netIncome": "164240000"}, {"fiscalDateEnding": "2021-12-31", "reportedCurrency": "USD", "grossProfit": "709644000", "totalRevenue": "1592287000", "costOfRevenue": "882643000", "costofGoodsAndServicesSold": "882643000", "operatingIncome": "180735000", "sellingGeneralAndAdministrative": "271955000", "researchAndDevelopment": "93481000", "operatingExpenses": "528909000", "investmentIncomeNet": "None", "netInterestIncome": "-23298000", "interestIncome": "23298000", "interestExpense": "23298000", "nonInterestIncome": "None", "otherNonOperatingIncome": "1544000", "depreciation": "None", "depreciationAndAmortization": "145840000", "incomeBeforeTax": "158981000", "incomeTaxExpense": "-2477000", "interestAndDebtExpense": "None", "netIncomeFromContinuingOperations": "161458000", "comprehensiveIncomeNetOfTax": "None", "ebit": "182279000", "ebitda": "328119000", "netIncome": "161458000"}, {"fiscalDateEnding": "2020-12-31", "reportedCurrency": "USD", "grossProfit": "542512000", "totalRevenue": "1116663000", "costOfRevenue": "574151000", "costofGoodsAndServicesSold": "574151000", "operatingIncome": "172926000", "sellingGeneralAndAdministrative": "161095000", "researchAndDevelopment": "88363000", "operatingExpenses": "369586000", "investmentIncomeNet": "None", "netInterestIncome": "-1013000", "interestIncome": "None", "interestExpense": "1013000", "nonInterestIncome": "None", "otherNonOperatingIncome": "2116000", "depreciation": "None", "depreciationAndAmortization": "81657000", "incomeBeforeTax": "175042000", "incomeTaxExpense": "-19778000", "interestAndDebtExpense": "None", "netIncomeFromContinuingOperations": "194820000", "comprehensiveIncomeNetOfTax": "None", "ebit": "172926000", "ebitda": "254583000", "netIncome": "194820000"}, {"fiscalDateEnding": "2019-12-31", "reportedCurrency": "USD", "grossProfit": "516900000", "totalRevenue": "1086427000", "costOfRevenue": "569527000", "costofGoodsAndServicesSold": "569527000", "operatingIncome": "156367000", "sellingGeneralAndAdministrative": "257746000", "researchAndDevelopment": "81342000", "operatingExpenses": "360533000", "investmentIncomeNet": "None", "netInterestIncome": "None", "interestIncome": "None", "interestExpense": "3471000", "nonInterestIncome": "None", "otherNonOperatingIncome": "3471000", "depreciation": "None", "depreciationAndAmortization": "76672000", "incomeBeforeTax": "159838000", "incomeTaxExpense": "13311000", "interestAndDebtExpense": "None", "netIncomeFromContinuingOperations": "146527000", "comprehensiveIncomeNetOfTax": "None", "ebit": "156367000", "ebitda": "233039000", "netIncome": "146527000"}, {"fiscalDateEnding": "2018-12-31", "reportedCurrency": "USD", "grossProfit": "439578000", "totalRevenue": "935282000", "costOfRevenue": "495704000", "costofGoodsAndServicesSold": "495704000", "operatingIncome": "152492000", "sellingGeneralAndAdministrative": "207605000", "researchAndDevelopment": "63264000", "operatingExpenses": "287086000", "investmentIncomeNet": "None", "netInterestIncome": "None", "interestIncome": "None", "interestExpense": "0", "nonInterestIncome": "None", "otherNonOperatingIncome": "3378000", "depreciation": "None", "depreciationAndAmortization": "60800000", "incomeBeforeTax": "155870000", "incomeTaxExpense": "8408000", "interestAndDebtExpense": "None", "netIncomeFromContinuingOperations": "147462000", "comprehensiveIncomeNetOfTax": "None", "ebit": "130479000", "ebitda": "191279000", "netIncome": "147462000"}, {"fiscalDateEnding": "2017-12-31", "reportedCurrency": "USD", "grossProfit": "399140000", "totalRevenue": "840662000", "costOfRevenue": "441522000", "costofGoodsAndServicesSold": "441522000", "operatingIncome": "160930000", "sellingGeneralAndAdministrative": "176974000", "researchAndDevelopment": "47324000", "operatingExpenses": "238210000", "investmentIncomeNet": "None", "netInterestIncome": "None", "interestIncome": "None", "interestExpense": "0", "nonInterestIncome": "None", "otherNonOperatingIncome": "698000", "depreciation": "None", "depreciationAndAmortization": "53300000", "incomeBeforeTax": "161628000", "incomeTaxExpense": "-2317000", "interestAndDebtExpense": "None", "netIncomeFromContinuingOperations": "163945000", "comprehensiveIncomeNetOfTax": "None", "ebit": "141167000", "ebitda": "194467000", "netIncome": "163945000"}, {"fiscalDateEnding": "2016-12-31", "reportedCurrency": "USD", "grossProfit": "355351000", "totalRevenue": "756043000", "costOfRevenue": "400692000", "costofGoodsAndServicesSold": "400692000", "operatingIncome": "131305000", "sellingGeneralAndAdministrative": "167161000", "researchAndDevelopment": "43154000", "operatingExpenses": "224046000", "investmentIncomeNet": "None", "netInterestIncome": "None", "interestIncome": "None", "interestExpense": "0", "nonInterestIncome": "None", "otherNonOperatingIncome": "-1998000", "depreciation": "None", "depreciationAndAmortization": "50301000", "incomeBeforeTax": "129307000", "incomeTaxExpense": "19450000", "interestAndDebtExpense": "None", "netIncomeFromContinuingOperations": "109857000", "comprehensiveIncomeNetOfTax": "None", "ebit": "114893000", "ebitda": "165194000", "netIncome": "109857000"}, {"fiscalDateEnding": "2015-12-31", "reportedCurrency": "USD", "grossProfit": "277187000", "totalRevenue": "591022000", "costOfRevenue": "313835000", "costofGoodsAndServicesSold": "313835000", "operatingIncome": "108043000", "sellingGeneralAndAdministrative": "133317000", "researchAndDevelopment": "29922000", "operatingExpenses": "169144000", "investmentIncomeNet": "None", "netInterestIncome": "None", "interestIncome": "None", "interestExpense": "0", "nonInterestIncome": "None", "otherNonOperatingIncome": "381000", "depreciation": "None", "depreciationAndAmortization": "19574000", "incomeBeforeTax": "108424000", "incomeTaxExpense": "43555000", "interestAndDebtExpense": "None", "netIncomeFromContinuingOperations": "64869000", "comprehensiveIncomeNetOfTax": "None", "ebit": "108043000", "ebitda": "127617000", "netIncome": "64869000"}, {"fiscalDateEnding": "2014-12-31", "reportedCurrency": "USD", "grossProfit": "233371000", "totalRevenue": "493101000", "costOfRevenue": "259730000", "costofGoodsAndServicesSold": "259730000", "operatingIncome": "94822000", "sellingGeneralAndAdministrative": "108260000", "researchAndDevelopment": "25743000", "operatingExpenses": "138549000", "investmentIncomeNet": "None", "netInterestIncome": "None", "interestIncome": "None", "interestExpense": "0", "nonInterestIncome": "None", "otherNonOperatingIncome": "None", "depreciation": "None", "depreciationAndAmortization": "14605000", "incomeBeforeTax": "94467000", "incomeTaxExpense": "35527000", "interestAndDebtExpense": "None", "netIncomeFromContinuingOperations": "58940000", "comprehensiveIncomeNetOfTax": "None", "ebit": "94822000", "ebitda": "109427000", "netIncome": "58940000"}, {"fiscalDateEnding": "2013-12-31", "reportedCurrency": "USD", "grossProfit": "193203000", "totalRevenue": "416643000", "costOfRevenue": "223440000", "costofGoodsAndServicesSold": "223440000", "operatingIncome": "67128000", "sellingGeneralAndAdministrative": "98289000", "researchAndDevelopment": "23269000", "operatingExpenses": "126075000", "investmentIncomeNet": "None", "netInterestIncome": "None", "interestIncome": "None", "interestExpense": "0", "nonInterestIncome": "None", "otherNonOperatingIncome": "None", "depreciation": "None", "depreciationAndAmortization": "13786000", "incomeBeforeTax": "65819000", "incomeTaxExpense": "26718000", "interestAndDebtExpense": "None", "netIncomeFromContinuingOperations": "39101000", "comprehensiveIncomeNetOfTax": "None", "ebit": "67128000", "ebitda": "80914000", "netIncome": "39101000"}, {"fiscalDateEnding": "2012-12-31", "reportedCurrency": "USD", "grossProfit": "167702000", "totalRevenue": "363304000", "costOfRevenue": "195602000", "costofGoodsAndServicesSold": "195602000", "operatingIncome": "56577000", "sellingGeneralAndAdministrative": "86706000", "researchAndDevelopment": "20140000", "operatingExpenses": "111125000", "investmentIncomeNet": "None", "netInterestIncome": "None", "interestIncome": "None", "interestExpense": "0", "nonInterestIncome": "None", "otherNonOperatingIncome": "None", "depreciation": "None", "depreciationAndAmortization": "12711000", "incomeBeforeTax": "53868000", "incomeTaxExpense": "20874000", "interestAndDebtExpense": "None", "netIncomeFromContinuingOperations": "32994000", "comprehensiveIncomeNetOfTax": "None", "ebit": "56577000", "ebitda": "69288000", "netIncome": "32994000"}, {"fiscalDateEnding": "2011-12-31", "reportedCurrency": "USD", "grossProfit": "141912000", "totalRevenue": "309391000", "costOfRevenue": "167479000", "costofGoodsAndServicesSold": "167479000", "operatingIncome": "46517000", "sellingGeneralAndAdministrative": "75650000", "researchAndDevelopment": "16414000", "operatingExpenses": "95395000", "investmentIncomeNet": "None", "netInterestIncome": "None", "interestIncome": "None", "interestExpense": "0", "nonInterestIncome": "None", "otherNonOperatingIncome": "None", "depreciation": "None", "depreciationAndAmortization": "10676000", "incomeBeforeTax": "44113000", "incomeTaxExpense": "16556000", "interestAndDebtExpense": "None", "netIncomeFromContinuingOperations": "27557000", "comprehensiveIncomeNetOfTax": "None", "ebit": "44113000", "ebitda": "54789000", "netIncome": "27557000"}, {"fiscalDateEnding": "2010-12-31", "reportedCurrency": "USD", "grossProfit": "128317000", "totalRevenue": "288628000", "costOfRevenue": "160311000", "costofGoodsAndServicesSold": "160311000", "operatingIncome": "41641000", "sellingGeneralAndAdministrative": "69480000", "researchAndDevelopment": "13971000", "operatingExpenses": "86676000", "investmentIncomeNet": "None", "netInterestIncome": "None", "interestIncome": "None", "interestExpense": "0", "nonInterestIncome": "None", "otherNonOperatingIncome": "None", "depreciation": "None", "depreciationAndAmortization": "10788000", "incomeBeforeTax": "39899000", "incomeTaxExpense": "14845000", "interestAndDebtExpense": "None", "netIncomeFromContinuingOperations": "None", "comprehensiveIncomeNetOfTax": "None", "ebit": "43383000", "ebitda": "54171000", "netIncome": "25054000"}, {"fiscalDateEnding": "2009-12-31", "reportedCurrency": "USD", "grossProfit": "128763000", "totalRevenue": "290286000", "costOfRevenue": "161523000", "costofGoodsAndServicesSold": "161523000", "operatingIncome": "44784000", "sellingGeneralAndAdministrative": "70115000", "researchAndDevelopment": "11159000", "operatingExpenses": "83979000", "investmentIncomeNet": "None", "netInterestIncome": "None", "interestIncome": "None", "interestExpense": "0", "nonInterestIncome": "None", "otherNonOperatingIncome": "None", "depreciation": "None", "depreciationAndAmortization": "9497000", "incomeBeforeTax": "44638000", "incomeTaxExpense": "17628000", "interestAndDebtExpense": "None", "netIncomeFromContinuingOperations": "None", "comprehensiveIncomeNetOfTax": "None", "ebit": "35287000", "ebitda": "44784000", "netIncome": "27010000"}, {"fiscalDateEnding": "2008-12-31", "reportedCurrency": "USD", "grossProfit": "109787000", "totalRevenue": "265101000", "costOfRevenue": "155314000", "costofGoodsAndServicesSold": "155314000", "operatingIncome": "28095000", "sellingGeneralAndAdministrative": "62923000", "researchAndDevelopment": "7286000", "operatingExpenses": "81692000", "investmentIncomeNet": "None", "netInterestIncome": "None", "interestIncome": "None", "interestExpense": "0", "nonInterestIncome": "None", "otherNonOperatingIncome": "None", "depreciation": "None", "depreciationAndAmortization": "12611000", "incomeBeforeTax": "29276000", "incomeTaxExpense": "14414000", "interestAndDebtExpense": "None", "netIncomeFromContinuingOperations": "None", "comprehensiveIncomeNetOfTax": "None", "ebit": "15484000", "ebitda": "28095000", "netIncome": "14862000"}, {"fiscalDateEnding": "2007-12-31", "reportedCurrency": "USD", "grossProfit": "84425000", "totalRevenue": "219796000", "costOfRevenue": "135371000", "costofGoodsAndServicesSold": "135371000", "operatingIncome": "26780000", "sellingGeneralAndAdministrative": "51724000", "researchAndDevelopment": "4443000", "operatingExpenses": "57645000", "investmentIncomeNet": "None", "netInterestIncome": "None", "interestIncome": "None", "interestExpense": "0", "nonInterestIncome": "None", "otherNonOperatingIncome": "None", "depreciation": "None", "depreciationAndAmortization": "11211000", "incomeBeforeTax": "28580000", "incomeTaxExpense": "11079000", "interestAndDebtExpense": "None", "netIncomeFromContinuingOperations": "None", "comprehensiveIncomeNetOfTax": "None", "ebit": "24980000", "ebitda": "36191000", "netIncome": "17501000"}, {"fiscalDateEnding": "2006-12-31", "reportedCurrency": "USD", "grossProfit": "74804000", "totalRevenue": "195303000", "costOfRevenue": "120499000", "costofGoodsAndServicesSold": "120499000", "operatingIncome": "21775000", "sellingGeneralAndAdministrative": "51711000", "researchAndDevelopment": "3300000", "operatingExpenses": "53029000", "investmentIncomeNet": "None", "netInterestIncome": "None", "interestIncome": "None", "interestExpense": "0", "nonInterestIncome": "None", "otherNonOperatingIncome": "None", "depreciation": "None", "depreciationAndAmortization": "10102000", "incomeBeforeTax": "22855000", "incomeTaxExpense": "8493000", "interestAndDebtExpense": "None", "netIncomeFromContinuingOperations": "None", "comprehensiveIncomeNetOfTax": "None", "ebit": "21775000", "ebitda": "31877000", "netIncome": "14362000"}, {"fiscalDateEnding": "2005-12-31", "reportedCurrency": "USD", "grossProfit": "61487000", "totalRevenue": "170457000", "costOfRevenue": "108970000", "costofGoodsAndServicesSold": "108970000", "operatingIncome": "12719000", "sellingGeneralAndAdministrative": "46242000", "researchAndDevelopment": "2400000", "operatingExpenses": "47508000", "investmentIncomeNet": "None", "netInterestIncome": "None", "interestIncome": "None", "interestExpense": "0", "nonInterestIncome": "None", "otherNonOperatingIncome": "None", "depreciation": "None", "depreciationAndAmortization": "10443000", "incomeBeforeTax": "13625000", "incomeTaxExpense": "5432000", "interestAndDebtExpense": "None", "netIncomeFromContinuingOperations": "None", "comprehensiveIncomeNetOfTax": "None", "ebit": "14333000", "ebitda": "24776000", "netIncome": "8193000"}], "quarterlyReports": [{"fiscalDateEnding": "2024-12-31", "reportedCurrency": "USD", "grossProfit": "236819000", "totalRevenue": "541131000", "costOfRevenue": "304312000", "costofGoodsAndServicesSold": "304312000", "operatingIncome": "71686000", "sellingGeneralAndAdministrative": "80348000", "researchAndDevelopment": "29435000", "operatingExpenses": "165133000", "investmentIncomeNet": "None", "netInterestIncome": "-1259000", "interestIncome": "None", "interestExpense": "1259000", "nonInterestIncome": "None", "otherNonOperatingIncome": "None", "depreciation": "None", "depreciationAndAmortization": "36341000", "incomeBeforeTax": "76767000", "incomeTaxExpense": "11546000", "interestAndDebtExpense": "None", "netIncomeFromContinuingOperations": "65221000", "comprehensiveIncomeNetOfTax": "None", "ebit": "78026000", "ebitda": "114367000", "netIncome": "65221000"}, {"fiscalDateEnding": "2024-09-30", "reportedCurrency": "USD", "grossProfit": "237460000", "totalRevenue": "543337000", "costOfRevenue": "305877000", "costofGoodsAndServicesSold": "305877000", "operatingIncome": "82827000", "sellingGeneralAndAdministrative": "72460000", "researchAndDevelopment": "30120000", "operatingExpenses": "154633000", "investmentIncomeNet": "None", "netInterestIncome": "-1235000", "interestIncome": "None", "interestExpense": "1235000", "nonInterestIncome": "None", "otherNonOperatingIncome": "None", "depreciation": "None", "depreciationAndAmortization": "36927000", "incomeBeforeTax": "86096000", "incomeTaxExpense": "10199000", "interestAndDebtExpense": "None", "netIncomeFromContinuingOperations": "75897000", "comprehensiveIncomeNetOfTax": "None", "ebit": "87331000", "ebitda": "124258000", "netIncome": "75897000"}, {"fiscalDateEnding": "2024-06-30", "reportedCurrency": "USD", "grossProfit": "223971000", "totalRevenue": "540976000", "costOfRevenue": "317005000", "costofGoodsAndServicesSold": "317005000", "operatingIncome": "78035000", "sellingGeneralAndAdministrative": "75420000", "researchAndDevelopment": "28951000", "operatingExpenses": "145936000", "investmentIncomeNet": "None", "netInterestIncome": "-1253000", "interestIncome": "None", "interestExpense": "1253000", "nonInterestIncome": "None", "otherNonOperatingIncome": "None", "depreciation": "None", "depreciationAndAmortization": "36482000", "incomeBeforeTax": "78665000", "incomeTaxExpense": "10927000", "interestAndDebtExpense": "None", "netIncomeFromContinuingOperations": "67738000", "comprehensiveIncomeNetOfTax": "None", "ebit": "78035000", "ebitda": "114517000", "netIncome": "67738000"}, {"fiscalDateEnding": "2024-03-31", "reportedCurrency": "USD", "grossProfit": "205548000", "totalRevenue": "512359000", "costOfRevenue": "306811000", "costofGoodsAndServicesSold": "306811000", "operatingIncome": "66977999", "sellingGeneralAndAdministrative": "72710000", "researchAndDevelopment": "29433000", "operatingExpenses": "138570000", "investmentIncomeNet": "None", "netInterestIncome": "-2184000", "interestIncome": "None", "interestExpense": "2184000", "nonInterestIncome": "None", "otherNonOperatingIncome": "None", "depreciation": "None", "depreciationAndAmortization": "40097000", "incomeBeforeTax": "66638999", "incomeTaxExpense": "12469000", "interestAndDebtExpense": "None", "netIncomeFromContinuingOperations": "54170000", "comprehensiveIncomeNetOfTax": "None", "ebit": "68823000", "ebitda": "108920000", "netIncome": "54170000"}, {"fiscalDateEnding": "2023-12-31", "reportedCurrency": "USD", "grossProfit": "193592000", "totalRevenue": "480935000", "costOfRevenue": "287343000", "costofGoodsAndServicesSold": "287343000", "operatingIncome": "47748000", "sellingGeneralAndAdministrative": "80015000", "researchAndDevelopment": "26163000", "operatingExpenses": "145844000", "investmentIncomeNet": "None", "netInterestIncome": "-3750000", "interestIncome": "None", "interestExpense": "3750000", "nonInterestIncome": "None", "otherNonOperatingIncome": "None", "depreciation": "None", "depreciationAndAmortization": "44311000", "incomeBeforeTax": "44650000", "incomeTaxExpense": "5747000", "interestAndDebtExpense": "None", "netIncomeFromContinuingOperations": "38903000", "comprehensiveIncomeNetOfTax": "None", "ebit": "48400000", "ebitda": "92711000", "netIncome": "38903000"}, {"fiscalDateEnding": "2023-09-30", "reportedCurrency": "USD", "grossProfit": "225160000", "totalRevenue": "494684000", "costOfRevenue": "269524000", "costofGoodsAndServicesSold": "269524000", "operatingIncome": "63935000", "sellingGeneralAndAdministrative": "78519000", "researchAndDevelopment": "28282000", "operatingExpenses": "142699000", "investmentIncomeNet": "None", "netInterestIncome": "-5808000", "interestIncome": "5808000", "interestExpense": "5808000", "nonInterestIncome": "None", "otherNonOperatingIncome": "None", "depreciation": "None", "depreciationAndAmortization": "44139000", "incomeBeforeTax": "58914000", "incomeTaxExpense": "11903000", "interestAndDebtExpense": "None", "netIncomeFromContinuingOperations": "47011000", "comprehensiveIncomeNetOfTax": "None", "ebit": "64722000", "ebitda": "108861000", "netIncome": "47011000"}, {"fiscalDateEnding": "2023-06-30", "reportedCurrency": "USD", "grossProfit": "223177000", "totalRevenue": "504279000", "costOfRevenue": "281102000", "costofGoodsAndServicesSold": "281102000", "operatingIncome": "61874000", "sellingGeneralAndAdministrative": "77681000", "researchAndDevelopment": "28153000", "operatingExpenses": "142937000", "investmentIncomeNet": "None", "netInterestIncome": "-6387000", "interestIncome": "6387000", "interestExpense": "6387000", "nonInterestIncome": "None", "otherNonOperatingIncome": "643000", "depreciation": "None", "depreciationAndAmortization": "40401000", "incomeBeforeTax": "56130000", "incomeTaxExpense": "7000000", "interestAndDebtExpense": "None", "netIncomeFromContinuingOperations": "49130000", "comprehensiveIncomeNetOfTax": "None", "ebit": "62517000", "ebitda": "102918000", "netIncome": "49130000"}, {"fiscalDateEnding": "2023-03-31", "reportedCurrency": "USD", "grossProfit": "199837000", "totalRevenue": "471853000", "costOfRevenue": "272016000", "costofGoodsAndServicesSold": "272016000", "operatingIncome": "44980000", "sellingGeneralAndAdministrative": "72360000", "researchAndDevelopment": "26987000", "operatingExpenses": "154857000", "investmentIncomeNet": "None", "netInterestIncome": "-7684000", "interestIncome": "7684000", "interestExpense": "7684000", "nonInterestIncome": "None", "otherNonOperatingIncome": "1246000", "depreciation": "None", "depreciationAndAmortization": "41916000", "incomeBeforeTax": "38542000", "incomeTaxExpense": "7667000", "interestAndDebtExpense": "None", "netIncomeFromContinuingOperations": "30875000", "comprehensiveIncomeNetOfTax": "None", "ebit": "46226000", "ebitda": "88142000", "netIncome": "30875000"}, {"fiscalDateEnding": "2022-12-31", "reportedCurrency": "USD", "grossProfit": "193334000", "totalRevenue": "452220000", "costOfRevenue": "258886000", "costofGoodsAndServicesSold": "258886000", "operatingIncome": "40711000", "sellingGeneralAndAdministrative": "66883000", "researchAndDevelopment": "32667000", "operatingExpenses": "152623000", "investmentIncomeNet": "None", "netInterestIncome": "-8103000", "interestIncome": "8103000", "interestExpense": "8103000", "nonInterestIncome": "None", "otherNonOperatingIncome": "1012000", "depreciation": "None", "depreciationAndAmortization": "45851000", "incomeBeforeTax": "33620000", "incomeTaxExpense": "2543000", "interestAndDebtExpense": "None", "netIncomeFromContinuingOperations": "31077000", "comprehensiveIncomeNetOfTax": "None", "ebit": "41723000", "ebitda": "87574000", "netIncome": "31077000"}, {"fiscalDateEnding": "2022-09-30", "reportedCurrency": "USD", "grossProfit": "204663000", "totalRevenue": "473191000", "costOfRevenue": "268528000", "costofGoodsAndServicesSold": "268528000", "operatingIncome": "60913000", "sellingGeneralAndAdministrative": "69931000", "researchAndDevelopment": "25190000", "operatingExpenses": "143750000", "investmentIncomeNet": "None", "netInterestIncome": "-9258000", "interestIncome": "9258000", "interestExpense": "9258000", "nonInterestIncome": "None", "otherNonOperatingIncome": "131000", "depreciation": "None", "depreciationAndAmortization": "45220000", "incomeBeforeTax": "51786000", "incomeTaxExpense": "-1447000", "interestAndDebtExpense": "None", "netIncomeFromContinuingOperations": "53233000", "comprehensiveIncomeNetOfTax": "None", "ebit": "61044000", "ebitda": "106264000", "netIncome": "53233000"}, {"fiscalDateEnding": "2022-06-30", "reportedCurrency": "USD", "grossProfit": "193448000", "totalRevenue": "468685000", "costOfRevenue": "275237000", "costofGoodsAndServicesSold": "275237000", "operatingIncome": "56757000", "sellingGeneralAndAdministrative": "67820000", "researchAndDevelopment": "23386000", "operatingExpenses": "136691000", "investmentIncomeNet": "None", "netInterestIncome": "-6214000", "interestIncome": "6214000", "interestExpense": "6214000", "nonInterestIncome": "None", "otherNonOperatingIncome": "216000", "depreciation": "None", "depreciationAndAmortization": "39739000", "incomeBeforeTax": "50759000", "incomeTaxExpense": "10813000", "interestAndDebtExpense": "None", "netIncomeFromContinuingOperations": "39946000", "comprehensiveIncomeNetOfTax": "None", "ebit": "56973000", "ebitda": "96712000", "netIncome": "39946000"}, {"fiscalDateEnding": "2022-03-31", "reportedCurrency": "USD", "grossProfit": "192418000", "totalRevenue": "456108000", "costOfRevenue": "263690000", "costofGoodsAndServicesSold": "263690000", "operatingIncome": "55868000", "sellingGeneralAndAdministrative": "62689000", "researchAndDevelopment": "23941000", "operatingExpenses": "136550000", "investmentIncomeNet": "None", "netInterestIncome": "-4804000", "interestIncome": "4804000", "interestExpense": "4804000", "nonInterestIncome": "None", "otherNonOperatingIncome": "364000", "depreciation": "None", "depreciationAndAmortization": "41231000", "incomeBeforeTax": "51428000", "incomeTaxExpense": "11444000", "interestAndDebtExpense": "None", "netIncomeFromContinuingOperations": "39984000", "comprehensiveIncomeNetOfTax": "None", "ebit": "56232000", "ebitda": "97463000", "netIncome": "39984000"}, {"fiscalDateEnding": "2021-12-31", "reportedCurrency": "USD", "grossProfit": "187160000", "totalRevenue": "433537000", "costOfRevenue": "246377000", "costofGoodsAndServicesSold": "246377000", "operatingIncome": "48052000", "sellingGeneralAndAdministrative": "246855000", "researchAndDevelopment": "24238000", "operatingExpenses": "139108000", "investmentIncomeNet": "None", "netInterestIncome": "-4987000", "interestIncome": "4987000", "interestExpense": "4987000", "nonInterestIncome": "None", "otherNonOperatingIncome": "13210000", "depreciation": "None", "depreciationAndAmortization": "40960000", "incomeBeforeTax": "43360000", "incomeTaxExpense": "-11422000", "interestAndDebtExpense": "None", "netIncomeFromContinuingOperations": "54782000", "comprehensiveIncomeNetOfTax": "None", "ebit": "48347000", "ebitda": "89307000", "netIncome": "54782000"}, {"fiscalDateEnding": "2021-09-30", "reportedCurrency": "USD", "grossProfit": "196216000", "totalRevenue": "459873000", "costOfRevenue": "263657000", "costofGoodsAndServicesSold": "263657000", "operatingIncome": "56184000", "sellingGeneralAndAdministrative": "101847000", "researchAndDevelopment": "24002000", "operatingExpenses": "140032000", "investmentIncomeNet": "None", "netInterestIncome": "-5396000", "interestIncome": "5396000", "interestExpense": "5396000", "nonInterestIncome": "None", "otherNonOperatingIncome": "445000", "depreciation": "None", "depreciationAndAmortization": "39870000", "incomeBeforeTax": "51233000", "incomeTaxExpense": "7063000", "interestAndDebtExpense": "None", "netIncomeFromContinuingOperations": "44170000", "comprehensiveIncomeNetOfTax": "None", "ebit": "56629000", "ebitda": "96499000", "netIncome": "44170000"}, {"fiscalDateEnding": "2021-06-30", "reportedCurrency": "USD", "grossProfit": "182061000", "totalRevenue": "404075000", "costOfRevenue": "222014000", "costofGoodsAndServicesSold": "222014000", "operatingIncome": "38291000", "sellingGeneralAndAdministrative": "108922000", "researchAndDevelopment": "23428000", "operatingExpenses": "143770000", "investmentIncomeNet": "None", "netInterestIncome": "-11946000", "interestIncome": "5228000", "interestExpense": "12438000", "nonInterestIncome": "None", "otherNonOperatingIncome": "-12199000", "depreciation": "None", "depreciationAndAmortization": "39876000", "incomeBeforeTax": "26092000", "incomeTaxExpense": "562000", "interestAndDebtExpense": "None", "netIncomeFromContinuingOperations": "25530000", "comprehensiveIncomeNetOfTax": "None", "ebit": "38291000", "ebitda": "78167000", "netIncome": "25530000"}, {"fiscalDateEnding": "2021-03-31", "reportedCurrency": "USD", "grossProfit": "144207000", "totalRevenue": "294802000", "costOfRevenue": "150595000", "costofGoodsAndServicesSold": "150595000", "operatingIncome": "38208000", "sellingGeneralAndAdministrative": "78774000", "researchAndDevelopment": "21813000", "operatingExpenses": "105999000", "investmentIncomeNet": "None", "netInterestIncome": "None", "interestIncome": "178000", "interestExpense": "None", "nonInterestIncome": "None", "otherNonOperatingIncome": "88000", "depreciation": "None", "depreciationAndAmortization": "21100000", "incomeBeforeTax": "38296000", "incomeTaxExpense": "1320000", "interestAndDebtExpense": "None", "netIncomeFromContinuingOperations": "36976000", "comprehensiveIncomeNetOfTax": "None", "ebit": "38208000", "ebitda": "59308000", "netIncome": "36976000"}, {"fiscalDateEnding": "2020-12-31", "reportedCurrency": "USD", "grossProfit": "138669000", "totalRevenue": "283285000", "costOfRevenue": "144616000", "costofGoodsAndServicesSold": "144616000", "operatingIncome": "48036000", "sellingGeneralAndAdministrative": "259561000", "researchAndDevelopment": "22411000", "operatingExpenses": "90633000", "investmentIncomeNet": "None", "netInterestIncome": "None", "interestIncome": "None", "interestExpense": "None", "nonInterestIncome": "None", "otherNonOperatingIncome": "376000", "depreciation": "None", "depreciationAndAmortization": "20911000", "incomeBeforeTax": "48412000", "incomeTaxExpense": "-5682000", "interestAndDebtExpense": "None", "netIncomeFromContinuingOperations": "54094000", "comprehensiveIncomeNetOfTax": "None", "ebit": "48036000", "ebitda": "68947000", "netIncome": "54094000"}, {"fiscalDateEnding": "2020-09-30", "reportedCurrency": "USD", "grossProfit": "143509000", "totalRevenue": "285746000", "costOfRevenue": "142237000", "costofGoodsAndServicesSold": "142237000", "operatingIncome": "49656000", "sellingGeneralAndAdministrative": "66819000", "researchAndDevelopment": "21642000", "operatingExpenses": "93853000", "investmentIncomeNet": "None", "netInterestIncome": "None", "interestIncome": "None", "interestExpense": "None", "nonInterestIncome": "None", "otherNonOperatingIncome": "280000", "depreciation": "None", "depreciationAndAmortization": "20476000", "incomeBeforeTax": "49936000", "incomeTaxExpense": "10652000", "interestAndDebtExpense": "None", "netIncomeFromContinuingOperations": "39284000", "comprehensiveIncomeNetOfTax": "None", "ebit": "49656000", "ebitda": "70132000", "netIncome": "39284000"}, {"fiscalDateEnding": "2020-06-30", "reportedCurrency": "USD", "grossProfit": "131203000", "totalRevenue": "271091000", "costOfRevenue": "139888000", "costofGoodsAndServicesSold": "139888000", "operatingIncome": "41341000", "sellingGeneralAndAdministrative": "62521000", "researchAndDevelopment": "21949000", "operatingExpenses": "89862000", "investmentIncomeNet": "None", "netInterestIncome": "None", "interestIncome": "None", "interestExpense": "None", "nonInterestIncome": "None", "otherNonOperatingIncome": "470000", "depreciation": "None", "depreciationAndAmortization": "20285000", "incomeBeforeTax": "41811000", "incomeTaxExpense": "-12081000", "interestAndDebtExpense": "None", "netIncomeFromContinuingOperations": "53892000", "comprehensiveIncomeNetOfTax": "None", "ebit": "41341000", "ebitda": "61626000", "netIncome": "53892000"}, {"fiscalDateEnding": "2020-03-31", "reportedCurrency": "USD", "grossProfit": "129131000", "totalRevenue": "276541000", "costOfRevenue": "147410000", "costofGoodsAndServicesSold": "147410000", "operatingIncome": "33893000", "sellingGeneralAndAdministrative": "67485000", "researchAndDevelopment": "22361000", "operatingExpenses": "95238000", "investmentIncomeNet": "None", "netInterestIncome": "990000", "interestIncome": "990000", "interestExpense": "990000", "nonInterestIncome": "None", "otherNonOperatingIncome": "990000", "depreciation": "None", "depreciationAndAmortization": "19985000", "incomeBeforeTax": "34883000", "incomeTaxExpense": "-12667000", "interestAndDebtExpense": "None", "netIncomeFromContinuingOperations": "47550000", "comprehensiveIncomeNetOfTax": "None", "ebit": "33893000", "ebitda": "53878000", "netIncome": "47550000"}, {"fiscalDateEnding": "2019-12-31", "reportedCurrency": "USD", "grossProfit": "142275000", "totalRevenue": "288837000", "costOfRevenue": "146562000", "costofGoodsAndServicesSold": "146562000", "operatingIncome": "45157000", "sellingGeneralAndAdministrative": "70265000", "researchAndDevelopment": "21170000", "operatingExpenses": "97118000", "investmentIncomeNet": "None", "netInterestIncome": "None", "interestIncome": "None", "interestExpense": "1750000", "nonInterestIncome": "None", "otherNonOperatingIncome": "2633000", "depreciation": "None", "depreciationAndAmortization": "20125000", "incomeBeforeTax": "47790000", "incomeTaxExpense": "1000000", "interestAndDebtExpense": "None", "netIncomeFromContinuingOperations": "46790000", "comprehensiveIncomeNetOfTax": "None", "ebit": "45157000", "ebitda": "65282000", "netIncome": "46790000"}, {"fiscalDateEnding": "2019-09-30", "reportedCurrency": "USD", "grossProfit": "130717000", "totalRevenue": "275400000", "costOfRevenue": "144683000", "costofGoodsAndServicesSold": "144683000", "operatingIncome": "40053000", "sellingGeneralAndAdministrative": "63888000", "researchAndDevelopment": "21130000", "operatingExpenses": "90664000", "investmentIncomeNet": "None", "netInterestIncome": "None", "interestIncome": "None", "interestExpense": "1750000", "nonInterestIncome": "None", "otherNonOperatingIncome": "499000", "depreciation": "None", "depreciationAndAmortization": "19803000", "incomeBeforeTax": "40552000", "incomeTaxExpense": "162000", "interestAndDebtExpense": "None", "netIncomeFromContinuingOperations": "40390000", "comprehensiveIncomeNetOfTax": "None", "ebit": "40053000", "ebitda": "59856000", "netIncome": "40390000"}, {"fiscalDateEnding": "2019-06-30", "reportedCurrency": "USD", "grossProfit": "127860000", "totalRevenue": "275124000", "costOfRevenue": "147264000", "costofGoodsAndServicesSold": "147264000", "operatingIncome": "36666000", "sellingGeneralAndAdministrative": "65827000", "researchAndDevelopment": "20101000", "operatingExpenses": "91194000", "investmentIncomeNet": "None", "netInterestIncome": "None", "interestIncome": "None", "interestExpense": "709000", "nonInterestIncome": "None", "otherNonOperatingIncome": "-247000", "depreciation": "None", "depreciationAndAmortization": "19436000", "incomeBeforeTax": "36419000", "incomeTaxExpense": "4420000", "interestAndDebtExpense": "None", "netIncomeFromContinuingOperations": "31999000", "comprehensiveIncomeNetOfTax": "None", "ebit": "36666000", "ebitda": "56102000", "netIncome": "31999000"}, {"fiscalDateEnding": "2019-03-31", "reportedCurrency": "USD", "grossProfit": "116048000", "totalRevenue": "247066000", "costOfRevenue": "131018000", "costofGoodsAndServicesSold": "131018000", "operatingIncome": "34491000", "sellingGeneralAndAdministrative": "57766000", "researchAndDevelopment": "18941000", "operatingExpenses": "81557000", "investmentIncomeNet": "None", "netInterestIncome": "None", "interestIncome": "None", "interestExpense": "709000", "nonInterestIncome": "None", "otherNonOperatingIncome": "586000", "depreciation": "None", "depreciationAndAmortization": "17308000", "incomeBeforeTax": "35077000", "incomeTaxExpense": "7729000", "interestAndDebtExpense": "None", "netIncomeFromContinuingOperations": "27348000", "comprehensiveIncomeNetOfTax": "None", "ebit": "34491000", "ebitda": "51799000", "netIncome": "27348000"}, {"fiscalDateEnding": "2018-12-31", "reportedCurrency": "USD", "grossProfit": "115871000", "totalRevenue": "241981000", "costOfRevenue": "126110000", "costofGoodsAndServicesSold": "126110000", "operatingIncome": "38927000", "sellingGeneralAndAdministrative": "55134000", "researchAndDevelopment": "17335000", "operatingExpenses": "76944000", "investmentIncomeNet": "None", "netInterestIncome": "None", "interestIncome": "None", "interestExpense": "770000", "nonInterestIncome": "None", "otherNonOperatingIncome": "1180000", "depreciation": "None", "depreciationAndAmortization": "16132000", "incomeBeforeTax": "40107000", "incomeTaxExpense": "8555000", "interestAndDebtExpense": "None", "netIncomeFromContinuingOperations": "31552000", "comprehensiveIncomeNetOfTax": "None", "ebit": "38927000", "ebitda": "55059000", "netIncome": "31552000"}, {"fiscalDateEnding": "2018-09-30", "reportedCurrency": "USD", "grossProfit": "111626000", "totalRevenue": "236067000", "costOfRevenue": "124441000", "costofGoodsAndServicesSold": "124441000", "operatingIncome": "37585000", "sellingGeneralAndAdministrative": "52605000", "researchAndDevelopment": "17050000", "operatingExpenses": "74041000", "investmentIncomeNet": "None", "netInterestIncome": "None", "interestIncome": "None", "interestExpense": "770000", "nonInterestIncome": "None", "otherNonOperatingIncome": "1041000", "depreciation": "None", "depreciationAndAmortization": "15978000", "incomeBeforeTax": "38626000", "incomeTaxExpense": "-298000", "interestAndDebtExpense": "None", "netIncomeFromContinuingOperations": "38924000", "comprehensiveIncomeNetOfTax": "None", "ebit": "37585000", "ebitda": "53563000", "netIncome": "38924000"}, {"fiscalDateEnding": "2018-06-30", "reportedCurrency": "USD", "grossProfit": "109276000", "totalRevenue": "236060000", "costOfRevenue": "126784000", "costofGoodsAndServicesSold": "126784000", "operatingIncome": "37142000", "sellingGeneralAndAdministrative": "52262000", "researchAndDevelopment": "15831000", "operatingExpenses": "72134000", "investmentIncomeNet": "None", "netInterestIncome": "None", "interestIncome": "None", "interestExpense": "770000", "nonInterestIncome": "None", "otherNonOperatingIncome": "558000", "depreciation": "None", "depreciationAndAmortization": "15537000", "incomeBeforeTax": "37700000", "incomeTaxExpense": "-1461000", "interestAndDebtExpense": "None", "netIncomeFromContinuingOperations": "39161000", "comprehensiveIncomeNetOfTax": "None", "ebit": "37142000", "ebitda": "52679000", "netIncome": "39161000"}, {"fiscalDateEnding": "2018-03-31", "reportedCurrency": "USD", "grossProfit": "102805000", "totalRevenue": "221174000", "costOfRevenue": "118369000", "costofGoodsAndServicesSold": "118369000", "operatingIncome": "38838000", "sellingGeneralAndAdministrative": "47604000", "researchAndDevelopment": "13048000", "operatingExpenses": "63967000", "investmentIncomeNet": "None", "netInterestIncome": "None", "interestIncome": "None", "interestExpense": "770000", "nonInterestIncome": "None", "otherNonOperatingIncome": "599000", "depreciation": "None", "depreciationAndAmortization": "14112000", "incomeBeforeTax": "39437000", "incomeTaxExpense": "1612000", "interestAndDebtExpense": "None", "netIncomeFromContinuingOperations": "37825000", "comprehensiveIncomeNetOfTax": "None", "ebit": "38838000", "ebitda": "52950000", "netIncome": "37825000"}, {"fiscalDateEnding": "2017-12-31", "reportedCurrency": "USD", "grossProfit": "105500000", "totalRevenue": "217851000", "costOfRevenue": "112351000", "costofGoodsAndServicesSold": "112351000", "operatingIncome": "44259000", "sellingGeneralAndAdministrative": "45725000", "researchAndDevelopment": "12017000", "operatingExpenses": "61241000", "investmentIncomeNet": "None", "netInterestIncome": "None", "interestIncome": "None", "interestExpense": "191000", "nonInterestIncome": "None", "otherNonOperatingIncome": "914000", "depreciation": "None", "depreciationAndAmortization": "13829000", "incomeBeforeTax": "45173000", "incomeTaxExpense": "-16625000", "interestAndDebtExpense": "None", "netIncomeFromContinuingOperations": "61798000", "comprehensiveIncomeNetOfTax": "None", "ebit": "44259000", "ebitda": "58088000", "netIncome": "61798000"}, {"fiscalDateEnding": "2017-09-30", "reportedCurrency": "USD", "grossProfit": "103429000", "totalRevenue": "214146000", "costOfRevenue": "110717000", "costofGoodsAndServicesSold": "110717000", "operatingIncome": "43447000", "sellingGeneralAndAdministrative": "44656000", "researchAndDevelopment": "11834000", "operatingExpenses": "59982000", "investmentIncomeNet": "None", "netInterestIncome": "None", "interestIncome": "None", "interestExpense": "191000", "nonInterestIncome": "None", "otherNonOperatingIncome": "75000", "depreciation": "None", "depreciationAndAmortization": "13730000", "incomeBeforeTax": "43522000", "incomeTaxExpense": "5259000", "interestAndDebtExpense": "None", "netIncomeFromContinuingOperations": "38263000", "comprehensiveIncomeNetOfTax": "None", "ebit": "38677000", "ebitda": "52407000", "netIncome": "38263000"}, {"fiscalDateEnding": "2017-06-30", "reportedCurrency": "USD", "grossProfit": "95863000", "totalRevenue": "209123000", "costOfRevenue": "113260000", "costofGoodsAndServicesSold": "113260000", "operatingIncome": "37075000", "sellingGeneralAndAdministrative": "43451000", "researchAndDevelopment": "11874000", "operatingExpenses": "58788000", "investmentIncomeNet": "None", "netInterestIncome": "None", "interestIncome": "None", "interestExpense": "189000", "nonInterestIncome": "None", "otherNonOperatingIncome": "-101000", "depreciation": "None", "depreciationAndAmortization": "13267000", "incomeBeforeTax": "36974000", "incomeTaxExpense": "5396000", "interestAndDebtExpense": "None", "netIncomeFromContinuingOperations": "31578000", "comprehensiveIncomeNetOfTax": "None", "ebit": "31806000", "ebitda": "45073000", "netIncome": "31578000"}, {"fiscalDateEnding": "2017-03-31", "reportedCurrency": "USD", "grossProfit": "94348000", "totalRevenue": "199542000", "costOfRevenue": "105194000", "costofGoodsAndServicesSold": "105194000", "operatingIncome": "36149000", "sellingGeneralAndAdministrative": "43142000", "researchAndDevelopment": "11599000", "operatingExpenses": "58199000", "investmentIncomeNet": "None", "netInterestIncome": "None", "interestIncome": "None", "interestExpense": "191000", "nonInterestIncome": "None", "otherNonOperatingIncome": "-190000", "depreciation": "None", "depreciationAndAmortization": "13099000", "incomeBeforeTax": "35959000", "incomeTaxExpense": "3653000", "interestAndDebtExpense": "None", "netIncomeFromContinuingOperations": "32306000", "comprehensiveIncomeNetOfTax": "None", "ebit": "31289000", "ebitda": "44388000", "netIncome": "32306000"}, {"fiscalDateEnding": "2016-12-31", "reportedCurrency": "USD", "grossProfit": "92817000", "totalRevenue": "193281000", "costOfRevenue": "100464000", "costofGoodsAndServicesSold": "100464000", "operatingIncome": "35404000", "sellingGeneralAndAdministrative": "42163000", "researchAndDevelopment": "11793000", "operatingExpenses": "57413000", "investmentIncomeNet": "None", "netInterestIncome": "None", "interestIncome": "None", "interestExpense": "270000", "nonInterestIncome": "None", "otherNonOperatingIncome": "-285000", "depreciation": "None", "depreciationAndAmortization": "12780000", "incomeBeforeTax": "35119000", "incomeTaxExpense": "3923000", "interestAndDebtExpense": "None", "netIncomeFromContinuingOperations": "51642000", "comprehensiveIncomeNetOfTax": "None", "ebit": "35404000", "ebitda": "48184000", "netIncome": "31196000"}, {"fiscalDateEnding": "2016-09-30", "reportedCurrency": "USD", "grossProfit": "93480000", "totalRevenue": "194497000", "costOfRevenue": "101017000", "costofGoodsAndServicesSold": "101017000", "operatingIncome": "36945000", "sellingGeneralAndAdministrative": "42007000", "researchAndDevelopment": "11070000", "operatingExpenses": "56535000", "investmentIncomeNet": "None", "netInterestIncome": "None", "interestIncome": "None", "interestExpense": "508000", "nonInterestIncome": "None", "otherNonOperatingIncome": "-526000", "depreciation": "None", "depreciationAndAmortization": "12671000", "incomeBeforeTax": "36419000", "incomeTaxExpense": "14155000", "interestAndDebtExpense": "None", "netIncomeFromContinuingOperations": "22264000", "comprehensiveIncomeNetOfTax": "None", "ebit": "36945000", "ebitda": "49616000", "netIncome": "22264000"}, {"fiscalDateEnding": "2016-06-30", "reportedCurrency": "USD", "grossProfit": "86936000", "totalRevenue": "188972000", "costOfRevenue": "102036000", "costofGoodsAndServicesSold": "102036000", "operatingIncome": "30915000", "sellingGeneralAndAdministrative": "42232000", "researchAndDevelopment": "10336000", "operatingExpenses": "56021000", "investmentIncomeNet": "None", "netInterestIncome": "None", "interestIncome": "None", "interestExpense": "686000", "nonInterestIncome": "None", "otherNonOperatingIncome": "-720000", "depreciation": "None", "depreciationAndAmortization": "12674000", "incomeBeforeTax": "30195000", "incomeTaxExpense": "11323000", "interestAndDebtExpense": "None", "netIncomeFromContinuingOperations": "18872000", "comprehensiveIncomeNetOfTax": "None", "ebit": "18241000", "ebitda": "30915000", "netIncome": "18872000"}, {"fiscalDateEnding": "2016-03-31", "reportedCurrency": "USD", "grossProfit": "82118000", "totalRevenue": "179293000", "costOfRevenue": "97175000", "costofGoodsAndServicesSold": "97175000", "operatingIncome": "28041000", "sellingGeneralAndAdministrative": "40759000", "researchAndDevelopment": "9956000", "operatingExpenses": "54077000", "investmentIncomeNet": "None", "netInterestIncome": "None", "interestIncome": "None", "interestExpense": "501000", "nonInterestIncome": "None", "otherNonOperatingIncome": "-467000", "depreciation": "None", "depreciationAndAmortization": "12176000", "incomeBeforeTax": "27574000", "incomeTaxExpense": "10495000", "interestAndDebtExpense": "None", "netIncomeFromContinuingOperations": "17079000", "comprehensiveIncomeNetOfTax": "None", "ebit": "15865000", "ebitda": "28041000", "netIncome": "17079000"}, {"fiscalDateEnding": "2015-12-31", "reportedCurrency": "USD", "grossProfit": "73222000", "totalRevenue": "158916000", "costOfRevenue": "85694000", "costofGoodsAndServicesSold": "85694000", "operatingIncome": "19780000", "sellingGeneralAndAdministrative": "42507000", "researchAndDevelopment": "8615000", "operatingExpenses": "53442000", "investmentIncomeNet": "None", "netInterestIncome": "None", "interestIncome": "None", "interestExpense": "292000", "nonInterestIncome": "None", "otherNonOperatingIncome": "-59000", "depreciation": "None", "depreciationAndAmortization": "7988000", "incomeBeforeTax": "19540000", "incomeTaxExpense": "10922000", "interestAndDebtExpense": "None", "netIncomeFromContinuingOperations": "8618000", "comprehensiveIncomeNetOfTax": "None", "ebit": "19780000", "ebitda": "27768000", "netIncome": "8618000"}, {"fiscalDateEnding": "2015-09-30", "reportedCurrency": "USD", "grossProfit": "71833000", "totalRevenue": "150845000", "costOfRevenue": "79012000", "costofGoodsAndServicesSold": "79012000", "operatingIncome": "31489000", "sellingGeneralAndAdministrative": "31869000", "researchAndDevelopment": "7193000", "operatingExpenses": "40344000", "investmentIncomeNet": "None", "netInterestIncome": "None", "interestIncome": "None", "interestExpense": "0", "nonInterestIncome": "None", "otherNonOperatingIncome": "255000", "depreciation": "None", "depreciationAndAmortization": "4102000", "incomeBeforeTax": "31744000", "incomeTaxExpense": "11602000", "interestAndDebtExpense": "None", "netIncomeFromContinuingOperations": "20142000", "comprehensiveIncomeNetOfTax": "None", "ebit": "27387000", "ebitda": "31489000", "netIncome": "20142000"}, {"fiscalDateEnding": "2015-06-30", "reportedCurrency": "USD", "grossProfit": "68253000", "totalRevenue": "146295000", "costOfRevenue": "78042000", "costofGoodsAndServicesSold": "78042000", "operatingIncome": "29596000", "sellingGeneralAndAdministrative": "30396000", "researchAndDevelopment": "7110000", "operatingExpenses": "38657000", "investmentIncomeNet": "None", "netInterestIncome": "None", "interestIncome": "None", "interestExpense": "0", "nonInterestIncome": "None", "otherNonOperatingIncome": "185000", "depreciation": "None", "depreciationAndAmortization": "3771000", "incomeBeforeTax": "29781000", "incomeTaxExpense": "10945000", "interestAndDebtExpense": "None", "netIncomeFromContinuingOperations": "18836000", "comprehensiveIncomeNetOfTax": "None", "ebit": "25825000", "ebitda": "29596000", "netIncome": "18836000"}, {"fiscalDateEnding": "2015-03-31", "reportedCurrency": "USD", "grossProfit": "63879000", "totalRevenue": "134966000", "costOfRevenue": "71087000", "costofGoodsAndServicesSold": "71087000", "operatingIncome": "27178000", "sellingGeneralAndAdministrative": "28545000", "researchAndDevelopment": "7004000", "operatingExpenses": "36701000", "investmentIncomeNet": "None", "netInterestIncome": "None", "interestIncome": "None", "interestExpense": "181000", "nonInterestIncome": "None", "otherNonOperatingIncome": "None", "depreciation": "None", "depreciationAndAmortization": "3713000", "incomeBeforeTax": "27359000", "incomeTaxExpense": "10086000", "interestAndDebtExpense": "None", "netIncomeFromContinuingOperations": "17273000", "comprehensiveIncomeNetOfTax": "None", "ebit": "23465000", "ebitda": "27178000", "netIncome": "17273000"}, {"fiscalDateEnding": "2014-12-31", "reportedCurrency": "USD", "grossProfit": "60491000", "totalRevenue": "127440000", "costOfRevenue": "66949000", "costofGoodsAndServicesSold": "66949000", "operatingIncome": "24593000", "sellingGeneralAndAdministrative": "28130000", "researchAndDevelopment": "6615000", "operatingExpenses": "35898000", "investmentIncomeNet": "None", "netInterestIncome": "None", "interestIncome": "None", "interestExpense": "167000", "nonInterestIncome": "None", "otherNonOperatingIncome": "None", "depreciation": "None", "depreciationAndAmortization": "3669000", "incomeBeforeTax": "24760000", "incomeTaxExpense": "9443000", "interestAndDebtExpense": "None", "netIncomeFromContinuingOperations": "15317000", "comprehensiveIncomeNetOfTax": "None", "ebit": "24108000", "ebitda": "27777000", "netIncome": "15317000"}, {"fiscalDateEnding": "2014-09-30", "reportedCurrency": "USD", "grossProfit": "61792000", "totalRevenue": "128664000", "costOfRevenue": "66872000", "costofGoodsAndServicesSold": "66872000", "operatingIncome": "26745000", "sellingGeneralAndAdministrative": "27344000", "researchAndDevelopment": "6567000", "operatingExpenses": "35047000", "investmentIncomeNet": "None", "netInterestIncome": "None", "interestIncome": "None", "interestExpense": "47000", "nonInterestIncome": "None", "otherNonOperatingIncome": "None", "depreciation": "None", "depreciationAndAmortization": "3655000", "incomeBeforeTax": "26698000", "incomeTaxExpense": "9698000", "interestAndDebtExpense": "None", "netIncomeFromContinuingOperations": "17000000", "comprehensiveIncomeNetOfTax": "None", "ebit": "23090000", "ebitda": "26745000", "netIncome": "17000000"}, {"fiscalDateEnding": "2014-06-30", "reportedCurrency": "USD", "grossProfit": "58558000", "totalRevenue": "124371000", "costOfRevenue": "65813000", "costofGoodsAndServicesSold": "65813000", "operatingIncome": "23622000", "sellingGeneralAndAdministrative": "27419000", "researchAndDevelopment": "6389000", "operatingExpenses": "34936000", "investmentIncomeNet": "None", "netInterestIncome": "None", "interestIncome": "None", "interestExpense": "216000", "nonInterestIncome": "None", "otherNonOperatingIncome": "None", "depreciation": "None", "depreciationAndAmortization": "1128000", "incomeBeforeTax": "23406000", "incomeTaxExpense": "8666000", "interestAndDebtExpense": "None", "netIncomeFromContinuingOperations": "14740000", "comprehensiveIncomeNetOfTax": "None", "ebit": "22494000", "ebitda": "23622000", "netIncome": "14740000"}, {"fiscalDateEnding": "2014-03-31", "reportedCurrency": "USD", "grossProfit": "52530000", "totalRevenue": "112626000", "costOfRevenue": "60096000", "costofGoodsAndServicesSold": "60096000", "operatingIncome": "19862000", "sellingGeneralAndAdministrative": "25367000", "researchAndDevelopment": "6172000", "operatingExpenses": "32668000", "investmentIncomeNet": "None", "netInterestIncome": "None", "interestIncome": "None", "interestExpense": "259000", "nonInterestIncome": "None", "otherNonOperatingIncome": "None", "depreciation": "None", "depreciationAndAmortization": "3656000", "incomeBeforeTax": "19603000", "incomeTaxExpense": "7720000", "interestAndDebtExpense": "None", "netIncomeFromContinuingOperations": "11883000", "comprehensiveIncomeNetOfTax": "None", "ebit": "16206000", "ebitda": "19862000", "netIncome": "11883000"}, {"fiscalDateEnding": "2013-12-31", "reportedCurrency": "USD", "grossProfit": "52767000", "totalRevenue": "110735000", "costOfRevenue": "57968000", "costofGoodsAndServicesSold": "57968000", "operatingIncome": "19452000", "sellingGeneralAndAdministrative": "26091000", "researchAndDevelopment": "6095000", "operatingExpenses": "33315000", "investmentIncomeNet": "None", "netInterestIncome": "None", "interestIncome": "None", "interestExpense": "390000", "nonInterestIncome": "None", "otherNonOperatingIncome": "None", "depreciation": "None", "depreciationAndAmortization": "3693000", "incomeBeforeTax": "19062000", "incomeTaxExpense": "8550000", "interestAndDebtExpense": "None", "netIncomeFromContinuingOperations": "-2534000", "comprehensiveIncomeNetOfTax": "None", "ebit": "18959000", "ebitda": "22652000", "netIncome": "10512000"}, {"fiscalDateEnding": "2013-09-30", "reportedCurrency": "USD", "grossProfit": "49549000", "totalRevenue": "107021000", "costOfRevenue": "57472000", "costofGoodsAndServicesSold": "57472000", "operatingIncome": "17857000", "sellingGeneralAndAdministrative": "24581000", "researchAndDevelopment": "5982000", "operatingExpenses": "31692000", "investmentIncomeNet": "None", "netInterestIncome": "None", "interestIncome": "None", "interestExpense": "285000", "nonInterestIncome": "None", "otherNonOperatingIncome": "None", "depreciation": "None", "depreciationAndAmortization": "3412000", "incomeBeforeTax": "17572000", "incomeTaxExpense": "6523000", "interestAndDebtExpense": "None", "netIncomeFromContinuingOperations": "24095000", "comprehensiveIncomeNetOfTax": "None", "ebit": "14445000", "ebitda": "17857000", "netIncome": "11049000"}, {"fiscalDateEnding": "2013-06-30", "reportedCurrency": "USD", "grossProfit": "47042000", "totalRevenue": "103088000", "costOfRevenue": "56046000", "costofGoodsAndServicesSold": "56046000", "operatingIncome": "15349000", "sellingGeneralAndAdministrative": "24971000", "researchAndDevelopment": "5594000", "operatingExpenses": "31693000", "investmentIncomeNet": "None", "netInterestIncome": "None", "interestIncome": "None", "interestExpense": "296000", "nonInterestIncome": "None", "otherNonOperatingIncome": "None", "depreciation": "None", "depreciationAndAmortization": "3359000", "incomeBeforeTax": "15053000", "incomeTaxExpense": "6006000", "interestAndDebtExpense": "None", "netIncomeFromContinuingOperations": "9047000", "comprehensiveIncomeNetOfTax": "None", "ebit": "11990000", "ebitda": "15349000", "netIncome": "9047000"}, {"fiscalDateEnding": "2013-03-31", "reportedCurrency": "USD", "grossProfit": "43845000", "totalRevenue": "95799000", "costOfRevenue": "51954000", "costofGoodsAndServicesSold": "51954000", "operatingIncome": "14470000", "sellingGeneralAndAdministrative": "22646000", "researchAndDevelopment": "5598000", "operatingExpenses": "29375000", "investmentIncomeNet": "None", "netInterestIncome": "None", "interestIncome": "None", "interestExpense": "338000", "nonInterestIncome": "None", "otherNonOperatingIncome": "None", "depreciation": "None", "depreciationAndAmortization": "3322000", "incomeBeforeTax": "14132000", "incomeTaxExpense": "5639000", "interestAndDebtExpense": "None", "netIncomeFromContinuingOperations": "8493000", "comprehensiveIncomeNetOfTax": "None", "ebit": "11148000", "ebitda": "14470000", "netIncome": "8493000"}, {"fiscalDateEnding": "2012-12-31", "reportedCurrency": "USD", "grossProfit": "44640000", "totalRevenue": "95368000", "costOfRevenue": "50728000", "costofGoodsAndServicesSold": "50728000", "operatingIncome": "15419000", "sellingGeneralAndAdministrative": "22763000", "researchAndDevelopment": "5365000", "operatingExpenses": "29221000", "investmentIncomeNet": "None", "netInterestIncome": "None", "interestIncome": "None", "interestExpense": "1790000", "nonInterestIncome": "None", "otherNonOperatingIncome": "None", "depreciation": "None", "depreciationAndAmortization": "3095000", "incomeBeforeTax": "15035000", "incomeTaxExpense": "5659000", "interestAndDebtExpense": "None", "netIncomeFromContinuingOperations": "9376000", "comprehensiveIncomeNetOfTax": "None", "ebit": "14901000", "ebitda": "17996000", "netIncome": "9376000"}, {"fiscalDateEnding": "2012-09-30", "reportedCurrency": "USD", "grossProfit": "44944000", "totalRevenue": "93845000", "costOfRevenue": "48901000", "costofGoodsAndServicesSold": "48901000", "operatingIncome": "18659000", "sellingGeneralAndAdministrative": "20909000", "researchAndDevelopment": "4273000", "operatingExpenses": "26285000", "investmentIncomeNet": "None", "netInterestIncome": "None", "interestIncome": "None", "interestExpense": "849000", "nonInterestIncome": "None", "otherNonOperatingIncome": "None", "depreciation": "None", "depreciationAndAmortization": "3280000", "incomeBeforeTax": "17810000", "incomeTaxExpense": "6978000", "interestAndDebtExpense": "None", "netIncomeFromContinuingOperations": "10832000", "comprehensiveIncomeNetOfTax": "None", "ebit": "15379000", "ebitda": "18659000", "netIncome": "10832000"}, {"fiscalDateEnding": "2012-06-30", "reportedCurrency": "USD", "grossProfit": "40699000", "totalRevenue": "91368000", "costOfRevenue": "50669000", "costofGoodsAndServicesSold": "50669000", "operatingIncome": "12455000", "sellingGeneralAndAdministrative": "21699000", "researchAndDevelopment": "5408000", "operatingExpenses": "28244000", "investmentIncomeNet": "None", "netInterestIncome": "None", "interestIncome": "None", "interestExpense": "773000", "nonInterestIncome": "None", "otherNonOperatingIncome": "None", "depreciation": "None", "depreciationAndAmortization": "3310000", "incomeBeforeTax": "11682000", "incomeTaxExpense": "4577000", "interestAndDebtExpense": "None", "netIncomeFromContinuingOperations": "7105000", "comprehensiveIncomeNetOfTax": "None", "ebit": "9145000", "ebitda": "12455000", "netIncome": "7105000"}, {"fiscalDateEnding": "2012-03-31", "reportedCurrency": "USD", "grossProfit": "37419000", "totalRevenue": "82723000", "costOfRevenue": "45304000", "costofGoodsAndServicesSold": "45304000", "operatingIncome": "10044000", "sellingGeneralAndAdministrative": "21335000", "researchAndDevelopment": "5094000", "operatingExpenses": "27375000", "investmentIncomeNet": "None", "netInterestIncome": "None", "interestIncome": "None", "interestExpense": "703000", "nonInterestIncome": "None", "otherNonOperatingIncome": "None", "depreciation": "None", "depreciationAndAmortization": "3026000", "incomeBeforeTax": "9341000", "incomeTaxExpense": "3660000", "interestAndDebtExpense": "None", "netIncomeFromContinuingOperations": "5681000", "comprehensiveIncomeNetOfTax": "None", "ebit": "7018000", "ebitda": "10044000", "netIncome": "5681000"}, {"fiscalDateEnding": "2011-12-31", "reportedCurrency": "USD", "grossProfit": "39020000", "totalRevenue": "82079000", "costOfRevenue": "43059000", "costofGoodsAndServicesSold": "43059000", "operatingIncome": "14322000", "sellingGeneralAndAdministrative": "21141000", "researchAndDevelopment": "2634000", "operatingExpenses": "24698000", "investmentIncomeNet": "None", "netInterestIncome": "None", "interestIncome": "None", "interestExpense": "707000", "nonInterestIncome": "None", "otherNonOperatingIncome": "None", "depreciation": "None", "depreciationAndAmortization": "923000", "incomeBeforeTax": "13504000", "incomeTaxExpense": "4805000", "interestAndDebtExpense": "None", "netIncomeFromContinuingOperations": "0", "comprehensiveIncomeNetOfTax": "None", "ebit": "16297000", "ebitda": "17220000", "netIncome": "8699000"}, {"fiscalDateEnding": "2011-09-30", "reportedCurrency": "USD", "grossProfit": "36132000", "totalRevenue": "77184000", "costOfRevenue": "41052000", "costofGoodsAndServicesSold": "41052000", "operatingIncome": "12380000", "sellingGeneralAndAdministrative": "18755000", "researchAndDevelopment": "4196000", "operatingExpenses": "23752000", "investmentIncomeNet": "None", "netInterestIncome": "None", "interestIncome": "None", "interestExpense": "562000", "nonInterestIncome": "None", "otherNonOperatingIncome": "None", "depreciation": "None", "depreciationAndAmortization": "2559000", "incomeBeforeTax": "11818000", "incomeTaxExpense": "4312000", "interestAndDebtExpense": "None", "netIncomeFromContinuingOperations": "7506000", "comprehensiveIncomeNetOfTax": "None", "ebit": "9821000", "ebitda": "12380000", "netIncome": "7506000"}, {"fiscalDateEnding": "2011-06-30", "reportedCurrency": "USD", "grossProfit": "34137000", "totalRevenue": "76735000", "costOfRevenue": "42598000", "costofGoodsAndServicesSold": "42598000", "operatingIncome": "9833000", "sellingGeneralAndAdministrative": "18466000", "researchAndDevelopment": "5035000", "operatingExpenses": "24304000", "investmentIncomeNet": "None", "netInterestIncome": "None", "interestIncome": "None", "interestExpense": "524000", "nonInterestIncome": "None", "otherNonOperatingIncome": "None", "depreciation": "None", "depreciationAndAmortization": "2634000", "incomeBeforeTax": "9309000", "incomeTaxExpense": "3685000", "interestAndDebtExpense": "None", "netIncomeFromContinuingOperations": "5624000", "comprehensiveIncomeNetOfTax": "None", "ebit": "7199000", "ebitda": "9833000", "netIncome": "5624000"}, {"fiscalDateEnding": "2011-03-31", "reportedCurrency": "USD", "grossProfit": "32623000", "totalRevenue": "73393000", "costOfRevenue": "40770000", "costofGoodsAndServicesSold": "40770000", "operatingIncome": "9982000", "sellingGeneralAndAdministrative": "17288000", "researchAndDevelopment": "4549000", "operatingExpenses": "22641000", "investmentIncomeNet": "None", "netInterestIncome": "None", "interestIncome": "None", "interestExpense": "344000", "nonInterestIncome": "None", "otherNonOperatingIncome": "None", "depreciation": "None", "depreciationAndAmortization": "2585000", "incomeBeforeTax": "9482000", "incomeTaxExpense": "3754000", "interestAndDebtExpense": "None", "netIncomeFromContinuingOperations": "0", "comprehensiveIncomeNetOfTax": "None", "ebit": "7397000", "ebitda": "9982000", "netIncome": "5728000"}, {"fiscalDateEnding": "2010-12-31", "reportedCurrency": "USD", "grossProfit": "32616000", "totalRevenue": "72439000", "costOfRevenue": "39823000", "costofGoodsAndServicesSold": "39823000", "operatingIncome": "11189000", "sellingGeneralAndAdministrative": "17143000", "researchAndDevelopment": "3478000", "operatingExpenses": "21427000", "investmentIncomeNet": "None", "netInterestIncome": "None", "interestIncome": "None", "interestExpense": "436000", "nonInterestIncome": "None", "otherNonOperatingIncome": "None", "depreciation": "None", "depreciationAndAmortization": "2711000", "incomeBeforeTax": "10159000", "incomeTaxExpense": "2949000", "interestAndDebtExpense": "None", "netIncomeFromContinuingOperations": "0", "comprehensiveIncomeNetOfTax": "None", "ebit": "11189000", "ebitda": "13900000", "netIncome": "7210000"}, {"fiscalDateEnding": "2010-09-30", "reportedCurrency": "USD", "grossProfit": "33207000", "totalRevenue": "73769000", "costOfRevenue": "40562000", "costofGoodsAndServicesSold": "40562000", "operatingIncome": "11831000", "sellingGeneralAndAdministrative": "17337000", "researchAndDevelopment": "3233000", "operatingExpenses": "21376000", "investmentIncomeNet": "None", "netInterestIncome": "None", "interestIncome": "None", "interestExpense": "318000", "nonInterestIncome": "None", "otherNonOperatingIncome": "None", "depreciation": "None", "depreciationAndAmortization": "2759000", "incomeBeforeTax": "11263000", "incomeTaxExpense": "4540000", "interestAndDebtExpense": "None", "netIncomeFromContinuingOperations": "0", "comprehensiveIncomeNetOfTax": "None", "ebit": "9072000", "ebitda": "11831000", "netIncome": "6723000"}, {"fiscalDateEnding": "2010-06-30", "reportedCurrency": "USD", "grossProfit": "32475000", "totalRevenue": "72600000", "costOfRevenue": "40125000", "costofGoodsAndServicesSold": "40125000", "operatingIncome": "10485000", "sellingGeneralAndAdministrative": "17439000", "researchAndDevelopment": "3744000", "operatingExpenses": "21990000", "investmentIncomeNet": "None", "netInterestIncome": "None", "interestIncome": "None", "interestExpense": "89000", "nonInterestIncome": "None", "otherNonOperatingIncome": "None", "depreciation": "None", "depreciationAndAmortization": "2669000", "incomeBeforeTax": "10383000", "incomeTaxExpense": "4134000", "interestAndDebtExpense": "None", "netIncomeFromContinuingOperations": "0", "comprehensiveIncomeNetOfTax": "None", "ebit": "7816000", "ebitda": "10485000", "netIncome": "6249000"}, {"fiscalDateEnding": "2010-03-31", "reportedCurrency": "USD", "grossProfit": "30019000", "totalRevenue": "69820000", "costOfRevenue": "39801000", "costofGoodsAndServicesSold": "39801000", "operatingIncome": "8136000", "sellingGeneralAndAdministrative": "17561000", "researchAndDevelopment": "3516000", "operatingExpenses": "21883000", "investmentIncomeNet": "None", "netInterestIncome": "None", "interestIncome": "None", "interestExpense": "42000", "nonInterestIncome": "None", "otherNonOperatingIncome": "None", "depreciation": "None", "depreciationAndAmortization": "2649000", "incomeBeforeTax": "8094000", "incomeTaxExpense": "3222000", "interestAndDebtExpense": "None", "netIncomeFromContinuingOperations": "0", "comprehensiveIncomeNetOfTax": "None", "ebit": "5487000", "ebitda": "8136000", "netIncome": "4872000"}, {"fiscalDateEnding": "2009-12-31", "reportedCurrency": "USD", "grossProfit": "33239000", "totalRevenue": "74217000", "costOfRevenue": "40978000", "costofGoodsAndServicesSold": "40978000", "operatingIncome": "10949000", "sellingGeneralAndAdministrative": "18507000", "researchAndDevelopment": "3112000", "operatingExpenses": "22290000", "investmentIncomeNet": "None", "netInterestIncome": "None", "interestIncome": "None", "interestExpense": "27000", "nonInterestIncome": "None", "otherNonOperatingIncome": "None", "depreciation": "None", "depreciationAndAmortization": "2432000", "incomeBeforeTax": "10922000", "incomeTaxExpense": "4266000", "interestAndDebtExpense": "None", "netIncomeFromContinuingOperations": "0", "comprehensiveIncomeNetOfTax": "None", "ebit": "10949000", "ebitda": "13381000", "netIncome": "6656000"}, {"fiscalDateEnding": "2009-09-30", "reportedCurrency": "USD", "grossProfit": "33235000", "totalRevenue": "74332000", "costOfRevenue": "41097000", "costofGoodsAndServicesSold": "41097000", "operatingIncome": "12463000", "sellingGeneralAndAdministrative": "17114000", "researchAndDevelopment": "2973000", "operatingExpenses": "20772000", "investmentIncomeNet": "None", "netInterestIncome": "None", "interestIncome": "None", "interestExpense": "41000", "nonInterestIncome": "None", "otherNonOperatingIncome": "None", "depreciation": "None", "depreciationAndAmortization": "2331000", "incomeBeforeTax": "12421000", "incomeTaxExpense": "4946000", "interestAndDebtExpense": "None", "netIncomeFromContinuingOperations": "0", "comprehensiveIncomeNetOfTax": "None", "ebit": "10132000", "ebitda": "12463000", "netIncome": "7475000"}, {"fiscalDateEnding": "2009-06-30", "reportedCurrency": "USD", "grossProfit": "31997000", "totalRevenue": "72172000", "costOfRevenue": "40175000", "costofGoodsAndServicesSold": "40175000", "operatingIncome": "11397000", "sellingGeneralAndAdministrative": "17084000", "researchAndDevelopment": "2839000", "operatingExpenses": "20600000", "investmentIncomeNet": "None", "netInterestIncome": "None", "interestIncome": "None", "interestExpense": "48000", "nonInterestIncome": "None", "otherNonOperatingIncome": "None", "depreciation": "None", "depreciationAndAmortization": "677000", "incomeBeforeTax": "11334000", "incomeTaxExpense": "4461000", "interestAndDebtExpense": "None", "netIncomeFromContinuingOperations": "0", "comprehensiveIncomeNetOfTax": "None", "ebit": "10720000", "ebitda": "11397000", "netIncome": "6873000"}, {"fiscalDateEnding": "2009-03-31", "reportedCurrency": "USD", "grossProfit": "30292000", "totalRevenue": "69565000", "costOfRevenue": "39273000", "costofGoodsAndServicesSold": "39273000", "operatingIncome": "9975000", "sellingGeneralAndAdministrative": "17410000", "researchAndDevelopment": "2235000", "operatingExpenses": "20317000", "investmentIncomeNet": "None", "netInterestIncome": "None", "interestIncome": "None", "interestExpense": "14000", "nonInterestIncome": "None", "otherNonOperatingIncome": "None", "depreciation": "None", "depreciationAndAmortization": "2332000", "incomeBeforeTax": "9961000", "incomeTaxExpense": "3955000", "interestAndDebtExpense": "None", "netIncomeFromContinuingOperations": "0", "comprehensiveIncomeNetOfTax": "None", "ebit": "7643000", "ebitda": "9975000", "netIncome": "6006000"}, {"fiscalDateEnding": "2008-12-31", "reportedCurrency": "USD", "grossProfit": "28945000", "totalRevenue": "69544000", "costOfRevenue": "40599000", "costofGoodsAndServicesSold": "40599000", "operatingIncome": "9708000", "sellingGeneralAndAdministrative": "16768000", "researchAndDevelopment": "1801000", "operatingExpenses": "10192000", "investmentIncomeNet": "None", "netInterestIncome": "None", "interestIncome": "None", "interestExpense": "0", "nonInterestIncome": "None", "otherNonOperatingIncome": "None", "depreciation": "None", "depreciationAndAmortization": "3622000", "incomeBeforeTax": "9845000", "incomeTaxExpense": "4714000", "interestAndDebtExpense": "None", "netIncomeFromContinuingOperations": "0", "comprehensiveIncomeNetOfTax": "None", "ebit": "18753000", "ebitda": "22375000", "netIncome": "5131000"}, {"fiscalDateEnding": "2008-09-30", "reportedCurrency": "USD", "grossProfit": "29951000", "totalRevenue": "68638000", "costOfRevenue": "38687000", "costofGoodsAndServicesSold": "38687000", "operatingIncome": "11937000", "sellingGeneralAndAdministrative": "15985000", "researchAndDevelopment": "1416000", "operatingExpenses": "18013000", "investmentIncomeNet": "None", "netInterestIncome": "None", "interestIncome": "None", "interestExpense": "0", "nonInterestIncome": "None", "otherNonOperatingIncome": "None", "depreciation": "None", "depreciationAndAmortization": "3068000", "incomeBeforeTax": "12335000", "incomeTaxExpense": "5976000", "interestAndDebtExpense": "None", "netIncomeFromContinuingOperations": "0", "comprehensiveIncomeNetOfTax": "None", "ebit": "11938000", "ebitda": "15006000", "netIncome": "6359000"}, {"fiscalDateEnding": "2008-06-30", "reportedCurrency": "USD", "grossProfit": "29089000", "totalRevenue": "67569000", "costOfRevenue": "38480000", "costofGoodsAndServicesSold": "38480000", "operatingIncome": "1782000", "sellingGeneralAndAdministrative": "15418000", "researchAndDevelopment": "2253000", "operatingExpenses": "27307000", "investmentIncomeNet": "None", "netInterestIncome": "None", "interestIncome": "None", "interestExpense": "0", "nonInterestIncome": "None", "otherNonOperatingIncome": "None", "depreciation": "None", "depreciationAndAmortization": "2985000", "incomeBeforeTax": "2026000", "incomeTaxExpense": "1780000", "interestAndDebtExpense": "None", "netIncomeFromContinuingOperations": "0", "comprehensiveIncomeNetOfTax": "None", "ebit": "-1203000", "ebitda": "1782000", "netIncome": "246000"}, {"fiscalDateEnding": "2008-03-31", "reportedCurrency": "USD", "grossProfit": "21803000", "totalRevenue": "59351000", "costOfRevenue": "37548000", "costofGoodsAndServicesSold": "37548000", "operatingIncome": "4668000", "sellingGeneralAndAdministrative": "14752000", "researchAndDevelopment": "1816000", "operatingExpenses": "17135000", "investmentIncomeNet": "None", "netInterestIncome": "None", "interestIncome": "None", "interestExpense": "0", "nonInterestIncome": "None", "otherNonOperatingIncome": "None", "depreciation": "None", "depreciationAndAmortization": "2936000", "incomeBeforeTax": "5070000", "incomeTaxExpense": "1944000", "interestAndDebtExpense": "None", "netIncomeFromContinuingOperations": "0", "comprehensiveIncomeNetOfTax": "None", "ebit": "1732000", "ebitda": "4668000", "netIncome": "3126000"}, {"fiscalDateEnding": "2007-12-31", "reportedCurrency": "USD", "grossProfit": "24436000", "totalRevenue": "60420000", "costOfRevenue": "35984000", "costofGoodsAndServicesSold": "35984000", "operatingIncome": "9580000", "sellingGeneralAndAdministrative": "13276000", "researchAndDevelopment": "1177000", "operatingExpenses": "14856000", "investmentIncomeNet": "None", "netInterestIncome": "None", "interestIncome": "None", "interestExpense": "0", "nonInterestIncome": "None", "otherNonOperatingIncome": "None", "depreciation": "None", "depreciationAndAmortization": "3416000", "incomeBeforeTax": "10128000", "incomeTaxExpense": "3938000", "interestAndDebtExpense": "None", "netIncomeFromContinuingOperations": "0", "comprehensiveIncomeNetOfTax": "None", "ebit": "9580000", "ebitda": "12996000", "netIncome": "6190000"}, {"fiscalDateEnding": "2007-09-30", "reportedCurrency": "USD", "grossProfit": "21630000", "totalRevenue": "54932000", "costOfRevenue": "33302000", "costofGoodsAndServicesSold": "33302000", "operatingIncome": "7928000", "sellingGeneralAndAdministrative": "12691000", "researchAndDevelopment": "639000", "operatingExpenses": "13702000", "investmentIncomeNet": "None", "netInterestIncome": "None", "interestIncome": "None", "interestExpense": "0", "nonInterestIncome": "None", "otherNonOperatingIncome": "None", "depreciation": "None", "depreciationAndAmortization": "2641000", "incomeBeforeTax": "8369000", "incomeTaxExpense": "3209000", "interestAndDebtExpense": "None", "netIncomeFromContinuingOperations": "0", "comprehensiveIncomeNetOfTax": "None", "ebit": "5287000", "ebitda": "7928000", "netIncome": "5160000"}, {"fiscalDateEnding": "2007-06-30", "reportedCurrency": "USD", "grossProfit": "20337000", "totalRevenue": "54112000", "costOfRevenue": "33775000", "costofGoodsAndServicesSold": "33775000", "operatingIncome": "5796000", "sellingGeneralAndAdministrative": "12781000", "researchAndDevelopment": "1404000", "operatingExpenses": "14541000", "investmentIncomeNet": "None", "netInterestIncome": "None", "interestIncome": "None", "interestExpense": "0", "nonInterestIncome": "None", "otherNonOperatingIncome": "None", "depreciation": "None", "depreciationAndAmortization": "2605000", "incomeBeforeTax": "6160000", "incomeTaxExpense": "2410000", "interestAndDebtExpense": "None", "netIncomeFromContinuingOperations": "0", "comprehensiveIncomeNetOfTax": "None", "ebit": "3191000", "ebitda": "5796000", "netIncome": "3750000"}, {"fiscalDateEnding": "2007-03-31", "reportedCurrency": "USD", "grossProfit": "18022000", "totalRevenue": "50332000", "costOfRevenue": "32310000", "costofGoodsAndServicesSold": "32310000", "operatingIncome": "3476000", "sellingGeneralAndAdministrative": "12976000", "researchAndDevelopment": "1223000", "operatingExpenses": "14546000", "investmentIncomeNet": "None", "netInterestIncome": "None", "interestIncome": "None", "interestExpense": "0", "nonInterestIncome": "None", "otherNonOperatingIncome": "None", "depreciation": "None", "depreciationAndAmortization": "2549000", "incomeBeforeTax": "3923000", "incomeTaxExpense": "1522000", "interestAndDebtExpense": "None", "netIncomeFromContinuingOperations": "0", "comprehensiveIncomeNetOfTax": "None", "ebit": "927000", "ebitda": "3476000", "netIncome": "2401000"}, {"fiscalDateEnding": "2006-12-31", "reportedCurrency": "USD", "grossProfit": "20239000", "totalRevenue": "51155000", "costOfRevenue": "30916000", "costofGoodsAndServicesSold": "30916000", "operatingIncome": "6255000", "sellingGeneralAndAdministrative": "13639000", "researchAndDevelopment": "806000", "operatingExpenses": "13984000", "investmentIncomeNet": "None", "netInterestIncome": "None", "interestIncome": "None", "interestExpense": "0", "nonInterestIncome": "None", "otherNonOperatingIncome": "None", "depreciation": "None", "depreciationAndAmortization": "2510000", "incomeBeforeTax": "6732000", "incomeTaxExpense": "2555000", "interestAndDebtExpense": "None", "netIncomeFromContinuingOperations": "0", "comprehensiveIncomeNetOfTax": "None", "ebit": "6255000", "ebitda": "8765000", "netIncome": "4177000"}, {"fiscalDateEnding": "2006-09-30", "reportedCurrency": "USD", "grossProfit": "20157000", "totalRevenue": "50139000", "costOfRevenue": "29982000", "costofGoodsAndServicesSold": "29982000", "operatingIncome": "6630000", "sellingGeneralAndAdministrative": "13201000", "researchAndDevelopment": "780000", "operatingExpenses": "13527000", "investmentIncomeNet": "None", "netInterestIncome": "None", "interestIncome": "None", "interestExpense": "0", "nonInterestIncome": "None", "otherNonOperatingIncome": "None", "depreciation": "None", "depreciationAndAmortization": "2471000", "incomeBeforeTax": "6936000", "incomeTaxExpense": "2523000", "interestAndDebtExpense": "None", "netIncomeFromContinuingOperations": "0", "comprehensiveIncomeNetOfTax": "None", "ebit": "4159000", "ebitda": "6630000", "netIncome": "4413000"}, {"fiscalDateEnding": "2006-06-30", "reportedCurrency": "USD", "grossProfit": "18946000", "totalRevenue": "49151000", "costOfRevenue": "30205000", "costofGoodsAndServicesSold": "30205000", "operatingIncome": "5628000", "sellingGeneralAndAdministrative": "12993000", "researchAndDevelopment": "812000", "operatingExpenses": "13318000", "investmentIncomeNet": "None", "netInterestIncome": "None", "interestIncome": "None", "interestExpense": "0", "nonInterestIncome": "None", "otherNonOperatingIncome": "None", "depreciation": "None", "depreciationAndAmortization": "2474000", "incomeBeforeTax": "5828000", "incomeTaxExpense": "2068000", "interestAndDebtExpense": "None", "netIncomeFromContinuingOperations": "0", "comprehensiveIncomeNetOfTax": "None", "ebit": "3154000", "ebitda": "5628000", "netIncome": "3760000"}, {"fiscalDateEnding": "2006-03-31", "reportedCurrency": "USD", "grossProfit": "15462000", "totalRevenue": "44858000", "costOfRevenue": "29396000", "costofGoodsAndServicesSold": "29396000", "operatingIncome": "3262000", "sellingGeneralAndAdministrative": "11878000", "researchAndDevelopment": "902000", "operatingExpenses": "12200000", "investmentIncomeNet": "None", "netInterestIncome": "None", "interestIncome": "None", "interestExpense": "0", "nonInterestIncome": "None", "otherNonOperatingIncome": "None", "depreciation": "None", "depreciationAndAmortization": "2647000", "incomeBeforeTax": "3359000", "incomeTaxExpense": "1347000", "interestAndDebtExpense": "None", "netIncomeFromContinuingOperations": "0", "comprehensiveIncomeNetOfTax": "None", "ebit": "615000", "ebitda": "3262000", "netIncome": "2012000"}, {"fiscalDateEnding": "2005-12-31", "reportedCurrency": "USD", "grossProfit": "16105000", "totalRevenue": "44307000", "costOfRevenue": "28202000", "costofGoodsAndServicesSold": "28202000", "operatingIncome": "4794000", "sellingGeneralAndAdministrative": "11590000", "researchAndDevelopment": "2400000", "operatingExpenses": "11311000", "investmentIncomeNet": "None", "netInterestIncome": "None", "interestIncome": "None", "interestExpense": "0", "nonInterestIncome": "None", "otherNonOperatingIncome": "None", "depreciation": "None", "depreciationAndAmortization": "2586000", "incomeBeforeTax": "5097000", "incomeTaxExpense": "1976000", "interestAndDebtExpense": "None", "netIncomeFromContinuingOperations": "0", "comprehensiveIncomeNetOfTax": "None", "ebit": "4794000", "ebitda": "7380000", "netIncome": "3121000"}, {"fiscalDateEnding": "2005-09-30", "reportedCurrency": "USD", "grossProfit": "16020000", "totalRevenue": "42306000", "costOfRevenue": "26286000", "costofGoodsAndServicesSold": "26286000", "operatingIncome": "4060000", "sellingGeneralAndAdministrative": "11445000", "researchAndDevelopment": "0", "operatingExpenses": "11960000", "investmentIncomeNet": "None", "netInterestIncome": "None", "interestIncome": "None", "interestExpense": "0", "nonInterestIncome": "None", "otherNonOperatingIncome": "None", "depreciation": "None", "depreciationAndAmortization": "2518000", "incomeBeforeTax": "4284000", "incomeTaxExpense": "1703000", "interestAndDebtExpense": "None", "netIncomeFromContinuingOperations": "0", "comprehensiveIncomeNetOfTax": "None", "ebit": "1542000", "ebitda": "4060000", "netIncome": "2581000"}, {"fiscalDateEnding": "2005-06-30", "reportedCurrency": "USD", "grossProfit": "16249000", "totalRevenue": "43185000", "costOfRevenue": "26936000", "costofGoodsAndServicesSold": "26936000", "operatingIncome": "3211000", "sellingGeneralAndAdministrative": "11263000", "researchAndDevelopment": "0", "operatingExpenses": "11778000", "investmentIncomeNet": "None", "netInterestIncome": "None", "interestIncome": "None", "interestExpense": "0", "nonInterestIncome": "None", "otherNonOperatingIncome": "None", "depreciation": "None", "depreciationAndAmortization": "2567000", "incomeBeforeTax": "3444000", "incomeTaxExpense": "1423000", "interestAndDebtExpense": "None", "netIncomeFromContinuingOperations": "0", "comprehensiveIncomeNetOfTax": "None", "ebit": "4471000", "ebitda": "7038000", "netIncome": "2021000"}, {"fiscalDateEnding": "2005-03-31", "reportedCurrency": "USD", "grossProfit": "13113000", "totalRevenue": "40659000", "costOfRevenue": "27546000", "costofGoodsAndServicesSold": "27546000", "operatingIncome": "654000", "sellingGeneralAndAdministrative": "11944000", "researchAndDevelopment": "0", "operatingExpenses": "12459000", "investmentIncomeNet": "None", "netInterestIncome": "None", "interestIncome": "None", "interestExpense": "0", "nonInterestIncome": "None", "otherNonOperatingIncome": "None", "depreciation": "None", "depreciationAndAmortization": "2772000", "incomeBeforeTax": "800000", "incomeTaxExpense": "330000", "interestAndDebtExpense": "None", "netIncomeFromContinuingOperations": "0", "comprehensiveIncomeNetOfTax": "None", "ebit": "-2118000", "ebitda": "654000", "netIncome": "470000"}, {"fiscalDateEnding": "2004-12-31", "reportedCurrency": "USD", "grossProfit": "18064000", "totalRevenue": "44734000", "costOfRevenue": "26670000", "costofGoodsAndServicesSold": "26670000", "operatingIncome": "5325000", "sellingGeneralAndAdministrative": "12200000", "researchAndDevelopment": "2500000", "operatingExpenses": "12739000", "investmentIncomeNet": "None", "netInterestIncome": "None", "interestIncome": "None", "interestExpense": "49000", "nonInterestIncome": "None", "otherNonOperatingIncome": "None", "depreciation": "None", "depreciationAndAmortization": "2799000", "incomeBeforeTax": "5361000", "incomeTaxExpense": "2331000", "interestAndDebtExpense": "None", "netIncomeFromContinuingOperations": "0", "comprehensiveIncomeNetOfTax": "None", "ebit": "5325000", "ebitda": "8124000", "netIncome": "3030000"}]}