{"symbol": "ADSK", "annualReports": [{"fiscalDateEnding": "2025-01-31", "reportedCurrency": "USD", "grossProfit": "5553000000", "totalRevenue": "6131000000", "costOfRevenue": "578000000", "costofGoodsAndServicesSold": "578000000", "operatingIncome": "1354000000", "sellingGeneralAndAdministrative": "650000000", "researchAndDevelopment": "1485000000", "operatingExpenses": "4199000000", "investmentIncomeNet": "None", "netInterestIncome": "34000000", "interestIncome": "34000000", "interestExpense": "None", "nonInterestIncome": "None", "otherNonOperatingIncome": "None", "depreciation": "None", "depreciationAndAmortization": "180000000", "incomeBeforeTax": "1384000000", "incomeTaxExpense": "272000000", "interestAndDebtExpense": "None", "netIncomeFromContinuingOperations": "1112000000", "comprehensiveIncomeNetOfTax": "None", "ebit": "1354000000", "ebitda": "1534000000", "netIncome": "1112000000"}, {"fiscalDateEnding": "2024-01-31", "reportedCurrency": "USD", "grossProfit": "4977000000", "totalRevenue": "5440000000", "costOfRevenue": "463000000", "costofGoodsAndServicesSold": "463000000", "operatingIncome": "1128000000", "sellingGeneralAndAdministrative": "620000000", "researchAndDevelopment": "1421000000", "operatingExpenses": "3816000000", "investmentIncomeNet": "None", "netInterestIncome": "None", "interestIncome": "26000000", "interestExpense": "8000000", "nonInterestIncome": "None", "otherNonOperatingIncome": "None", "depreciation": "None", "depreciationAndAmortization": "49000000", "incomeBeforeTax": "1136000000", "incomeTaxExpense": "230000000", "interestAndDebtExpense": "None", "netIncomeFromContinuingOperations": "None", "comprehensiveIncomeNetOfTax": "None", "ebit": "1170000000", "ebitda": "1219000000", "netIncome": "906000000"}, {"fiscalDateEnding": "2023-01-31", "reportedCurrency": "USD", "grossProfit": "4525000000", "totalRevenue": "5005000000", "costOfRevenue": "480000000", "costofGoodsAndServicesSold": "480000000", "operatingIncome": "989000000", "sellingGeneralAndAdministrative": "532000000", "researchAndDevelopment": "1219000000", "operatingExpenses": "3536000000", "investmentIncomeNet": "None", "netInterestIncome": "-43000000", "interestIncome": "None", "interestExpense": "43000000", "nonInterestIncome": "None", "otherNonOperatingIncome": "None", "depreciation": "None", "depreciationAndAmortization": "148000000", "incomeBeforeTax": "946000000", "incomeTaxExpense": "123000000", "interestAndDebtExpense": "None", "netIncomeFromContinuingOperations": "823000000", "comprehensiveIncomeNetOfTax": "None", "ebit": "949000000", "ebitda": "1097000000", "netIncome": "823000000"}, {"fiscalDateEnding": "2022-01-31", "reportedCurrency": "USD", "grossProfit": "3967900000", "totalRevenue": "4386400000", "costOfRevenue": "418500000", "costofGoodsAndServicesSold": "418500000", "operatingIncome": "617600000", "sellingGeneralAndAdministrative": "571700000", "researchAndDevelopment": "1114800000", "operatingExpenses": "3350300000", "investmentIncomeNet": "None", "netInterestIncome": "-52900000", "interestIncome": "None", "interestExpense": "65000000", "nonInterestIncome": "None", "otherNonOperatingIncome": "None", "depreciation": "None", "depreciationAndAmortization": "148100000", "incomeBeforeTax": "564700000", "incomeTaxExpense": "67700000", "interestAndDebtExpense": "None", "netIncomeFromContinuingOperations": "497000000", "comprehensiveIncomeNetOfTax": "None", "ebit": "617600000", "ebitda": "765700000", "netIncome": "497000000"}, {"fiscalDateEnding": "2021-01-31", "reportedCurrency": "USD", "grossProfit": "3453300000", "totalRevenue": "3790400000", "costOfRevenue": "337100000", "costofGoodsAndServicesSold": "337100000", "operatingIncome": "629100000", "sellingGeneralAndAdministrative": "413900000", "researchAndDevelopment": "932500000", "operatingExpenses": "2824200000", "investmentIncomeNet": "None", "netInterestIncome": "-82400000", "interestIncome": "None", "interestExpense": "82400000", "nonInterestIncome": "None", "otherNonOperatingIncome": "None", "depreciation": "None", "depreciationAndAmortization": "123800000", "incomeBeforeTax": "546700000", "incomeTaxExpense": "-661500000", "interestAndDebtExpense": "None", "netIncomeFromContinuingOperations": "1208200000", "comprehensiveIncomeNetOfTax": "None", "ebit": "597000000", "ebitda": "720800000", "netIncome": "1208000000"}, {"fiscalDateEnding": "2020-01-31", "reportedCurrency": "USD", "grossProfit": "2949400000", "totalRevenue": "3274300000", "costOfRevenue": "324900000", "costofGoodsAndServicesSold": "324900000", "operatingIncome": "343000000", "sellingGeneralAndAdministrative": "405600000", "researchAndDevelopment": "851100000", "operatingExpenses": "2605900000", "investmentIncomeNet": "None", "netInterestIncome": "-54000000", "interestIncome": "53400000", "interestExpense": "54000000", "nonInterestIncome": "None", "otherNonOperatingIncome": "None", "depreciation": "None", "depreciationAndAmortization": "127300000", "incomeBeforeTax": "294800000", "incomeTaxExpense": "80300000", "interestAndDebtExpense": "None", "netIncomeFromContinuingOperations": "214500000", "comprehensiveIncomeNetOfTax": "None", "ebit": "354800000", "ebitda": "482100000", "netIncome": "214500000"}, {"fiscalDateEnding": "2019-01-31", "reportedCurrency": "USD", "grossProfit": "2283900000", "totalRevenue": "2569800000", "costOfRevenue": "285900000", "costofGoodsAndServicesSold": "285900000", "operatingIncome": "-25000000", "sellingGeneralAndAdministrative": "340100000", "researchAndDevelopment": "725000000", "operatingExpenses": "2267000000", "investmentIncomeNet": "None", "netInterestIncome": "-52100000", "interestIncome": "34500000", "interestExpense": "52100000", "nonInterestIncome": "None", "otherNonOperatingIncome": "None", "depreciation": "None", "depreciationAndAmortization": "95200000", "incomeBeforeTax": "-42700000", "incomeTaxExpense": "38100000", "interestAndDebtExpense": "None", "netIncomeFromContinuingOperations": "-80800000", "comprehensiveIncomeNetOfTax": "None", "ebit": "9600000", "ebitda": "104800000", "netIncome": "-80800000"}, {"fiscalDateEnding": "2018-01-31", "reportedCurrency": "USD", "grossProfit": "1753200000", "totalRevenue": "2056600000", "costOfRevenue": "303400000", "costofGoodsAndServicesSold": "303400000", "operatingIncome": "-509100000", "sellingGeneralAndAdministrative": "305200000", "researchAndDevelopment": "755500000", "operatingExpenses": "2168200000", "investmentIncomeNet": "None", "netInterestIncome": "-34500000", "interestIncome": "54200000", "interestExpense": "34500000", "nonInterestIncome": "None", "otherNonOperatingIncome": "None", "depreciation": "None", "depreciationAndAmortization": "108400000", "incomeBeforeTax": "-557300000", "incomeTaxExpense": "9600000", "interestAndDebtExpense": "None", "netIncomeFromContinuingOperations": "-566900000", "comprehensiveIncomeNetOfTax": "None", "ebit": "-522800000", "ebitda": "-414400000", "netIncome": "-566900000"}, {"fiscalDateEnding": "2017-01-31", "reportedCurrency": "USD", "grossProfit": "1689100000", "totalRevenue": "2031000000", "costOfRevenue": "341900000", "costofGoodsAndServicesSold": "341900000", "operatingIncome": "-499600000", "sellingGeneralAndAdministrative": "287800000", "researchAndDevelopment": "766100000", "operatingExpenses": "2108200000", "investmentIncomeNet": "None", "netInterestIncome": "-29700000", "interestIncome": "32700000", "interestExpense": "29700000", "nonInterestIncome": "None", "otherNonOperatingIncome": "None", "depreciation": "None", "depreciationAndAmortization": "145300000", "incomeBeforeTax": "-523800000", "incomeTaxExpense": "55400000", "interestAndDebtExpense": "None", "netIncomeFromContinuingOperations": "-582100000", "comprehensiveIncomeNetOfTax": "None", "ebit": "-494100000", "ebitda": "-348800000", "netIncome": "-579200000"}, {"fiscalDateEnding": "2016-01-31", "reportedCurrency": "USD", "grossProfit": "2133400000", "totalRevenue": "2504100000", "costOfRevenue": "370700000", "costofGoodsAndServicesSold": "370700000", "operatingIncome": "1300000", "sellingGeneralAndAdministrative": "293400000", "researchAndDevelopment": "790000000", "operatingExpenses": "2132100000", "investmentIncomeNet": "None", "netInterestIncome": "None", "interestIncome": "30100000", "interestExpense": "33900000", "nonInterestIncome": "None", "otherNonOperatingIncome": "None", "depreciation": "None", "depreciationAndAmortization": "145800000", "incomeBeforeTax": "-20300000", "incomeTaxExpense": "305700000", "interestAndDebtExpense": "None", "netIncomeFromContinuingOperations": "-330500000", "comprehensiveIncomeNetOfTax": "None", "ebit": "1300000", "ebitda": "147100000", "netIncome": "-326000000"}, {"fiscalDateEnding": "2015-01-31", "reportedCurrency": "USD", "grossProfit": "2170100000", "totalRevenue": "2512200000", "costOfRevenue": "342100000", "costofGoodsAndServicesSold": "342100000", "operatingIncome": "120700000", "sellingGeneralAndAdministrative": "283300000", "researchAndDevelopment": "725200000", "operatingExpenses": "2046300000", "investmentIncomeNet": "None", "netInterestIncome": "None", "interestIncome": "None", "interestExpense": "13200000", "nonInterestIncome": "None", "otherNonOperatingIncome": "None", "depreciation": "None", "depreciationAndAmortization": "145900000", "incomeBeforeTax": "83000000", "incomeTaxExpense": "1200000", "interestAndDebtExpense": "None", "netIncomeFromContinuingOperations": "81800000", "comprehensiveIncomeNetOfTax": "None", "ebit": "123800000", "ebitda": "269700000", "netIncome": "81800000"}, {"fiscalDateEnding": "2014-01-31", "reportedCurrency": "USD", "grossProfit": "1999600000", "totalRevenue": "2273900000", "costOfRevenue": "274300000", "costofGoodsAndServicesSold": "274300000", "operatingIncome": "284800000", "sellingGeneralAndAdministrative": "248300000", "researchAndDevelopment": "611100000", "operatingExpenses": "1702000000", "investmentIncomeNet": "None", "netInterestIncome": "None", "interestIncome": "None", "interestExpense": "9800000", "nonInterestIncome": "None", "otherNonOperatingIncome": "None", "depreciation": "None", "depreciationAndAmortization": "128900000", "incomeBeforeTax": "279900000", "incomeTaxExpense": "51100000", "interestAndDebtExpense": "None", "netIncomeFromContinuingOperations": "228800000", "comprehensiveIncomeNetOfTax": "None", "ebit": "297600000", "ebitda": "426500000", "netIncome": "228800000"}, {"fiscalDateEnding": "2013-01-31", "reportedCurrency": "USD", "grossProfit": "2073700000", "totalRevenue": "2312200000", "costOfRevenue": "238500000", "costofGoodsAndServicesSold": "238500000", "operatingIncome": "305900000", "sellingGeneralAndAdministrative": "248400000", "researchAndDevelopment": "600000000", "operatingExpenses": "1723900000", "investmentIncomeNet": "None", "netInterestIncome": "None", "interestIncome": "None", "interestExpense": "4900000", "nonInterestIncome": "None", "otherNonOperatingIncome": "None", "depreciation": "None", "depreciationAndAmortization": "127800000", "incomeBeforeTax": "310000000", "incomeTaxExpense": "62600000", "interestAndDebtExpense": "None", "netIncomeFromContinuingOperations": "247400000", "comprehensiveIncomeNetOfTax": "None", "ebit": "349800000", "ebitda": "477600000", "netIncome": "247400000"}, {"fiscalDateEnding": "2012-01-31", "reportedCurrency": "USD", "grossProfit": "1986500000", "totalRevenue": "2215600000", "costOfRevenue": "229100000", "costofGoodsAndServicesSold": "229100000", "operatingIncome": "355600000", "sellingGeneralAndAdministrative": "223100000", "researchAndDevelopment": "566500000", "operatingExpenses": "1632200000", "investmentIncomeNet": "None", "netInterestIncome": "None", "interestIncome": "None", "interestExpense": "1900000", "nonInterestIncome": "None", "otherNonOperatingIncome": "None", "depreciation": "None", "depreciationAndAmortization": "115500000", "incomeBeforeTax": "362900000", "incomeTaxExpense": "77600000", "interestAndDebtExpense": "None", "netIncomeFromContinuingOperations": "285300000", "comprehensiveIncomeNetOfTax": "None", "ebit": "362900000", "ebitda": "478400000", "netIncome": "285300000"}, {"fiscalDateEnding": "2011-01-31", "reportedCurrency": "USD", "grossProfit": "1755200000", "totalRevenue": "1951800000", "costOfRevenue": "196600000", "costofGoodsAndServicesSold": "196600000", "operatingIncome": "271400000", "sellingGeneralAndAdministrative": "200800000", "researchAndDevelopment": "496200000", "operatingExpenses": "1473000000", "investmentIncomeNet": "None", "netInterestIncome": "None", "interestIncome": "None", "interestExpense": "0", "nonInterestIncome": "None", "otherNonOperatingIncome": "None", "depreciation": "None", "depreciationAndAmortization": "105400000", "incomeBeforeTax": "272000000", "incomeTaxExpense": "60000000", "interestAndDebtExpense": "None", "netIncomeFromContinuingOperations": "212000000", "comprehensiveIncomeNetOfTax": "None", "ebit": "272000000", "ebitda": "377400000", "netIncome": "212000000"}, {"fiscalDateEnding": "2010-01-31", "reportedCurrency": "USD", "grossProfit": "1521900000", "totalRevenue": "1713700000", "costOfRevenue": "191800000", "costofGoodsAndServicesSold": "191800000", "operatingIncome": "65600000", "sellingGeneralAndAdministrative": "197700000", "researchAndDevelopment": "457500000", "operatingExpenses": "1387100000", "investmentIncomeNet": "None", "netInterestIncome": "None", "interestIncome": "None", "interestExpense": "19100000", "nonInterestIncome": "None", "otherNonOperatingIncome": "None", "depreciation": "None", "depreciationAndAmortization": "111500000", "incomeBeforeTax": "84700000", "incomeTaxExpense": "26700000", "interestAndDebtExpense": "None", "netIncomeFromContinuingOperations": "58000000", "comprehensiveIncomeNetOfTax": "None", "ebit": "84700000", "ebitda": "196200000", "netIncome": "58000000"}, {"fiscalDateEnding": "2009-01-31", "reportedCurrency": "USD", "grossProfit": "2096100000", "totalRevenue": "2315200000", "costOfRevenue": "219100000", "costofGoodsAndServicesSold": "219100000", "operatingIncome": "244500000", "sellingGeneralAndAdministrative": "1106400000", "researchAndDevelopment": "576100000", "operatingExpenses": "1811400000", "investmentIncomeNet": "None", "netInterestIncome": "None", "interestIncome": "None", "interestExpense": "0", "nonInterestIncome": "None", "otherNonOperatingIncome": "None", "depreciation": "None", "depreciationAndAmortization": "91800000", "incomeBeforeTax": "252500000", "incomeTaxExpense": "68900000", "interestAndDebtExpense": "None", "netIncomeFromContinuingOperations": "None", "comprehensiveIncomeNetOfTax": "None", "ebit": "252500000", "ebitda": "344300000", "netIncome": "183600000"}, {"fiscalDateEnding": "2008-01-31", "reportedCurrency": "USD", "grossProfit": "1965000000", "totalRevenue": "2171900000", "costOfRevenue": "206900000", "costofGoodsAndServicesSold": "206900000", "operatingIncome": "445600000", "sellingGeneralAndAdministrative": "1034100000", "researchAndDevelopment": "485300000", "operatingExpenses": "1519400000", "investmentIncomeNet": "None", "netInterestIncome": "None", "interestIncome": "None", "interestExpense": "0", "nonInterestIncome": "None", "otherNonOperatingIncome": "None", "depreciation": "None", "depreciationAndAmortization": "61300000", "incomeBeforeTax": "470000000", "incomeTaxExpense": "113800000", "interestAndDebtExpense": "None", "netIncomeFromContinuingOperations": "None", "comprehensiveIncomeNetOfTax": "None", "ebit": "445600000", "ebitda": "506900000", "netIncome": "356200000"}, {"fiscalDateEnding": "2007-01-31", "reportedCurrency": "USD", "grossProfit": "1623200000", "totalRevenue": "1839800000", "costOfRevenue": "216600000", "costofGoodsAndServicesSold": "216600000", "operatingIncome": "349700000", "sellingGeneralAndAdministrative": "867200000", "researchAndDevelopment": "406300000", "operatingExpenses": "1273500000", "investmentIncomeNet": "None", "netInterestIncome": "None", "interestIncome": "None", "interestExpense": "0", "nonInterestIncome": "None", "otherNonOperatingIncome": "None", "depreciation": "None", "depreciationAndAmortization": "53500000", "incomeBeforeTax": "366500000", "incomeTaxExpense": "76800000", "interestAndDebtExpense": "None", "netIncomeFromContinuingOperations": "None", "comprehensiveIncomeNetOfTax": "None", "ebit": "349700000", "ebitda": "403200000", "netIncome": "289700000"}, {"fiscalDateEnding": "2006-01-31", "reportedCurrency": "USD", "grossProfit": "1352300000", "totalRevenue": "1523200000", "costOfRevenue": "170900000", "costofGoodsAndServicesSold": "170900000", "operatingIncome": "369800000", "sellingGeneralAndAdministrative": "680900000", "researchAndDevelopment": "301600000", "operatingExpenses": "982500000", "investmentIncomeNet": "None", "netInterestIncome": "None", "interestIncome": "None", "interestExpense": "0", "nonInterestIncome": "None", "otherNonOperatingIncome": "None", "depreciation": "None", "depreciationAndAmortization": "43700000", "incomeBeforeTax": "383000000", "incomeTaxExpense": "54100000", "interestAndDebtExpense": "None", "netIncomeFromContinuingOperations": "None", "comprehensiveIncomeNetOfTax": "None", "ebit": "369800000", "ebitda": "413500000", "netIncome": "328900000"}], "quarterlyReports": [{"fiscalDateEnding": "2025-01-31", "reportedCurrency": "USD", "grossProfit": "1485000000", "totalRevenue": "1639000000", "costOfRevenue": "154000000", "costofGoodsAndServicesSold": "154000000", "operatingIncome": "366000000", "sellingGeneralAndAdministrative": "173000000", "researchAndDevelopment": "393000000", "operatingExpenses": "1119000000", "investmentIncomeNet": "None", "netInterestIncome": "4000000", "interestIncome": "None", "interestExpense": "5000000", "nonInterestIncome": "None", "otherNonOperatingIncome": "None", "depreciation": "None", "depreciationAndAmortization": "46000000", "incomeBeforeTax": "372000000", "incomeTaxExpense": "69000000", "interestAndDebtExpense": "None", "netIncomeFromContinuingOperations": "303000000", "comprehensiveIncomeNetOfTax": "None", "ebit": "356000000", "ebitda": "402000000", "netIncome": "303000000"}, {"fiscalDateEnding": "2024-10-31", "reportedCurrency": "USD", "grossProfit": "1423000000", "totalRevenue": "1570000000", "costOfRevenue": "147000000", "costofGoodsAndServicesSold": "147000000", "operatingIncome": "346000000", "sellingGeneralAndAdministrative": "161000000", "researchAndDevelopment": "378000000", "operatingExpenses": "1077000000", "investmentIncomeNet": "None", "netInterestIncome": "8000000", "interestIncome": "None", "interestExpense": "5000000", "nonInterestIncome": "None", "otherNonOperatingIncome": "None", "depreciation": "None", "depreciationAndAmortization": "48000000", "incomeBeforeTax": "351000000", "incomeTaxExpense": "76000000", "interestAndDebtExpense": "None", "netIncomeFromContinuingOperations": "275000000", "comprehensiveIncomeNetOfTax": "None", "ebit": "346000000", "ebitda": "394000000", "netIncome": "275000000"}, {"fiscalDateEnding": "2024-07-31", "reportedCurrency": "USD", "grossProfit": "1365000000", "totalRevenue": "1505000000", "costOfRevenue": "140000000", "costofGoodsAndServicesSold": "140000000", "operatingIncome": "343000000", "sellingGeneralAndAdministrative": "161000000", "researchAndDevelopment": "368000000", "operatingExpenses": "1022000000", "investmentIncomeNet": "None", "netInterestIncome": "11000000", "interestIncome": "11000000", "interestExpense": "9000000", "nonInterestIncome": "None", "otherNonOperatingIncome": "None", "depreciation": "None", "depreciationAndAmortization": "46000000", "incomeBeforeTax": "352000000", "incomeTaxExpense": "70000000", "interestAndDebtExpense": "None", "netIncomeFromContinuingOperations": "282000000", "comprehensiveIncomeNetOfTax": "None", "ebit": "343000000", "ebitda": "389000000", "netIncome": "282000000"}, {"fiscalDateEnding": "2024-04-30", "reportedCurrency": "None", "grossProfit": "1280000000", "totalRevenue": "1417000000", "costOfRevenue": "137000000", "costofGoodsAndServicesSold": "137000000", "operatingIncome": "299000000", "sellingGeneralAndAdministrative": "155000000", "researchAndDevelopment": "346000000", "operatingExpenses": "981000000", "investmentIncomeNet": "None", "netInterestIncome": "None", "interestIncome": "None", "interestExpense": "22000000", "nonInterestIncome": "None", "otherNonOperatingIncome": "None", "depreciation": "None", "depreciationAndAmortization": "40000000", "incomeBeforeTax": "309000000", "incomeTaxExpense": "57000000", "interestAndDebtExpense": "None", "netIncomeFromContinuingOperations": "None", "comprehensiveIncomeNetOfTax": "None", "ebit": "309000000", "ebitda": "349000000", "netIncome": "252000000"}, {"fiscalDateEnding": "2024-01-31", "reportedCurrency": "USD", "grossProfit": "1353000000", "totalRevenue": "1469000000", "costOfRevenue": "116000000", "costofGoodsAndServicesSold": "116000000", "operatingIncome": "315000000", "sellingGeneralAndAdministrative": "182000000", "researchAndDevelopment": "352000000", "operatingExpenses": "1038000000", "investmentIncomeNet": "None", "netInterestIncome": "None", "interestIncome": "None", "interestExpense": "22000000", "nonInterestIncome": "None", "otherNonOperatingIncome": "None", "depreciation": "None", "depreciationAndAmortization": "51000000", "incomeBeforeTax": "337000000", "incomeTaxExpense": "55000000", "interestAndDebtExpense": "None", "netIncomeFromContinuingOperations": "None", "comprehensiveIncomeNetOfTax": "None", "ebit": "301000000", "ebitda": "352000000", "netIncome": "282000000"}, {"fiscalDateEnding": "2023-10-31", "reportedCurrency": "USD", "grossProfit": "1287000000", "totalRevenue": "1414000000", "costOfRevenue": "127000000", "costofGoodsAndServicesSold": "127000000", "operatingIncome": "334000000", "sellingGeneralAndAdministrative": "165000000", "researchAndDevelopment": "339000000", "operatingExpenses": "953000000", "investmentIncomeNet": "None", "netInterestIncome": "-14000000", "interestIncome": "None", "interestExpense": "1000000", "nonInterestIncome": "None", "otherNonOperatingIncome": "None", "depreciation": "None", "depreciationAndAmortization": "36000000", "incomeBeforeTax": "320000000", "incomeTaxExpense": "79000000", "interestAndDebtExpense": "None", "netIncomeFromContinuingOperations": "241000000", "comprehensiveIncomeNetOfTax": "None", "ebit": "334000000", "ebitda": "370000000", "netIncome": "241000000"}, {"fiscalDateEnding": "2023-07-31", "reportedCurrency": "USD", "grossProfit": "1218000000", "totalRevenue": "1345000000", "costOfRevenue": "127000000", "costofGoodsAndServicesSold": "127000000", "operatingIncome": "262000000", "sellingGeneralAndAdministrative": "141000000", "researchAndDevelopment": "355000000", "operatingExpenses": "956000000", "investmentIncomeNet": "None", "netInterestIncome": "-4000000", "interestIncome": "9000000", "interestExpense": "4000000", "nonInterestIncome": "None", "otherNonOperatingIncome": "None", "depreciation": "None", "depreciationAndAmortization": "33000000", "incomeBeforeTax": "258000000", "incomeTaxExpense": "36000000", "interestAndDebtExpense": "None", "netIncomeFromContinuingOperations": "222000000", "comprehensiveIncomeNetOfTax": "None", "ebit": "262000000", "ebitda": "295000000", "netIncome": "222000000"}, {"fiscalDateEnding": "2023-04-30", "reportedCurrency": "USD", "grossProfit": "1142000000", "totalRevenue": "1269000000", "costOfRevenue": "127000000", "costofGoodsAndServicesSold": "127000000", "operatingIncome": "217000000", "sellingGeneralAndAdministrative": "132000000", "researchAndDevelopment": "327000000", "operatingExpenses": "925000000", "investmentIncomeNet": "None", "netInterestIncome": "4000000", "interestIncome": "2000000", "interestExpense": "4000000", "nonInterestIncome": "None", "otherNonOperatingIncome": "None", "depreciation": "None", "depreciationAndAmortization": "33000000", "incomeBeforeTax": "221000000", "incomeTaxExpense": "60000000", "interestAndDebtExpense": "None", "netIncomeFromContinuingOperations": "161000000", "comprehensiveIncomeNetOfTax": "None", "ebit": "217000000", "ebitda": "250000000", "netIncome": "161000000"}, {"fiscalDateEnding": "2023-01-31", "reportedCurrency": "USD", "grossProfit": "1194000000", "totalRevenue": "1318000000", "costOfRevenue": "124000000", "costofGoodsAndServicesSold": "124000000", "operatingIncome": "277000000", "sellingGeneralAndAdministrative": "155000000", "researchAndDevelopment": "313000000", "operatingExpenses": "917000000", "investmentIncomeNet": "None", "netInterestIncome": "-2000000", "interestIncome": "None", "interestExpense": "2000000", "nonInterestIncome": "None", "otherNonOperatingIncome": "None", "depreciation": "None", "depreciationAndAmortization": "37000000", "incomeBeforeTax": "277000000", "incomeTaxExpense": "-16000000", "interestAndDebtExpense": "None", "netIncomeFromContinuingOperations": "293000000", "comprehensiveIncomeNetOfTax": "None", "ebit": "279000000", "ebitda": "316000000", "netIncome": "293000000"}, {"fiscalDateEnding": "2022-10-31", "reportedCurrency": "USD", "grossProfit": "1160000000", "totalRevenue": "1280000000", "costOfRevenue": "120000000", "costofGoodsAndServicesSold": "120000000", "operatingIncome": "256000000", "sellingGeneralAndAdministrative": "129000000", "researchAndDevelopment": "311000000", "operatingExpenses": "904000000", "investmentIncomeNet": "None", "netInterestIncome": "-14000000", "interestIncome": "None", "interestExpense": "14000000", "nonInterestIncome": "None", "otherNonOperatingIncome": "None", "depreciation": "None", "depreciationAndAmortization": "37000000", "incomeBeforeTax": "242000000", "incomeTaxExpense": "44000000", "interestAndDebtExpense": "None", "netIncomeFromContinuingOperations": "198000000", "comprehensiveIncomeNetOfTax": "None", "ebit": "256000000", "ebitda": "293000000", "netIncome": "198000000"}, {"fiscalDateEnding": "2022-07-31", "reportedCurrency": "USD", "grossProfit": "1118000000", "totalRevenue": "1237000000", "costOfRevenue": "119000000", "costofGoodsAndServicesSold": "119000000", "operatingIncome": "242000000", "sellingGeneralAndAdministrative": "128000000", "researchAndDevelopment": "306000000", "operatingExpenses": "876000000", "investmentIncomeNet": "None", "netInterestIncome": "-10000000", "interestIncome": "4000000", "interestExpense": "10000000", "nonInterestIncome": "None", "otherNonOperatingIncome": "None", "depreciation": "None", "depreciationAndAmortization": "38000000", "incomeBeforeTax": "232000000", "incomeTaxExpense": "46000000", "interestAndDebtExpense": "None", "netIncomeFromContinuingOperations": "186000000", "comprehensiveIncomeNetOfTax": "None", "ebit": "258000000", "ebitda": "296000000", "netIncome": "186000000"}, {"fiscalDateEnding": "2022-04-30", "reportedCurrency": "USD", "grossProfit": "1053000000", "totalRevenue": "1170000000", "costOfRevenue": "117000000", "costofGoodsAndServicesSold": "117000000", "operatingIncome": "214000000", "sellingGeneralAndAdministrative": "120000000", "researchAndDevelopment": "289000000", "operatingExpenses": "839000000", "investmentIncomeNet": "None", "netInterestIncome": "-29000000", "interestIncome": "None", "interestExpense": "19000000", "nonInterestIncome": "None", "otherNonOperatingIncome": "None", "depreciation": "None", "depreciationAndAmortization": "38000000", "incomeBeforeTax": "195000000", "incomeTaxExpense": "49000000", "interestAndDebtExpense": "None", "netIncomeFromContinuingOperations": "146000000", "comprehensiveIncomeNetOfTax": "None", "ebit": "248000000", "ebitda": "286000000", "netIncome": "146000000"}, {"fiscalDateEnding": "2022-01-31", "reportedCurrency": "USD", "grossProfit": "1098400000", "totalRevenue": "1211600000", "costOfRevenue": "113200000", "costofGoodsAndServicesSold": "113200000", "operatingIncome": "142400000", "sellingGeneralAndAdministrative": "227600000", "researchAndDevelopment": "290300000", "operatingExpenses": "956000000", "investmentIncomeNet": "None", "netInterestIncome": "-35300000", "interestIncome": "None", "interestExpense": "25800000", "nonInterestIncome": "None", "otherNonOperatingIncome": "None", "depreciation": "None", "depreciationAndAmortization": "34200000", "incomeBeforeTax": "107100000", "incomeTaxExpense": "18000000", "interestAndDebtExpense": "None", "netIncomeFromContinuingOperations": "89100000", "comprehensiveIncomeNetOfTax": "None", "ebit": "133000000", "ebitda": "167200000", "netIncome": "89100000"}, {"fiscalDateEnding": "2021-10-31", "reportedCurrency": "USD", "grossProfit": "1018700000", "totalRevenue": "1125800000", "costOfRevenue": "107100000", "costofGoodsAndServicesSold": "107100000", "operatingIncome": "193300000", "sellingGeneralAndAdministrative": "112800000", "researchAndDevelopment": "282100000", "operatingExpenses": "825400000", "investmentIncomeNet": "None", "netInterestIncome": "-5900000", "interestIncome": "None", "interestExpense": "5900000", "nonInterestIncome": "None", "otherNonOperatingIncome": "None", "depreciation": "None", "depreciationAndAmortization": "41500000", "incomeBeforeTax": "187400000", "incomeTaxExpense": "50700000", "interestAndDebtExpense": "None", "netIncomeFromContinuingOperations": "136700000", "comprehensiveIncomeNetOfTax": "None", "ebit": "209100000", "ebitda": "250600000", "netIncome": "136700000"}, {"fiscalDateEnding": "2021-07-31", "reportedCurrency": "USD", "grossProfit": "954300000", "totalRevenue": "1059700000", "costOfRevenue": "105400000", "costofGoodsAndServicesSold": "105400000", "operatingIncome": "148100000", "sellingGeneralAndAdministrative": "119400000", "researchAndDevelopment": "276900000", "operatingExpenses": "806200000", "investmentIncomeNet": "None", "netInterestIncome": "-9300000", "interestIncome": "None", "interestExpense": "9300000", "nonInterestIncome": "None", "otherNonOperatingIncome": "None", "depreciation": "None", "depreciationAndAmortization": "39400000", "incomeBeforeTax": "138800000", "incomeTaxExpense": "23200000", "interestAndDebtExpense": "None", "netIncomeFromContinuingOperations": "115600000", "comprehensiveIncomeNetOfTax": "None", "ebit": "149900000", "ebitda": "189300000", "netIncome": "115600000"}, {"fiscalDateEnding": "2021-04-30", "reportedCurrency": "USD", "grossProfit": "896500000", "totalRevenue": "989300000", "costOfRevenue": "92800000", "costofGoodsAndServicesSold": "92800000", "operatingIncome": "133800000", "sellingGeneralAndAdministrative": "111900000", "researchAndDevelopment": "265500000", "operatingExpenses": "762700000", "investmentIncomeNet": "None", "netInterestIncome": "-2400000", "interestIncome": "None", "interestExpense": "10600000", "nonInterestIncome": "None", "otherNonOperatingIncome": "None", "depreciation": "None", "depreciationAndAmortization": "33000000", "incomeBeforeTax": "131400000", "incomeTaxExpense": "-24200000", "interestAndDebtExpense": "None", "netIncomeFromContinuingOperations": "155600000", "comprehensiveIncomeNetOfTax": "None", "ebit": "142000000", "ebitda": "175000000", "netIncome": "155600000"}, {"fiscalDateEnding": "2021-01-31", "reportedCurrency": "USD", "grossProfit": "948600000", "totalRevenue": "1039200000", "costOfRevenue": "90600000", "costofGoodsAndServicesSold": "90600000", "operatingIncome": "184400000", "sellingGeneralAndAdministrative": "117100000", "researchAndDevelopment": "249600000", "operatingExpenses": "764200000", "investmentIncomeNet": "None", "netInterestIncome": "-13300000", "interestIncome": "None", "interestExpense": "13300000", "nonInterestIncome": "None", "otherNonOperatingIncome": "None", "depreciation": "None", "depreciationAndAmortization": "31600000", "incomeBeforeTax": "171100000", "incomeTaxExpense": "-740200000", "interestAndDebtExpense": "None", "netIncomeFromContinuingOperations": "911300000", "comprehensiveIncomeNetOfTax": "None", "ebit": "182700000", "ebitda": "214300000", "netIncome": "911300000"}, {"fiscalDateEnding": "2020-10-31", "reportedCurrency": "USD", "grossProfit": "868700000", "totalRevenue": "952400000", "costOfRevenue": "83700000", "costofGoodsAndServicesSold": "83700000", "operatingIncome": "168000000", "sellingGeneralAndAdministrative": "98800000", "researchAndDevelopment": "233000000", "operatingExpenses": "700700000", "investmentIncomeNet": "None", "netInterestIncome": "-14600000", "interestIncome": "None", "interestExpense": "14600000", "nonInterestIncome": "None", "otherNonOperatingIncome": "None", "depreciation": "None", "depreciationAndAmortization": "32200000", "incomeBeforeTax": "156100000", "incomeTaxExpense": "23900000", "interestAndDebtExpense": "None", "netIncomeFromContinuingOperations": "132200000", "comprehensiveIncomeNetOfTax": "None", "ebit": "169900000", "ebitda": "202100000", "netIncome": "132200000"}, {"fiscalDateEnding": "2020-07-31", "reportedCurrency": "USD", "grossProfit": "832200000", "totalRevenue": "913100000", "costOfRevenue": "80900000", "costofGoodsAndServicesSold": "80900000", "operatingIncome": "146100000", "sellingGeneralAndAdministrative": "93200000", "researchAndDevelopment": "232500000", "operatingExpenses": "686100000", "investmentIncomeNet": "None", "netInterestIncome": "-8000000", "interestIncome": "None", "interestExpense": "8000000", "nonInterestIncome": "None", "otherNonOperatingIncome": "None", "depreciation": "None", "depreciationAndAmortization": "30000000", "incomeBeforeTax": "129000000", "incomeTaxExpense": "30800000", "interestAndDebtExpense": "None", "netIncomeFromContinuingOperations": "98200000", "comprehensiveIncomeNetOfTax": "None", "ebit": "132600000", "ebitda": "162600000", "netIncome": "98200000"}, {"fiscalDateEnding": "2020-04-30", "reportedCurrency": "USD", "grossProfit": "803800000", "totalRevenue": "885700000", "costOfRevenue": "81900000", "costofGoodsAndServicesSold": "81900000", "operatingIncome": "130600000", "sellingGeneralAndAdministrative": "104800000", "researchAndDevelopment": "217400000", "operatingExpenses": "673200000", "investmentIncomeNet": "None", "netInterestIncome": "-22300000", "interestIncome": "40700000", "interestExpense": "22300000", "nonInterestIncome": "None", "otherNonOperatingIncome": "None", "depreciation": "None", "depreciationAndAmortization": "30000000", "incomeBeforeTax": "90500000", "incomeTaxExpense": "24000000", "interestAndDebtExpense": "None", "netIncomeFromContinuingOperations": "66500000", "comprehensiveIncomeNetOfTax": "None", "ebit": "111800000", "ebitda": "141800000", "netIncome": "66500000"}, {"fiscalDateEnding": "2020-01-31", "reportedCurrency": "USD", "grossProfit": "816100000", "totalRevenue": "899300000", "costOfRevenue": "83200000", "costofGoodsAndServicesSold": "83200000", "operatingIncome": "133800000", "sellingGeneralAndAdministrative": "106000000", "researchAndDevelopment": "217100000", "operatingExpenses": "682300000", "investmentIncomeNet": "None", "netInterestIncome": "-11700000", "interestIncome": "10300000", "interestExpense": "11700000", "nonInterestIncome": "None", "otherNonOperatingIncome": "None", "depreciation": "None", "depreciationAndAmortization": "30900000", "incomeBeforeTax": "123300000", "incomeTaxExpense": "-8500000", "interestAndDebtExpense": "None", "netIncomeFromContinuingOperations": "131800000", "comprehensiveIncomeNetOfTax": "None", "ebit": "135000000", "ebitda": "165900000", "netIncome": "131800000"}, {"fiscalDateEnding": "2019-10-31", "reportedCurrency": "USD", "grossProfit": "763200000", "totalRevenue": "842700000", "costOfRevenue": "79500000", "costofGoodsAndServicesSold": "79500000", "operatingIncome": "110600000", "sellingGeneralAndAdministrative": "99100000", "researchAndDevelopment": "213000000", "operatingExpenses": "652500000", "investmentIncomeNet": "None", "netInterestIncome": "-13900000", "interestIncome": "14900000", "interestExpense": "13900000", "nonInterestIncome": "None", "otherNonOperatingIncome": "None", "depreciation": "None", "depreciationAndAmortization": "31600000", "incomeBeforeTax": "96400000", "incomeTaxExpense": "29700000", "interestAndDebtExpense": "None", "netIncomeFromContinuingOperations": "66700000", "comprehensiveIncomeNetOfTax": "None", "ebit": "113300000", "ebitda": "144900000", "netIncome": "66700000"}, {"fiscalDateEnding": "2019-07-31", "reportedCurrency": "USD", "grossProfit": "717300000", "totalRevenue": "796800000", "costOfRevenue": "79500000", "costofGoodsAndServicesSold": "79500000", "operatingIncome": "73800000", "sellingGeneralAndAdministrative": "101400000", "researchAndDevelopment": "215400000", "operatingExpenses": "643300000", "investmentIncomeNet": "None", "netInterestIncome": "-15400000", "interestIncome": "10900000", "interestExpense": "15400000", "nonInterestIncome": "None", "otherNonOperatingIncome": "None", "depreciation": "None", "depreciationAndAmortization": "32100000", "incomeBeforeTax": "66500000", "incomeTaxExpense": "26300000", "interestAndDebtExpense": "None", "netIncomeFromContinuingOperations": "40200000", "comprehensiveIncomeNetOfTax": "None", "ebit": "77000000", "ebitda": "109100000", "netIncome": "40200000"}, {"fiscalDateEnding": "2019-04-30", "reportedCurrency": "USD", "grossProfit": "652800000", "totalRevenue": "735500000", "costOfRevenue": "82700000", "costofGoodsAndServicesSold": "82700000", "operatingIncome": "24800000", "sellingGeneralAndAdministrative": "99100000", "researchAndDevelopment": "205600000", "operatingExpenses": "627800000", "investmentIncomeNet": "None", "netInterestIncome": "-13000000", "interestIncome": "17300000", "interestExpense": "13000000", "nonInterestIncome": "None", "otherNonOperatingIncome": "None", "depreciation": "None", "depreciationAndAmortization": "32700000", "incomeBeforeTax": "8600000", "incomeTaxExpense": "32800000", "interestAndDebtExpense": "None", "netIncomeFromContinuingOperations": "-24200000", "comprehensiveIncomeNetOfTax": "None", "ebit": "29500000", "ebitda": "62200000", "netIncome": "-24200000"}, {"fiscalDateEnding": "2019-01-31", "reportedCurrency": "USD", "grossProfit": "660300000", "totalRevenue": "737300000", "costOfRevenue": "77000000", "costofGoodsAndServicesSold": "77000000", "operatingIncome": "40300000", "sellingGeneralAndAdministrative": "100700000", "researchAndDevelopment": "190400000", "operatingExpenses": "618100000", "investmentIncomeNet": "None", "netInterestIncome": "None", "interestIncome": "None", "interestExpense": "15500000", "nonInterestIncome": "None", "otherNonOperatingIncome": "None", "depreciation": "None", "depreciationAndAmortization": "25400000", "incomeBeforeTax": "33000000", "incomeTaxExpense": "-31700000", "interestAndDebtExpense": "None", "netIncomeFromContinuingOperations": "64700000", "comprehensiveIncomeNetOfTax": "None", "ebit": "47300000", "ebitda": "72700000", "netIncome": "64700000"}, {"fiscalDateEnding": "2018-10-31", "reportedCurrency": "USD", "grossProfit": "588600000", "totalRevenue": "660900000", "costOfRevenue": "72300000", "costofGoodsAndServicesSold": "72300000", "operatingIncome": "14700000", "sellingGeneralAndAdministrative": "87400000", "researchAndDevelopment": "181000000", "operatingExpenses": "570200000", "investmentIncomeNet": "None", "netInterestIncome": "None", "interestIncome": "None", "interestExpense": "14700000", "nonInterestIncome": "None", "otherNonOperatingIncome": "None", "depreciation": "None", "depreciationAndAmortization": "23500000", "incomeBeforeTax": "11500000", "incomeTaxExpense": "35200000", "interestAndDebtExpense": "None", "netIncomeFromContinuingOperations": "-23700000", "comprehensiveIncomeNetOfTax": "None", "ebit": "27100000", "ebitda": "50600000", "netIncome": "-23700000"}, {"fiscalDateEnding": "2018-07-31", "reportedCurrency": "USD", "grossProfit": "541900000", "totalRevenue": "611700000", "costOfRevenue": "69800000", "costofGoodsAndServicesSold": "69800000", "operatingIncome": "-24700000", "sellingGeneralAndAdministrative": "79100000", "researchAndDevelopment": "180800000", "operatingExpenses": "552800000", "investmentIncomeNet": "None", "netInterestIncome": "None", "interestIncome": "None", "interestExpense": "8700000", "nonInterestIncome": "None", "otherNonOperatingIncome": "None", "depreciation": "None", "depreciationAndAmortization": "22200000", "incomeBeforeTax": "-23400000", "incomeTaxExpense": "16000000", "interestAndDebtExpense": "None", "netIncomeFromContinuingOperations": "-39400000", "comprehensiveIncomeNetOfTax": "None", "ebit": "-14700000", "ebitda": "7500000", "netIncome": "-39400000"}, {"fiscalDateEnding": "2018-04-30", "reportedCurrency": "USD", "grossProfit": "493100000", "totalRevenue": "559900000", "costOfRevenue": "66800000", "costofGoodsAndServicesSold": "66800000", "operatingIncome": "-55300000", "sellingGeneralAndAdministrative": "72900000", "researchAndDevelopment": "172800000", "operatingExpenses": "525900000", "investmentIncomeNet": "None", "netInterestIncome": "None", "interestIncome": "None", "interestExpense": "13200000", "nonInterestIncome": "None", "otherNonOperatingIncome": "None", "depreciation": "None", "depreciationAndAmortization": "24100000", "incomeBeforeTax": "-63800000", "incomeTaxExpense": "18600000", "interestAndDebtExpense": "None", "netIncomeFromContinuingOperations": "-82400000", "comprehensiveIncomeNetOfTax": "None", "ebit": "-50800000", "ebitda": "-26700000", "netIncome": "-82400000"}, {"fiscalDateEnding": "2018-01-31", "reportedCurrency": "USD", "grossProfit": "480700000", "totalRevenue": "553800000", "costOfRevenue": "73100000", "costofGoodsAndServicesSold": "73100000", "operatingIncome": "-181900000", "sellingGeneralAndAdministrative": "80100000", "researchAndDevelopment": "182200000", "operatingExpenses": "568700000", "investmentIncomeNet": "None", "netInterestIncome": "None", "interestIncome": "None", "interestExpense": "8400000", "nonInterestIncome": "None", "otherNonOperatingIncome": "None", "depreciation": "None", "depreciationAndAmortization": "26900000", "incomeBeforeTax": "-198300000", "incomeTaxExpense": "-24800000", "interestAndDebtExpense": "None", "netIncomeFromContinuingOperations": "-173500000", "comprehensiveIncomeNetOfTax": "None", "ebit": "-189900000", "ebitda": "-163000000", "netIncome": "-173500000"}, {"fiscalDateEnding": "2017-10-31", "reportedCurrency": "USD", "grossProfit": "437800000", "totalRevenue": "515300000", "costOfRevenue": "77500000", "costofGoodsAndServicesSold": "77500000", "operatingIncome": "-100000000", "sellingGeneralAndAdministrative": "68800000", "researchAndDevelopment": "191800000", "operatingExpenses": "537800000", "investmentIncomeNet": "None", "netInterestIncome": "None", "interestIncome": "None", "interestExpense": "9200000", "nonInterestIncome": "None", "otherNonOperatingIncome": "None", "depreciation": "None", "depreciationAndAmortization": "24700000", "incomeBeforeTax": "-111200000", "incomeTaxExpense": "8600000", "interestAndDebtExpense": "None", "netIncomeFromContinuingOperations": "-119800000", "comprehensiveIncomeNetOfTax": "None", "ebit": "-102000000", "ebitda": "-77300000", "netIncome": "-119800000"}, {"fiscalDateEnding": "2017-07-31", "reportedCurrency": "USD", "grossProfit": "427200000", "totalRevenue": "501800000", "costOfRevenue": "74600000", "costofGoodsAndServicesSold": "74600000", "operatingIncome": "-107600000", "sellingGeneralAndAdministrative": "78000000", "researchAndDevelopment": "193800000", "operatingExpenses": "534300000", "investmentIncomeNet": "None", "netInterestIncome": "None", "interestIncome": "None", "interestExpense": "10000000", "nonInterestIncome": "None", "otherNonOperatingIncome": "None", "depreciation": "None", "depreciationAndAmortization": "28400000", "incomeBeforeTax": "-126400000", "incomeTaxExpense": "17600000", "interestAndDebtExpense": "None", "netIncomeFromContinuingOperations": "-144000000", "comprehensiveIncomeNetOfTax": "None", "ebit": "-122800000", "ebitda": "-94400000", "netIncome": "-144000000"}, {"fiscalDateEnding": "2017-04-30", "reportedCurrency": "USD", "grossProfit": "407500000", "totalRevenue": "485700000", "costOfRevenue": "78200000", "costofGoodsAndServicesSold": "78200000", "operatingIncome": "-119600000", "sellingGeneralAndAdministrative": "78300000", "researchAndDevelopment": "187700000", "operatingExpenses": "527400000", "investmentIncomeNet": "None", "netInterestIncome": "None", "interestIncome": "None", "interestExpense": "6900000", "nonInterestIncome": "None", "otherNonOperatingIncome": "None", "depreciation": "None", "depreciationAndAmortization": "28400000", "incomeBeforeTax": "-121400000", "incomeTaxExpense": "8200000", "interestAndDebtExpense": "None", "netIncomeFromContinuingOperations": "-129600000", "comprehensiveIncomeNetOfTax": "None", "ebit": "-113600000", "ebitda": "-85200000", "netIncome": "-129600000"}, {"fiscalDateEnding": "2017-01-31", "reportedCurrency": "USD", "grossProfit": "395900000", "totalRevenue": "478800000", "costOfRevenue": "82900000", "costofGoodsAndServicesSold": "82900000", "operatingIncome": "-167100000", "sellingGeneralAndAdministrative": "74100000", "researchAndDevelopment": "187000000", "operatingExpenses": "554000000", "investmentIncomeNet": "None", "netInterestIncome": "None", "interestIncome": "None", "interestExpense": "7200000", "nonInterestIncome": "None", "otherNonOperatingIncome": "None", "depreciation": "None", "depreciationAndAmortization": "34700000", "incomeBeforeTax": "-168200000", "incomeTaxExpense": "2300000", "interestAndDebtExpense": "None", "netIncomeFromContinuingOperations": "-168100000", "comprehensiveIncomeNetOfTax": "None", "ebit": "-154900000", "ebitda": "-120200000", "netIncome": "-170500000"}, {"fiscalDateEnding": "2016-10-31", "reportedCurrency": "USD", "grossProfit": "408100000", "totalRevenue": "489600000", "costOfRevenue": "81500000", "costofGoodsAndServicesSold": "81500000", "operatingIncome": "-119900000", "sellingGeneralAndAdministrative": "70400000", "researchAndDevelopment": "192600000", "operatingExpenses": "524800000", "investmentIncomeNet": "None", "netInterestIncome": "None", "interestIncome": "None", "interestExpense": "9700000", "nonInterestIncome": "None", "otherNonOperatingIncome": "None", "depreciation": "None", "depreciationAndAmortization": "34100000", "incomeBeforeTax": "-129300000", "incomeTaxExpense": "13500000", "interestAndDebtExpense": "None", "netIncomeFromContinuingOperations": "-142800000", "comprehensiveIncomeNetOfTax": "None", "ebit": "-119600000", "ebitda": "-85500000", "netIncome": "-142800000"}, {"fiscalDateEnding": "2016-07-31", "reportedCurrency": "USD", "grossProfit": "465600000", "totalRevenue": "550700000", "costOfRevenue": "85100000", "costofGoodsAndServicesSold": "85100000", "operatingIncome": "-62900000", "sellingGeneralAndAdministrative": "68600000", "researchAndDevelopment": "193000000", "operatingExpenses": "512500000", "investmentIncomeNet": "None", "netInterestIncome": "None", "interestIncome": "None", "interestExpense": "6200000", "nonInterestIncome": "None", "otherNonOperatingIncome": "None", "depreciation": "None", "depreciationAndAmortization": "33000000", "incomeBeforeTax": "-73000000", "incomeTaxExpense": "25200000", "interestAndDebtExpense": "None", "netIncomeFromContinuingOperations": "-98200000", "comprehensiveIncomeNetOfTax": "None", "ebit": "-66800000", "ebitda": "-33800000", "netIncome": "-98200000"}, {"fiscalDateEnding": "2016-04-30", "reportedCurrency": "USD", "grossProfit": "419400000", "totalRevenue": "511900000", "costOfRevenue": "92500000", "costofGoodsAndServicesSold": "92500000", "operatingIncome": "-155000000", "sellingGeneralAndAdministrative": "75800000", "researchAndDevelopment": "195500000", "operatingExpenses": "522100000", "investmentIncomeNet": "None", "netInterestIncome": "None", "interestIncome": "None", "interestExpense": "6500000", "nonInterestIncome": "None", "otherNonOperatingIncome": "None", "depreciation": "None", "depreciationAndAmortization": "37400000", "incomeBeforeTax": "-158600000", "incomeTaxExpense": "14400000", "interestAndDebtExpense": "None", "netIncomeFromContinuingOperations": "-173000000", "comprehensiveIncomeNetOfTax": "None", "ebit": "-146800000", "ebitda": "-109400000", "netIncome": "-173000000"}, {"fiscalDateEnding": "2016-01-31", "reportedCurrency": "USD", "grossProfit": "553400000", "totalRevenue": "648300000", "costOfRevenue": "94900000", "costofGoodsAndServicesSold": "94900000", "operatingIncome": "-9700000", "sellingGeneralAndAdministrative": "73200000", "researchAndDevelopment": "204500000", "operatingExpenses": "563100000", "investmentIncomeNet": "None", "netInterestIncome": "None", "interestIncome": "None", "interestExpense": "12900000", "nonInterestIncome": "None", "otherNonOperatingIncome": "None", "depreciation": "None", "depreciationAndAmortization": "36100000", "incomeBeforeTax": "-20500000", "incomeTaxExpense": "12200000", "interestAndDebtExpense": "None", "netIncomeFromContinuingOperations": "-70300000", "comprehensiveIncomeNetOfTax": "None", "ebit": "-7600000", "ebitda": "28500000", "netIncome": "-32700000"}, {"fiscalDateEnding": "2015-10-31", "reportedCurrency": "USD", "grossProfit": "508800000", "totalRevenue": "599800000", "costOfRevenue": "91000000", "costofGoodsAndServicesSold": "91000000", "operatingIncome": "-14800000", "sellingGeneralAndAdministrative": "74200000", "researchAndDevelopment": "197900000", "operatingExpenses": "523600000", "investmentIncomeNet": "None", "netInterestIncome": "None", "interestIncome": "None", "interestExpense": "11000000", "nonInterestIncome": "None", "otherNonOperatingIncome": "None", "depreciation": "None", "depreciationAndAmortization": "35700000", "incomeBeforeTax": "-22500000", "incomeTaxExpense": "21300000", "interestAndDebtExpense": "None", "netIncomeFromContinuingOperations": "-43800000", "comprehensiveIncomeNetOfTax": "None", "ebit": "-11500000", "ebitda": "24200000", "netIncome": "-43800000"}, {"fiscalDateEnding": "2015-07-31", "reportedCurrency": "USD", "grossProfit": "516500000", "totalRevenue": "609500000", "costOfRevenue": "93000000", "costofGoodsAndServicesSold": "93000000", "operatingIncome": "4300000", "sellingGeneralAndAdministrative": "70100000", "researchAndDevelopment": "193100000", "operatingExpenses": "512200000", "investmentIncomeNet": "None", "netInterestIncome": "None", "interestIncome": "None", "interestExpense": "8000000", "nonInterestIncome": "None", "otherNonOperatingIncome": "None", "depreciation": "None", "depreciationAndAmortization": "36200000", "incomeBeforeTax": "900000", "incomeTaxExpense": "236400000", "interestAndDebtExpense": "None", "netIncomeFromContinuingOperations": "-235500000", "comprehensiveIncomeNetOfTax": "None", "ebit": "4300000", "ebitda": "40500000", "netIncome": "-235500000"}, {"fiscalDateEnding": "2015-04-30", "reportedCurrency": "USD", "grossProfit": "554700000", "totalRevenue": "646500000", "costOfRevenue": "91800000", "costofGoodsAndServicesSold": "91800000", "operatingIncome": "21500000", "sellingGeneralAndAdministrative": "75900000", "researchAndDevelopment": "194500000", "operatingExpenses": "533200000", "investmentIncomeNet": "None", "netInterestIncome": "None", "interestIncome": "None", "interestExpense": "2000000", "nonInterestIncome": "None", "otherNonOperatingIncome": "None", "depreciation": "None", "depreciationAndAmortization": "37800000", "incomeBeforeTax": "21800000", "incomeTaxExpense": "2700000", "interestAndDebtExpense": "None", "netIncomeFromContinuingOperations": "19100000", "comprehensiveIncomeNetOfTax": "None", "ebit": "21500000", "ebitda": "59300000", "netIncome": "19100000"}, {"fiscalDateEnding": "2015-01-31", "reportedCurrency": "USD", "grossProfit": "575100000", "totalRevenue": "664600000", "costOfRevenue": "89500000", "costofGoodsAndServicesSold": "89500000", "operatingIncome": "14000000", "sellingGeneralAndAdministrative": "70400000", "researchAndDevelopment": "191500000", "operatingExpenses": "561100000", "investmentIncomeNet": "None", "netInterestIncome": "None", "interestIncome": "None", "interestExpense": "4700000", "nonInterestIncome": "None", "otherNonOperatingIncome": "None", "depreciation": "None", "depreciationAndAmortization": "36000000", "incomeBeforeTax": "-7100000", "incomeTaxExpense": "-18600000", "interestAndDebtExpense": "None", "netIncomeFromContinuingOperations": "11500000", "comprehensiveIncomeNetOfTax": "None", "ebit": "14000000", "ebitda": "50000000", "netIncome": "11500000"}, {"fiscalDateEnding": "2014-10-31", "reportedCurrency": "USD", "grossProfit": "532000000", "totalRevenue": "618000000", "costOfRevenue": "86000000", "costofGoodsAndServicesSold": "86000000", "operatingIncome": "14600000", "sellingGeneralAndAdministrative": "78900000", "researchAndDevelopment": "183900000", "operatingExpenses": "517400000", "investmentIncomeNet": "None", "netInterestIncome": "None", "interestIncome": "None", "interestExpense": "2800000", "nonInterestIncome": "None", "otherNonOperatingIncome": "None", "depreciation": "None", "depreciationAndAmortization": "36600000", "incomeBeforeTax": "11600000", "incomeTaxExpense": "900000", "interestAndDebtExpense": "None", "netIncomeFromContinuingOperations": "10700000", "comprehensiveIncomeNetOfTax": "None", "ebit": "14600000", "ebitda": "51200000", "netIncome": "10700000"}, {"fiscalDateEnding": "2014-07-31", "reportedCurrency": "USD", "grossProfit": "549200000", "totalRevenue": "637100000", "costOfRevenue": "87900000", "costofGoodsAndServicesSold": "87900000", "operatingIncome": "49900000", "sellingGeneralAndAdministrative": "71500000", "researchAndDevelopment": "179300000", "operatingExpenses": "498500000", "investmentIncomeNet": "None", "netInterestIncome": "None", "interestIncome": "None", "interestExpense": "3300000", "nonInterestIncome": "None", "otherNonOperatingIncome": "None", "depreciation": "None", "depreciationAndAmortization": "37200000", "incomeBeforeTax": "42900000", "incomeTaxExpense": "11600000", "interestAndDebtExpense": "None", "netIncomeFromContinuingOperations": "31300000", "comprehensiveIncomeNetOfTax": "None", "ebit": "50700000", "ebitda": "87900000", "netIncome": "31300000"}, {"fiscalDateEnding": "2014-04-30", "reportedCurrency": "USD", "grossProfit": "513800000", "totalRevenue": "592500000", "costOfRevenue": "78700000", "costofGoodsAndServicesSold": "78700000", "operatingIncome": "42200000", "sellingGeneralAndAdministrative": "73400000", "researchAndDevelopment": "170500000", "operatingExpenses": "469300000", "investmentIncomeNet": "None", "netInterestIncome": "None", "interestIncome": "None", "interestExpense": "2400000", "nonInterestIncome": "None", "otherNonOperatingIncome": "None", "depreciation": "None", "depreciationAndAmortization": "36100000", "incomeBeforeTax": "35600000", "incomeTaxExpense": "7300000", "interestAndDebtExpense": "None", "netIncomeFromContinuingOperations": "28300000", "comprehensiveIncomeNetOfTax": "None", "ebit": "44500000", "ebitda": "80600000", "netIncome": "28300000"}, {"fiscalDateEnding": "2014-01-31", "reportedCurrency": "USD", "grossProfit": "514700000", "totalRevenue": "586600000", "costOfRevenue": "71900000", "costofGoodsAndServicesSold": "71900000", "operatingIncome": "51700000", "sellingGeneralAndAdministrative": "62000000", "researchAndDevelopment": "162400000", "operatingExpenses": "456700000", "investmentIncomeNet": "None", "netInterestIncome": "None", "interestIncome": "None", "interestExpense": "3000000", "nonInterestIncome": "None", "otherNonOperatingIncome": "None", "depreciation": "None", "depreciationAndAmortization": "33200000", "incomeBeforeTax": "56300000", "incomeTaxExpense": "2400000", "interestAndDebtExpense": "None", "netIncomeFromContinuingOperations": "53900000", "comprehensiveIncomeNetOfTax": "None", "ebit": "58000000", "ebitda": "91200000", "netIncome": "53900000"}, {"fiscalDateEnding": "2013-10-31", "reportedCurrency": "USD", "grossProfit": "488100000", "totalRevenue": "555200000", "costOfRevenue": "67100000", "costofGoodsAndServicesSold": "67100000", "operatingIncome": "68100000", "sellingGeneralAndAdministrative": "63200000", "researchAndDevelopment": "149000000", "operatingExpenses": "415600000", "investmentIncomeNet": "None", "netInterestIncome": "None", "interestIncome": "None", "interestExpense": "1800000", "nonInterestIncome": "None", "otherNonOperatingIncome": "None", "depreciation": "None", "depreciationAndAmortization": "30600000", "incomeBeforeTax": "69200000", "incomeTaxExpense": "11600000", "interestAndDebtExpense": "None", "netIncomeFromContinuingOperations": "57600000", "comprehensiveIncomeNetOfTax": "None", "ebit": "72500000", "ebitda": "103100000", "netIncome": "57600000"}, {"fiscalDateEnding": "2013-07-31", "reportedCurrency": "USD", "grossProfit": "493900000", "totalRevenue": "561700000", "costOfRevenue": "67800000", "costofGoodsAndServicesSold": "67800000", "operatingIncome": "83600000", "sellingGeneralAndAdministrative": "61600000", "researchAndDevelopment": "148900000", "operatingExpenses": "408600000", "investmentIncomeNet": "None", "netInterestIncome": "None", "interestIncome": "None", "interestExpense": "1900000", "nonInterestIncome": "None", "otherNonOperatingIncome": "None", "depreciation": "None", "depreciationAndAmortization": "32000000", "incomeBeforeTax": "81800000", "incomeTaxExpense": "20100000", "interestAndDebtExpense": "None", "netIncomeFromContinuingOperations": "61700000", "comprehensiveIncomeNetOfTax": "None", "ebit": "83700000", "ebitda": "115700000", "netIncome": "61700000"}, {"fiscalDateEnding": "2013-04-30", "reportedCurrency": "USD", "grossProfit": "502900000", "totalRevenue": "570400000", "costOfRevenue": "67500000", "costofGoodsAndServicesSold": "67500000", "operatingIncome": "-81400000", "sellingGeneralAndAdministrative": "61500000", "researchAndDevelopment": "150800000", "operatingExpenses": "421100000", "investmentIncomeNet": "None", "netInterestIncome": "None", "interestIncome": "None", "interestExpense": "3100000", "nonInterestIncome": "None", "otherNonOperatingIncome": "None", "depreciation": "None", "depreciationAndAmortization": "33100000", "incomeBeforeTax": "72600000", "incomeTaxExpense": "17000000", "interestAndDebtExpense": "None", "netIncomeFromContinuingOperations": "55600000", "comprehensiveIncomeNetOfTax": "None", "ebit": "75700000", "ebitda": "108800000", "netIncome": "55600000"}, {"fiscalDateEnding": "2013-01-31", "reportedCurrency": "USD", "grossProfit": "544900000", "totalRevenue": "606900000", "costOfRevenue": "62000000", "costofGoodsAndServicesSold": "62000000", "operatingIncome": "84600000", "sellingGeneralAndAdministrative": "67700000", "researchAndDevelopment": "149400000", "operatingExpenses": "453100000", "investmentIncomeNet": "None", "netInterestIncome": "None", "interestIncome": "None", "interestExpense": "900000", "nonInterestIncome": "None", "otherNonOperatingIncome": "None", "depreciation": "None", "depreciationAndAmortization": "34700000", "incomeBeforeTax": "86100000", "incomeTaxExpense": "11600000", "interestAndDebtExpense": "None", "netIncomeFromContinuingOperations": "74500000", "comprehensiveIncomeNetOfTax": "None", "ebit": "91800000", "ebitda": "126500000", "netIncome": "74500000"}, {"fiscalDateEnding": "2012-10-31", "reportedCurrency": "USD", "grossProfit": "490000000", "totalRevenue": "548000000", "costOfRevenue": "58000000", "costofGoodsAndServicesSold": "58000000", "operatingIncome": "34300000", "sellingGeneralAndAdministrative": "62300000", "researchAndDevelopment": "153600000", "operatingExpenses": "420500000", "investmentIncomeNet": "None", "netInterestIncome": "None", "interestIncome": "None", "interestExpense": "100000", "nonInterestIncome": "None", "otherNonOperatingIncome": "None", "depreciation": "None", "depreciationAndAmortization": "35000000", "incomeBeforeTax": "34200000", "incomeTaxExpense": "4900000", "interestAndDebtExpense": "None", "netIncomeFromContinuingOperations": "29400000", "comprehensiveIncomeNetOfTax": "None", "ebit": "71100000", "ebitda": "106100000", "netIncome": "29300000"}, {"fiscalDateEnding": "2012-07-31", "reportedCurrency": "USD", "grossProfit": "508900000", "totalRevenue": "568700000", "costOfRevenue": "59800000", "costofGoodsAndServicesSold": "59800000", "operatingIncome": "92900000", "sellingGeneralAndAdministrative": "58700000", "researchAndDevelopment": "144900000", "operatingExpenses": "416000000", "investmentIncomeNet": "None", "netInterestIncome": "None", "interestIncome": "None", "interestExpense": "800000", "nonInterestIncome": "None", "otherNonOperatingIncome": "None", "depreciation": "None", "depreciationAndAmortization": "28900000", "incomeBeforeTax": "92100000", "incomeTaxExpense": "27500000", "interestAndDebtExpense": "None", "netIncomeFromContinuingOperations": "64600000", "comprehensiveIncomeNetOfTax": "None", "ebit": "64000000", "ebitda": "92900000", "netIncome": "64600000"}, {"fiscalDateEnding": "2012-04-30", "reportedCurrency": "USD", "grossProfit": "529800000", "totalRevenue": "588600000", "costOfRevenue": "58800000", "costofGoodsAndServicesSold": "58800000", "operatingIncome": "94000000", "sellingGeneralAndAdministrative": "59900000", "researchAndDevelopment": "152700000", "operatingExpenses": "435800000", "investmentIncomeNet": "None", "netInterestIncome": "None", "interestIncome": "None", "interestExpense": "1100000", "nonInterestIncome": "None", "otherNonOperatingIncome": "None", "depreciation": "None", "depreciationAndAmortization": "29200000", "incomeBeforeTax": "97500000", "incomeTaxExpense": "18600000", "interestAndDebtExpense": "None", "netIncomeFromContinuingOperations": "78900000", "comprehensiveIncomeNetOfTax": "None", "ebit": "64800000", "ebitda": "94000000", "netIncome": "78900000"}, {"fiscalDateEnding": "2012-01-31", "reportedCurrency": "USD", "grossProfit": "534900000", "totalRevenue": "592400000", "costOfRevenue": "57500000", "costofGoodsAndServicesSold": "57500000", "operatingIncome": "91800000", "sellingGeneralAndAdministrative": "60100000", "researchAndDevelopment": "149500000", "operatingExpenses": "443100000", "investmentIncomeNet": "None", "netInterestIncome": "None", "interestIncome": "None", "interestExpense": "6200000", "nonInterestIncome": "None", "otherNonOperatingIncome": "None", "depreciation": "None", "depreciationAndAmortization": "30300000", "incomeBeforeTax": "92900000", "incomeTaxExpense": "20900000", "interestAndDebtExpense": "None", "netIncomeFromContinuingOperations": "72000000", "comprehensiveIncomeNetOfTax": "None", "ebit": "91800000", "ebitda": "122100000", "netIncome": "72000000"}, {"fiscalDateEnding": "2011-10-31", "reportedCurrency": "USD", "grossProfit": "489000000", "totalRevenue": "548600000", "costOfRevenue": "59600000", "costofGoodsAndServicesSold": "59600000", "operatingIncome": "90200000", "sellingGeneralAndAdministrative": "51400000", "researchAndDevelopment": "141200000", "operatingExpenses": "398800000", "investmentIncomeNet": "None", "netInterestIncome": "None", "interestIncome": "None", "interestExpense": "1100000", "nonInterestIncome": "None", "otherNonOperatingIncome": "None", "depreciation": "None", "depreciationAndAmortization": "31000000", "incomeBeforeTax": "91300000", "incomeTaxExpense": "18500000", "interestAndDebtExpense": "None", "netIncomeFromContinuingOperations": "72800000", "comprehensiveIncomeNetOfTax": "None", "ebit": "59200000", "ebitda": "90200000", "netIncome": "72800000"}, {"fiscalDateEnding": "2011-07-31", "reportedCurrency": "USD", "grossProfit": "488900000", "totalRevenue": "546300000", "costOfRevenue": "57400000", "costofGoodsAndServicesSold": "57400000", "operatingIncome": "95000000", "sellingGeneralAndAdministrative": "55000000", "researchAndDevelopment": "139200000", "operatingExpenses": "395200000", "investmentIncomeNet": "None", "netInterestIncome": "None", "interestIncome": "None", "interestExpense": "800000", "nonInterestIncome": "None", "otherNonOperatingIncome": "None", "depreciation": "None", "depreciationAndAmortization": "29700000", "incomeBeforeTax": "94200000", "incomeTaxExpense": "23000000", "interestAndDebtExpense": "None", "netIncomeFromContinuingOperations": "71200000", "comprehensiveIncomeNetOfTax": "None", "ebit": "93700000", "ebitda": "123400000", "netIncome": "71200000"}, {"fiscalDateEnding": "2011-04-30", "reportedCurrency": "USD", "grossProfit": "473700000", "totalRevenue": "528300000", "costOfRevenue": "54600000", "costofGoodsAndServicesSold": "54600000", "operatingIncome": "78600000", "sellingGeneralAndAdministrative": "56600000", "researchAndDevelopment": "136600000", "operatingExpenses": "395100000", "investmentIncomeNet": "None", "netInterestIncome": "None", "interestIncome": "None", "interestExpense": "5900000", "nonInterestIncome": "None", "otherNonOperatingIncome": "None", "depreciation": "None", "depreciationAndAmortization": "24500000", "incomeBeforeTax": "84500000", "incomeTaxExpense": "15200000", "interestAndDebtExpense": "None", "netIncomeFromContinuingOperations": "69300000", "comprehensiveIncomeNetOfTax": "None", "ebit": "54100000", "ebitda": "78600000", "netIncome": "69300000"}, {"fiscalDateEnding": "2011-01-31", "reportedCurrency": "USD", "grossProfit": "479300000", "totalRevenue": "527700000", "costOfRevenue": "48400000", "costofGoodsAndServicesSold": "48400000", "operatingIncome": "71600000", "sellingGeneralAndAdministrative": "52100000", "researchAndDevelopment": "126900000", "operatingExpenses": "405900000", "investmentIncomeNet": "None", "netInterestIncome": "None", "interestIncome": "None", "interestExpense": "800000", "nonInterestIncome": "None", "otherNonOperatingIncome": "None", "depreciation": "None", "depreciationAndAmortization": "25800000", "incomeBeforeTax": "73000000", "incomeTaxExpense": "11400000", "interestAndDebtExpense": "None", "netIncomeFromContinuingOperations": "61600000", "comprehensiveIncomeNetOfTax": "None", "ebit": "73400000", "ebitda": "99200000", "netIncome": "61600000"}, {"fiscalDateEnding": "2010-10-31", "reportedCurrency": "USD", "grossProfit": "428200000", "totalRevenue": "476700000", "costOfRevenue": "48500000", "costofGoodsAndServicesSold": "48500000", "operatingIncome": "69200000", "sellingGeneralAndAdministrative": "51100000", "researchAndDevelopment": "122800000", "operatingExpenses": "359000000", "investmentIncomeNet": "None", "netInterestIncome": "None", "interestIncome": "None", "interestExpense": "2500000", "nonInterestIncome": "None", "otherNonOperatingIncome": "None", "depreciation": "None", "depreciationAndAmortization": "26600000", "incomeBeforeTax": "71700000", "incomeTaxExpense": "18100000", "interestAndDebtExpense": "None", "netIncomeFromContinuingOperations": "53600000", "comprehensiveIncomeNetOfTax": "None", "ebit": "42600000", "ebitda": "69200000", "netIncome": "53600000"}, {"fiscalDateEnding": "2010-07-31", "reportedCurrency": "USD", "grossProfit": "424400000", "totalRevenue": "472800000", "costOfRevenue": "48400000", "costofGoodsAndServicesSold": "48400000", "operatingIncome": "79800000", "sellingGeneralAndAdministrative": "45900000", "researchAndDevelopment": "119300000", "operatingExpenses": "342700000", "investmentIncomeNet": "None", "netInterestIncome": "None", "interestIncome": "None", "interestExpense": "100000", "nonInterestIncome": "None", "otherNonOperatingIncome": "None", "depreciation": "None", "depreciationAndAmortization": "26300000", "incomeBeforeTax": "79900000", "incomeTaxExpense": "20000000", "interestAndDebtExpense": "None", "netIncomeFromContinuingOperations": "59900000", "comprehensiveIncomeNetOfTax": "None", "ebit": "81700000", "ebitda": "108000000", "netIncome": "59900000"}, {"fiscalDateEnding": "2010-04-30", "reportedCurrency": "USD", "grossProfit": "423300000", "totalRevenue": "474600000", "costOfRevenue": "51300000", "costofGoodsAndServicesSold": "51300000", "operatingIncome": "50800000", "sellingGeneralAndAdministrative": "51700000", "researchAndDevelopment": "127200000", "operatingExpenses": "365400000", "investmentIncomeNet": "None", "netInterestIncome": "None", "interestIncome": "None", "interestExpense": "3400000", "nonInterestIncome": "None", "otherNonOperatingIncome": "None", "depreciation": "None", "depreciationAndAmortization": "26700000", "incomeBeforeTax": "47400000", "incomeTaxExpense": "10500000", "interestAndDebtExpense": "None", "netIncomeFromContinuingOperations": "36900000", "comprehensiveIncomeNetOfTax": "None", "ebit": "57900000", "ebitda": "84600000", "netIncome": "36900000"}, {"fiscalDateEnding": "2010-01-31", "reportedCurrency": "USD", "grossProfit": "411700000", "totalRevenue": "456100000", "costOfRevenue": "44400000", "costofGoodsAndServicesSold": "44400000", "operatingIncome": "56100000", "sellingGeneralAndAdministrative": "47100000", "researchAndDevelopment": "116800000", "operatingExpenses": "355200000", "investmentIncomeNet": "None", "netInterestIncome": "None", "interestIncome": "None", "interestExpense": "13400000", "nonInterestIncome": "None", "otherNonOperatingIncome": "None", "depreciation": "None", "depreciationAndAmortization": "27100000", "incomeBeforeTax": "58700000", "incomeTaxExpense": "8600000", "interestAndDebtExpense": "None", "netIncomeFromContinuingOperations": "50100000", "comprehensiveIncomeNetOfTax": "None", "ebit": "55700000", "ebitda": "82800000", "netIncome": "50100000"}, {"fiscalDateEnding": "2009-10-31", "reportedCurrency": "USD", "grossProfit": "371900000", "totalRevenue": "416900000", "costOfRevenue": "45000000", "costofGoodsAndServicesSold": "45000000", "operatingIncome": "26300000", "sellingGeneralAndAdministrative": "51100000", "researchAndDevelopment": "109300000", "operatingExpenses": "340700000", "investmentIncomeNet": "None", "netInterestIncome": "None", "interestIncome": "None", "interestExpense": "5700000", "nonInterestIncome": "None", "otherNonOperatingIncome": "None", "depreciation": "None", "depreciationAndAmortization": "28900000", "incomeBeforeTax": "32000000", "incomeTaxExpense": "2500000", "interestAndDebtExpense": "None", "netIncomeFromContinuingOperations": "29500000", "comprehensiveIncomeNetOfTax": "None", "ebit": "31200000", "ebitda": "60100000", "netIncome": "29500000"}, {"fiscalDateEnding": "2009-07-31", "reportedCurrency": "USD", "grossProfit": "364800000", "totalRevenue": "414900000", "costOfRevenue": "50100000", "costofGoodsAndServicesSold": "50100000", "operatingIncome": "2700000", "sellingGeneralAndAdministrative": "49500000", "researchAndDevelopment": "109800000", "operatingExpenses": "335700000", "investmentIncomeNet": "None", "netInterestIncome": "None", "interestIncome": "None", "interestExpense": "10700000", "nonInterestIncome": "None", "otherNonOperatingIncome": "None", "depreciation": "None", "depreciationAndAmortization": "28500000", "incomeBeforeTax": "13400000", "incomeTaxExpense": "2900000", "interestAndDebtExpense": "None", "netIncomeFromContinuingOperations": "10500000", "comprehensiveIncomeNetOfTax": "None", "ebit": "29100000", "ebitda": "57600000", "netIncome": "10500000"}, {"fiscalDateEnding": "2009-04-30", "reportedCurrency": "USD", "grossProfit": "373500000", "totalRevenue": "425800000", "costOfRevenue": "52300000", "costofGoodsAndServicesSold": "52300000", "operatingIncome": "-19400000", "sellingGeneralAndAdministrative": "45500000", "researchAndDevelopment": "124100000", "operatingExpenses": "355400000", "investmentIncomeNet": "None", "netInterestIncome": "None", "interestIncome": "None", "interestExpense": "0", "nonInterestIncome": "None", "otherNonOperatingIncome": "None", "depreciation": "None", "depreciationAndAmortization": "27000000", "incomeBeforeTax": "-19400000", "incomeTaxExpense": "12700000", "interestAndDebtExpense": "None", "netIncomeFromContinuingOperations": "-32100000", "comprehensiveIncomeNetOfTax": "None", "ebit": "18100000", "ebitda": "45100000", "netIncome": "-32100000"}, {"fiscalDateEnding": "2009-01-31", "reportedCurrency": "USD", "grossProfit": "440700000", "totalRevenue": "489800000", "costOfRevenue": "49100000", "costofGoodsAndServicesSold": "49100000", "operatingIncome": "-133800000", "sellingGeneralAndAdministrative": "261400000", "researchAndDevelopment": "144000000", "operatingExpenses": "534300000", "investmentIncomeNet": "None", "netInterestIncome": "None", "interestIncome": "None", "interestExpense": "3400000", "nonInterestIncome": "None", "otherNonOperatingIncome": "None", "depreciation": "None", "depreciationAndAmortization": "27300000", "incomeBeforeTax": "-129700000", "incomeTaxExpense": "-30300000", "interestAndDebtExpense": "None", "netIncomeFromContinuingOperations": "0", "comprehensiveIncomeNetOfTax": "None", "ebit": "-93600000", "ebitda": "-66300000", "netIncome": "-105400000"}, {"fiscalDateEnding": "2008-10-31", "reportedCurrency": "USD", "grossProfit": "554400000", "totalRevenue": "607100000", "costOfRevenue": "52700000", "costofGoodsAndServicesSold": "52700000", "operatingIncome": "139600000", "sellingGeneralAndAdministrative": "279600000", "researchAndDevelopment": "135200000", "operatingExpenses": "414800000", "investmentIncomeNet": "None", "netInterestIncome": "None", "interestIncome": "None", "interestExpense": "3400000", "nonInterestIncome": "None", "otherNonOperatingIncome": "None", "depreciation": "None", "depreciationAndAmortization": "25400000", "incomeBeforeTax": "136200000", "incomeTaxExpense": "31700000", "interestAndDebtExpense": "None", "netIncomeFromContinuingOperations": "0", "comprehensiveIncomeNetOfTax": "None", "ebit": "114200000", "ebitda": "139600000", "netIncome": "104500000"}, {"fiscalDateEnding": "2008-07-31", "reportedCurrency": "USD", "grossProfit": "560000000", "totalRevenue": "619500000", "costOfRevenue": "59500000", "costofGoodsAndServicesSold": "59500000", "operatingIncome": "118800000", "sellingGeneralAndAdministrative": "288000000", "researchAndDevelopment": "153200000", "operatingExpenses": "441200000", "investmentIncomeNet": "None", "netInterestIncome": "None", "interestIncome": "None", "interestExpense": "0", "nonInterestIncome": "None", "otherNonOperatingIncome": "None", "depreciation": "None", "depreciationAndAmortization": "22200000", "incomeBeforeTax": "125100000", "incomeTaxExpense": "35300000", "interestAndDebtExpense": "None", "netIncomeFromContinuingOperations": "0", "comprehensiveIncomeNetOfTax": "None", "ebit": "96600000", "ebitda": "118800000", "netIncome": "89800000"}, {"fiscalDateEnding": "2008-04-30", "reportedCurrency": "USD", "grossProfit": "541000000", "totalRevenue": "598800000", "costOfRevenue": "57800000", "costofGoodsAndServicesSold": "57800000", "operatingIncome": "119900000", "sellingGeneralAndAdministrative": "277400000", "researchAndDevelopment": "143700000", "operatingExpenses": "421100000", "investmentIncomeNet": "None", "netInterestIncome": "None", "interestIncome": "None", "interestExpense": "0", "nonInterestIncome": "None", "otherNonOperatingIncome": "None", "depreciation": "None", "depreciationAndAmortization": "16900000", "incomeBeforeTax": "126800000", "incomeTaxExpense": "32200000", "interestAndDebtExpense": "None", "netIncomeFromContinuingOperations": "0", "comprehensiveIncomeNetOfTax": "None", "ebit": "103000000", "ebitda": "119900000", "netIncome": "94600000"}, {"fiscalDateEnding": "2008-01-31", "reportedCurrency": "USD", "grossProfit": "548300000", "totalRevenue": "599100000", "costOfRevenue": "50800000", "costofGoodsAndServicesSold": "50800000", "operatingIncome": "124100000", "sellingGeneralAndAdministrative": "291800000", "researchAndDevelopment": "132400000", "operatingExpenses": "424200000", "investmentIncomeNet": "None", "netInterestIncome": "None", "interestIncome": "None", "interestExpense": "0", "nonInterestIncome": "None", "otherNonOperatingIncome": "None", "depreciation": "None", "depreciationAndAmortization": "17200000", "incomeBeforeTax": "130900000", "incomeTaxExpense": "34400000", "interestAndDebtExpense": "None", "netIncomeFromContinuingOperations": "0", "comprehensiveIncomeNetOfTax": "None", "ebit": "124100000", "ebitda": "141300000", "netIncome": "96500000"}, {"fiscalDateEnding": "2007-10-31", "reportedCurrency": "USD", "grossProfit": "486800000", "totalRevenue": "538400000", "costOfRevenue": "51600000", "costofGoodsAndServicesSold": "51600000", "operatingIncome": "105600000", "sellingGeneralAndAdministrative": "258000000", "researchAndDevelopment": "123200000", "operatingExpenses": "381200000", "investmentIncomeNet": "None", "netInterestIncome": "None", "interestIncome": "None", "interestExpense": "0", "nonInterestIncome": "None", "otherNonOperatingIncome": "None", "depreciation": "None", "depreciationAndAmortization": "15500000", "incomeBeforeTax": "110000000", "incomeTaxExpense": "25200000", "interestAndDebtExpense": "None", "netIncomeFromContinuingOperations": "0", "comprehensiveIncomeNetOfTax": "None", "ebit": "90100000", "ebitda": "105600000", "netIncome": "84800000"}, {"fiscalDateEnding": "2007-07-31", "reportedCurrency": "USD", "grossProfit": "474000000", "totalRevenue": "525900000", "costOfRevenue": "51900000", "costofGoodsAndServicesSold": "51900000", "operatingIncome": "114500000", "sellingGeneralAndAdministrative": "244600000", "researchAndDevelopment": "114900000", "operatingExpenses": "359500000", "investmentIncomeNet": "None", "netInterestIncome": "None", "interestIncome": "None", "interestExpense": "0", "nonInterestIncome": "None", "otherNonOperatingIncome": "None", "depreciation": "None", "depreciationAndAmortization": "14400000", "incomeBeforeTax": "117900000", "incomeTaxExpense": "26300000", "interestAndDebtExpense": "None", "netIncomeFromContinuingOperations": "0", "comprehensiveIncomeNetOfTax": "None", "ebit": "100100000", "ebitda": "114500000", "netIncome": "91600000"}, {"fiscalDateEnding": "2007-04-30", "reportedCurrency": "USD", "grossProfit": "455900000", "totalRevenue": "508600000", "costOfRevenue": "52700000", "costofGoodsAndServicesSold": "52700000", "operatingIncome": "101400000", "sellingGeneralAndAdministrative": "239800000", "researchAndDevelopment": "114700000", "operatingExpenses": "354500000", "investmentIncomeNet": "None", "netInterestIncome": "None", "interestIncome": "None", "interestExpense": "0", "nonInterestIncome": "None", "otherNonOperatingIncome": "None", "depreciation": "None", "depreciationAndAmortization": "14200000", "incomeBeforeTax": "111200000", "incomeTaxExpense": "27900000", "interestAndDebtExpense": "None", "netIncomeFromContinuingOperations": "0", "comprehensiveIncomeNetOfTax": "None", "ebit": "87200000", "ebitda": "101400000", "netIncome": "83300000"}, {"fiscalDateEnding": "2007-01-31", "reportedCurrency": "USD", "grossProfit": "442800000", "totalRevenue": "497400000", "costOfRevenue": "54600000", "costofGoodsAndServicesSold": "54600000", "operatingIncome": "119700000", "sellingGeneralAndAdministrative": "223100000", "researchAndDevelopment": "100000000", "operatingExpenses": "323100000", "investmentIncomeNet": "None", "netInterestIncome": "None", "interestIncome": "None", "interestExpense": "1400000", "nonInterestIncome": "None", "otherNonOperatingIncome": "None", "depreciation": "None", "depreciationAndAmortization": "14300000", "incomeBeforeTax": "124200000", "incomeTaxExpense": "27800000", "interestAndDebtExpense": "None", "netIncomeFromContinuingOperations": "0", "comprehensiveIncomeNetOfTax": "None", "ebit": "119700000", "ebitda": "134000000", "netIncome": "96400000"}, {"fiscalDateEnding": "2006-10-31", "reportedCurrency": "USD", "grossProfit": "400500000", "totalRevenue": "456800000", "costOfRevenue": "56300000", "costofGoodsAndServicesSold": "56300000", "operatingIncome": "68600000", "sellingGeneralAndAdministrative": "223000000", "researchAndDevelopment": "108900000", "operatingExpenses": "331900000", "investmentIncomeNet": "None", "netInterestIncome": "None", "interestIncome": "None", "interestExpense": "700000", "nonInterestIncome": "None", "otherNonOperatingIncome": "None", "depreciation": "None", "depreciationAndAmortization": "13200000", "incomeBeforeTax": "74600000", "incomeTaxExpense": "16600000", "interestAndDebtExpense": "None", "netIncomeFromContinuingOperations": "0", "comprehensiveIncomeNetOfTax": "None", "ebit": "68600000", "ebitda": "81800000", "netIncome": "58000000"}, {"fiscalDateEnding": "2006-07-31", "reportedCurrency": "USD", "grossProfit": "393800000", "totalRevenue": "449600000", "costOfRevenue": "55800000", "costofGoodsAndServicesSold": "55800000", "operatingIncome": "102100000", "sellingGeneralAndAdministrative": "193700000", "researchAndDevelopment": "98000000", "operatingExpenses": "291700000", "investmentIncomeNet": "None", "netInterestIncome": "None", "interestIncome": "None", "interestExpense": "0", "nonInterestIncome": "None", "otherNonOperatingIncome": "None", "depreciation": "None", "depreciationAndAmortization": "13500000", "incomeBeforeTax": "104900000", "incomeTaxExpense": "18100000", "interestAndDebtExpense": "None", "netIncomeFromContinuingOperations": "0", "comprehensiveIncomeNetOfTax": "None", "ebit": "102100000", "ebitda": "115600000", "netIncome": "86800000"}, {"fiscalDateEnding": "2006-04-30", "reportedCurrency": "USD", "grossProfit": "386100000", "totalRevenue": "436000000", "costOfRevenue": "49900000", "costofGoodsAndServicesSold": "49900000", "operatingIncome": "59300000", "sellingGeneralAndAdministrative": "227400000", "researchAndDevelopment": "99400000", "operatingExpenses": "326800000", "investmentIncomeNet": "None", "netInterestIncome": "None", "interestIncome": "None", "interestExpense": "0", "nonInterestIncome": "None", "otherNonOperatingIncome": "None", "depreciation": "None", "depreciationAndAmortization": "12500000", "incomeBeforeTax": "62800000", "incomeTaxExpense": "14300000", "interestAndDebtExpense": "None", "netIncomeFromContinuingOperations": "0", "comprehensiveIncomeNetOfTax": "None", "ebit": "46800000", "ebitda": "59300000", "netIncome": "48500000"}, {"fiscalDateEnding": "2006-01-31", "reportedCurrency": "USD", "grossProfit": "376312000", "totalRevenue": "416835000", "costOfRevenue": "40523000", "costofGoodsAndServicesSold": "40523000", "operatingIncome": "97247000", "sellingGeneralAndAdministrative": "190346000", "researchAndDevelopment": "88719000", "operatingExpenses": "279065000", "investmentIncomeNet": "None", "netInterestIncome": "None", "interestIncome": "None", "interestExpense": "0", "nonInterestIncome": "None", "otherNonOperatingIncome": "None", "depreciation": "None", "depreciationAndAmortization": "9888000", "incomeBeforeTax": "101436000", "incomeTaxExpense": "18449000", "interestAndDebtExpense": "None", "netIncomeFromContinuingOperations": "0", "comprehensiveIncomeNetOfTax": "None", "ebit": "97247000", "ebitda": "107135000", "netIncome": "82987000"}, {"fiscalDateEnding": "2005-10-31", "reportedCurrency": "USD", "grossProfit": "335864000", "totalRevenue": "378262000", "costOfRevenue": "42398000", "costofGoodsAndServicesSold": "42398000", "operatingIncome": "93037000", "sellingGeneralAndAdministrative": "168793000", "researchAndDevelopment": "74034000", "operatingExpenses": "242827000", "investmentIncomeNet": "None", "netInterestIncome": "None", "interestIncome": "None", "interestExpense": "0", "nonInterestIncome": "None", "otherNonOperatingIncome": "None", "depreciation": "None", "depreciationAndAmortization": "9524000", "incomeBeforeTax": "96204000", "incomeTaxExpense": "1667000", "interestAndDebtExpense": "None", "netIncomeFromContinuingOperations": "0", "comprehensiveIncomeNetOfTax": "None", "ebit": "93037000", "ebitda": "102561000", "netIncome": "94537000"}, {"fiscalDateEnding": "2005-07-31", "reportedCurrency": "USD", "grossProfit": "328512000", "totalRevenue": "372984000", "costOfRevenue": "44472000", "costofGoodsAndServicesSold": "44472000", "operatingIncome": "88894000", "sellingGeneralAndAdministrative": "166623000", "researchAndDevelopment": "72995000", "operatingExpenses": "239618000", "investmentIncomeNet": "None", "netInterestIncome": "None", "interestIncome": "None", "interestExpense": "0", "nonInterestIncome": "None", "otherNonOperatingIncome": "None", "depreciation": "None", "depreciationAndAmortization": "11703000", "incomeBeforeTax": "91726000", "incomeTaxExpense": "16428000", "interestAndDebtExpense": "None", "netIncomeFromContinuingOperations": "0", "comprehensiveIncomeNetOfTax": "None", "ebit": "88894000", "ebitda": "100597000", "netIncome": "75298000"}, {"fiscalDateEnding": "2005-04-30", "reportedCurrency": "USD", "grossProfit": "311612000", "totalRevenue": "355119000", "costOfRevenue": "43507000", "costofGoodsAndServicesSold": "43507000", "operatingIncome": "90622000", "sellingGeneralAndAdministrative": "155138000", "researchAndDevelopment": "65852000", "operatingExpenses": "220990000", "investmentIncomeNet": "None", "netInterestIncome": "None", "interestIncome": "None", "interestExpense": "0", "nonInterestIncome": "None", "otherNonOperatingIncome": "None", "depreciation": "None", "depreciationAndAmortization": "12585000", "incomeBeforeTax": "93634000", "incomeTaxExpense": "17556000", "interestAndDebtExpense": "None", "netIncomeFromContinuingOperations": "0", "comprehensiveIncomeNetOfTax": "None", "ebit": "78037000", "ebitda": "90622000", "netIncome": "76078000"}, {"fiscalDateEnding": "2005-01-31", "reportedCurrency": "USD", "grossProfit": "312194000", "totalRevenue": "356155000", "costOfRevenue": "43961000", "costofGoodsAndServicesSold": "43961000", "operatingIncome": "78150000", "sellingGeneralAndAdministrative": "158994000", "researchAndDevelopment": "63239000", "operatingExpenses": "222233000", "investmentIncomeNet": "None", "netInterestIncome": "None", "interestIncome": "None", "interestExpense": "0", "nonInterestIncome": "None", "otherNonOperatingIncome": "None", "depreciation": "None", "depreciationAndAmortization": "13368000", "incomeBeforeTax": "82209000", "incomeTaxExpense": "16441000", "interestAndDebtExpense": "None", "netIncomeFromContinuingOperations": "0", "comprehensiveIncomeNetOfTax": "None", "ebit": "89961000", "ebitda": "103329000", "netIncome": "65768000"}]}