{"symbol": "HLT", "annualReports": [{"fiscalDateEnding": "2024-12-31", "reportedCurrency": "USD", "grossProfit": "3063000000", "totalRevenue": "11174000000", "costOfRevenue": "8111000000", "costofGoodsAndServicesSold": "8111000000", "operatingIncome": "2370000000", "sellingGeneralAndAdministrative": "415000000", "researchAndDevelopment": "None", "operatingExpenses": "693000000", "investmentIncomeNet": "None", "netInterestIncome": "-569000000", "interestIncome": "None", "interestExpense": "569000000", "nonInterestIncome": "None", "otherNonOperatingIncome": "None", "depreciation": "None", "depreciationAndAmortization": "146000000", "incomeBeforeTax": "1783000000", "incomeTaxExpense": "244000000", "interestAndDebtExpense": "None", "netIncomeFromContinuingOperations": "1539000000", "comprehensiveIncomeNetOfTax": "None", "ebit": "2352000000", "ebitda": "2498000000", "netIncome": "1535000000"}, {"fiscalDateEnding": "2023-12-31", "reportedCurrency": "USD", "grossProfit": "2930000000", "totalRevenue": "10235000000", "costOfRevenue": "7305000000", "costofGoodsAndServicesSold": "7305000000", "operatingIncome": "2225000000", "sellingGeneralAndAdministrative": "408000000", "researchAndDevelopment": "0.17", "operatingExpenses": "705000000", "investmentIncomeNet": "None", "netInterestIncome": "-460000000", "interestIncome": "None", "interestExpense": "464000000", "nonInterestIncome": "None", "otherNonOperatingIncome": "None", "depreciation": "None", "depreciationAndAmortization": "147000000", "incomeBeforeTax": "1692000000", "incomeTaxExpense": "541000000", "interestAndDebtExpense": "None", "netIncomeFromContinuingOperations": "1334000000", "comprehensiveIncomeNetOfTax": "None", "ebit": "2263000000", "ebitda": "2410000000", "netIncome": "1141000000"}, {"fiscalDateEnding": "2022-12-31", "reportedCurrency": "USD", "grossProfit": "2698000000", "totalRevenue": "8773000000", "costOfRevenue": "6075000000", "costofGoodsAndServicesSold": "6075000000", "operatingIncome": "2094000000", "sellingGeneralAndAdministrative": "382000000", "researchAndDevelopment": "0.20", "operatingExpenses": "604000000", "investmentIncomeNet": "None", "netInterestIncome": "-415000000", "interestIncome": "410000000", "interestExpense": "415000000", "nonInterestIncome": "None", "otherNonOperatingIncome": "55000000", "depreciation": "None", "depreciationAndAmortization": "6679000000", "incomeBeforeTax": "1734000000", "incomeTaxExpense": "477000000", "interestAndDebtExpense": "None", "netIncomeFromContinuingOperations": "1257000000", "comprehensiveIncomeNetOfTax": "None", "ebit": "-4406000000", "ebitda": "2273000000", "netIncome": "1255000000"}, {"fiscalDateEnding": "2021-12-31", "reportedCurrency": "USD", "grossProfit": "1655000000", "totalRevenue": "5788000000", "costOfRevenue": "4133000000", "costofGoodsAndServicesSold": "4133000000", "operatingIncome": "1010000000", "sellingGeneralAndAdministrative": "405000000", "researchAndDevelopment": "0.10", "operatingExpenses": "638000000", "investmentIncomeNet": "None", "netInterestIncome": "-397000000", "interestIncome": "404000000", "interestExpense": "397000000", "nonInterestIncome": "None", "otherNonOperatingIncome": "16000000", "depreciation": "None", "depreciationAndAmortization": "4771000000", "incomeBeforeTax": "560000000", "incomeTaxExpense": "153000000", "interestAndDebtExpense": "None", "netIncomeFromContinuingOperations": "407000000", "comprehensiveIncomeNetOfTax": "None", "ebit": "-3551000000", "ebitda": "1220000000", "netIncome": "410000000"}, {"fiscalDateEnding": "2020-12-31", "reportedCurrency": "USD", "grossProfit": "583000000", "totalRevenue": "4307000000", "costOfRevenue": "3724000000", "costofGoodsAndServicesSold": "3724000000", "operatingIncome": "-121000000", "sellingGeneralAndAdministrative": "311000000", "researchAndDevelopment": "0.21", "operatingExpenses": "702000000", "investmentIncomeNet": "None", "netInterestIncome": "-429000000", "interestIncome": "456000000", "interestExpense": "429000000", "nonInterestIncome": "None", "otherNonOperatingIncome": "-29000000", "depreciation": "None", "depreciationAndAmortization": "4426000000", "incomeBeforeTax": "-924000000", "incomeTaxExpense": "-204000000", "interestAndDebtExpense": "None", "netIncomeFromContinuingOperations": "-1128000000", "comprehensiveIncomeNetOfTax": "None", "ebit": "-4590000000", "ebitda": "-164000000", "netIncome": "-715000000"}, {"fiscalDateEnding": "2019-12-31", "reportedCurrency": "USD", "grossProfit": "2435000000", "totalRevenue": "9452000000", "costOfRevenue": "7017000000", "costofGoodsAndServicesSold": "7017000000", "operatingIncome": "1657000000", "sellingGeneralAndAdministrative": "441000000", "researchAndDevelopment": "0.13", "operatingExpenses": "859000000", "investmentIncomeNet": "None", "netInterestIncome": "-414000000", "interestIncome": "416000000", "interestExpense": "414000000", "nonInterestIncome": "None", "otherNonOperatingIncome": "81000000", "depreciation": "None", "depreciationAndAmortization": "7876000000", "incomeBeforeTax": "1244000000", "incomeTaxExpense": "358000000", "interestAndDebtExpense": "None", "netIncomeFromContinuingOperations": "886000000", "comprehensiveIncomeNetOfTax": "None", "ebit": "-5950000000", "ebitda": "1926000000", "netIncome": "881000000"}, {"fiscalDateEnding": "2018-12-31", "reportedCurrency": "USD", "grossProfit": "2251000000", "totalRevenue": "8906000000", "costOfRevenue": "6655000000", "costofGoodsAndServicesSold": "6655000000", "operatingIncome": "1432000000", "sellingGeneralAndAdministrative": "443000000", "researchAndDevelopment": "0.12", "operatingExpenses": "819000000", "investmentIncomeNet": "None", "netInterestIncome": "-371000000", "interestIncome": "382000000", "interestExpense": "371000000", "nonInterestIncome": "None", "otherNonOperatingIncome": "-11000000", "depreciation": "None", "depreciationAndAmortization": "7369000000", "incomeBeforeTax": "1078000000", "incomeTaxExpense": "309000000", "interestAndDebtExpense": "None", "netIncomeFromContinuingOperations": "769000000", "comprehensiveIncomeNetOfTax": "None", "ebit": "-5623000000", "ebitda": "1746000000", "netIncome": "764000000"}, {"fiscalDateEnding": "2017-12-31", "reportedCurrency": "USD", "grossProfit": "2209000000", "totalRevenue": "9140000000", "costOfRevenue": "6931000000", "costofGoodsAndServicesSold": "6931000000", "operatingIncome": "1372000000", "sellingGeneralAndAdministrative": "434000000", "researchAndDevelopment": "0.22", "operatingExpenses": "837000000", "investmentIncomeNet": "None", "netInterestIncome": "-408000000", "interestIncome": "348000000", "interestExpense": "408000000", "nonInterestIncome": "None", "otherNonOperatingIncome": "-34000000", "depreciation": "None", "depreciationAndAmortization": "6943000000", "incomeBeforeTax": "930000000", "incomeTaxExpense": "-334000000", "interestAndDebtExpense": "None", "netIncomeFromContinuingOperations": "1264000000", "comprehensiveIncomeNetOfTax": "None", "ebit": "-5485000000", "ebitda": "1458000000", "netIncome": "1084000000"}, {"fiscalDateEnding": "2016-12-31", "reportedCurrency": "USD", "grossProfit": "3169000000", "totalRevenue": "11663000000", "costOfRevenue": "8494000000", "costofGoodsAndServicesSold": "8494000000", "operatingIncome": "1861000000", "sellingGeneralAndAdministrative": "616000000", "researchAndDevelopment": "0.18", "operatingExpenses": "1302000000", "investmentIncomeNet": "None", "netInterestIncome": "-575000000", "interestIncome": "12000000", "interestExpense": "587000000", "nonInterestIncome": "None", "otherNonOperatingIncome": "-19000000", "depreciation": "None", "depreciationAndAmortization": "4571000000", "incomeBeforeTax": "1255000000", "incomeTaxExpense": "891000000", "interestAndDebtExpense": "None", "netIncomeFromContinuingOperations": "364000000", "comprehensiveIncomeNetOfTax": "None", "ebit": "-2024000000", "ebitda": "2547000000", "netIncome": "338000000"}, {"fiscalDateEnding": "2015-12-31", "reportedCurrency": "USD", "grossProfit": "3077000000", "totalRevenue": "11272000000", "costOfRevenue": "8195000000", "costofGoodsAndServicesSold": "8195000000", "operatingIncome": "2071000000", "sellingGeneralAndAdministrative": "611000000", "researchAndDevelopment": "0", "operatingExpenses": "1303000000", "investmentIncomeNet": "None", "netInterestIncome": "None", "interestIncome": "418000000", "interestExpense": "575000000", "nonInterestIncome": "None", "otherNonOperatingIncome": "None", "depreciation": "None", "depreciationAndAmortization": "692000000", "incomeBeforeTax": "1496000000", "incomeTaxExpense": "80000000", "interestAndDebtExpense": "None", "netIncomeFromContinuingOperations": "1416000000", "comprehensiveIncomeNetOfTax": "None", "ebit": "910000000", "ebitda": "1602000000", "netIncome": "1404000000"}, {"fiscalDateEnding": "2014-12-31", "reportedCurrency": "USD", "grossProfit": "2792000000", "totalRevenue": "10502000000", "costOfRevenue": "7710000000", "costofGoodsAndServicesSold": "7710000000", "operatingIncome": "1673000000", "sellingGeneralAndAdministrative": "491000000", "researchAndDevelopment": "0", "operatingExpenses": "1119000000", "investmentIncomeNet": "None", "netInterestIncome": "None", "interestIncome": "None", "interestExpense": "618000000", "nonInterestIncome": "None", "otherNonOperatingIncome": "92000000", "depreciation": "None", "depreciationAndAmortization": "628000000", "incomeBeforeTax": "1147000000", "incomeTaxExpense": "465000000", "interestAndDebtExpense": "None", "netIncomeFromContinuingOperations": "682000000", "comprehensiveIncomeNetOfTax": "None", "ebit": "1673000000", "ebitda": "2301000000", "netIncome": "673000000"}, {"fiscalDateEnding": "2013-12-31", "reportedCurrency": "USD", "grossProfit": "2453000000", "totalRevenue": "9735000000", "costOfRevenue": "7282000000", "costofGoodsAndServicesSold": "7282000000", "operatingIncome": "1102000000", "sellingGeneralAndAdministrative": "748000000", "researchAndDevelopment": "None", "operatingExpenses": "1351000000", "investmentIncomeNet": "None", "netInterestIncome": "None", "interestIncome": "None", "interestExpense": "620000000", "nonInterestIncome": "None", "otherNonOperatingIncome": "None", "depreciation": "None", "depreciationAndAmortization": "603000000", "incomeBeforeTax": "698000000", "incomeTaxExpense": "238000000", "interestAndDebtExpense": "None", "netIncomeFromContinuingOperations": "None", "comprehensiveIncomeNetOfTax": "None", "ebit": "1102000000", "ebitda": "1705000000", "netIncome": "415000000"}, {"fiscalDateEnding": "2012-12-31", "reportedCurrency": "USD", "grossProfit": "2164000000", "totalRevenue": "9276000000", "costOfRevenue": "7112000000", "costofGoodsAndServicesSold": "7112000000", "operatingIncome": "1100000000", "sellingGeneralAndAdministrative": "460000000", "researchAndDevelopment": "None", "operatingExpenses": "1010000000", "investmentIncomeNet": "None", "netInterestIncome": "None", "interestIncome": "None", "interestExpense": "569000000", "nonInterestIncome": "None", "otherNonOperatingIncome": "None", "depreciation": "None", "depreciationAndAmortization": "550000000", "incomeBeforeTax": "573000000", "incomeTaxExpense": "214000000", "interestAndDebtExpense": "None", "netIncomeFromContinuingOperations": "None", "comprehensiveIncomeNetOfTax": "None", "ebit": "1154000000", "ebitda": "1704000000", "netIncome": "352000000"}, {"fiscalDateEnding": "2011-12-31", "reportedCurrency": "USD", "grossProfit": "1975000000", "totalRevenue": "8783000000", "costOfRevenue": "6808000000", "costofGoodsAndServicesSold": "6808000000", "operatingIncome": "975000000", "sellingGeneralAndAdministrative": "416000000", "researchAndDevelopment": "None", "operatingExpenses": "980000000", "investmentIncomeNet": "None", "netInterestIncome": "None", "interestIncome": "None", "interestExpense": "643000000", "nonInterestIncome": "None", "otherNonOperatingIncome": "None", "depreciation": "None", "depreciationAndAmortization": "564000000", "incomeBeforeTax": "196000000", "incomeTaxExpense": "-59000000", "interestAndDebtExpense": "None", "netIncomeFromContinuingOperations": "None", "comprehensiveIncomeNetOfTax": "None", "ebit": "995000000", "ebitda": "1559000000", "netIncome": "253000000"}, {"fiscalDateEnding": "2010-12-31", "reportedCurrency": "USD", "grossProfit": "1788000000", "totalRevenue": "8068000000", "costOfRevenue": "6280000000", "costofGoodsAndServicesSold": "6280000000", "operatingIncome": "553000000", "sellingGeneralAndAdministrative": "637000000", "researchAndDevelopment": "None", "operatingExpenses": "1211000000", "investmentIncomeNet": "None", "netInterestIncome": "None", "interestIncome": "None", "interestExpense": "946000000", "nonInterestIncome": "None", "otherNonOperatingIncome": "None", "depreciation": "None", "depreciationAndAmortization": "574000000", "incomeBeforeTax": "419000000", "incomeTaxExpense": "308000000", "interestAndDebtExpense": "None", "netIncomeFromContinuingOperations": "None", "comprehensiveIncomeNetOfTax": "None", "ebit": "577000000", "ebitda": "1151000000", "netIncome": "128000000"}, {"fiscalDateEnding": "2006-12-31", "reportedCurrency": "USD", "grossProfit": "1630000000", "totalRevenue": "8110000000", "costOfRevenue": "6480000000", "costofGoodsAndServicesSold": "6480000000", "operatingIncome": "1189000000", "sellingGeneralAndAdministrative": "None", "researchAndDevelopment": "None", "operatingExpenses": "None", "investmentIncomeNet": "None", "netInterestIncome": "None", "interestIncome": "None", "interestExpense": "0", "nonInterestIncome": "None", "otherNonOperatingIncome": "None", "depreciation": "None", "depreciationAndAmortization": "None", "incomeBeforeTax": "838000000", "incomeTaxExpense": "259000000", "interestAndDebtExpense": "None", "netIncomeFromContinuingOperations": "None", "comprehensiveIncomeNetOfTax": "None", "ebit": "None", "ebitda": "None", "netIncome": "572000000"}, {"fiscalDateEnding": "2005-12-31", "reportedCurrency": "USD", "grossProfit": "1067000000", "totalRevenue": "4437000000", "costOfRevenue": "3370000000", "costofGoodsAndServicesSold": "3370000000", "operatingIncome": "768000000", "sellingGeneralAndAdministrative": "None", "researchAndDevelopment": "None", "operatingExpenses": "None", "investmentIncomeNet": "None", "netInterestIncome": "None", "interestIncome": "None", "interestExpense": "0", "nonInterestIncome": "None", "otherNonOperatingIncome": "None", "depreciation": "None", "depreciationAndAmortization": "None", "incomeBeforeTax": "638000000", "incomeTaxExpense": "166000000", "interestAndDebtExpense": "None", "netIncomeFromContinuingOperations": "None", "comprehensiveIncomeNetOfTax": "None", "ebit": "None", "ebitda": "None", "netIncome": "460000000"}, {"fiscalDateEnding": "2004-12-31", "reportedCurrency": "USD", "grossProfit": "944000000", "totalRevenue": "4146000000", "costOfRevenue": "3202000000", "costofGoodsAndServicesSold": "3202000000", "operatingIncome": "614000000", "sellingGeneralAndAdministrative": "None", "researchAndDevelopment": "None", "operatingExpenses": "None", "investmentIncomeNet": "None", "netInterestIncome": "None", "interestIncome": "None", "interestExpense": "0", "nonInterestIncome": "None", "otherNonOperatingIncome": "None", "depreciation": "None", "depreciationAndAmortization": "None", "incomeBeforeTax": "373000000", "incomeTaxExpense": "127000000", "interestAndDebtExpense": "None", "netIncomeFromContinuingOperations": "None", "comprehensiveIncomeNetOfTax": "None", "ebit": "None", "ebitda": "None", "netIncome": "238000000"}, {"fiscalDateEnding": "2003-12-31", "reportedCurrency": "USD", "grossProfit": "837000000", "totalRevenue": "3819000000", "costOfRevenue": "2982000000", "costofGoodsAndServicesSold": "2982000000", "operatingIncome": "503000000", "sellingGeneralAndAdministrative": "None", "researchAndDevelopment": "None", "operatingExpenses": "None", "investmentIncomeNet": "None", "netInterestIncome": "None", "interestIncome": "None", "interestExpense": "0", "nonInterestIncome": "None", "otherNonOperatingIncome": "None", "depreciation": "None", "depreciationAndAmortization": "None", "incomeBeforeTax": "223000000", "incomeTaxExpense": "53000000", "interestAndDebtExpense": "None", "netIncomeFromContinuingOperations": "None", "comprehensiveIncomeNetOfTax": "None", "ebit": "None", "ebitda": "None", "netIncome": "164000000"}, {"fiscalDateEnding": "2002-12-31", "reportedCurrency": "USD", "grossProfit": "968000000", "totalRevenue": "3847000000", "costOfRevenue": "2879000000", "costofGoodsAndServicesSold": "2879000000", "operatingIncome": "620000000", "sellingGeneralAndAdministrative": "None", "researchAndDevelopment": "None", "operatingExpenses": "None", "investmentIncomeNet": "None", "netInterestIncome": "None", "interestIncome": "None", "interestExpense": "0", "nonInterestIncome": "None", "otherNonOperatingIncome": "None", "depreciation": "None", "depreciationAndAmortization": "None", "incomeBeforeTax": "285000000", "incomeTaxExpense": "81000000", "interestAndDebtExpense": "None", "netIncomeFromContinuingOperations": "None", "comprehensiveIncomeNetOfTax": "None", "ebit": "None", "ebitda": "None", "netIncome": "198000000"}], "quarterlyReports": [{"fiscalDateEnding": "2024-12-31", "reportedCurrency": "USD", "grossProfit": "669000000", "totalRevenue": "2783000000", "costOfRevenue": "2114000000", "costofGoodsAndServicesSold": "2114000000", "operatingIncome": "489000000", "sellingGeneralAndAdministrative": "97000000", "researchAndDevelopment": "None", "operatingExpenses": "180000000", "investmentIncomeNet": "None", "netInterestIncome": "-157000000", "interestIncome": "None", "interestExpense": "157000000", "nonInterestIncome": "None", "otherNonOperatingIncome": "None", "depreciation": "None", "depreciationAndAmortization": "39000000", "incomeBeforeTax": "336000000", "incomeTaxExpense": "-169000000", "interestAndDebtExpense": "None", "netIncomeFromContinuingOperations": "505000000", "comprehensiveIncomeNetOfTax": "None", "ebit": "493000000", "ebitda": "532000000", "netIncome": "505000000"}, {"fiscalDateEnding": "2024-09-30", "reportedCurrency": "USD", "grossProfit": "789000000", "totalRevenue": "2867000000", "costOfRevenue": "2078000000", "costofGoodsAndServicesSold": "2078000000", "operatingIncome": "623000000", "sellingGeneralAndAdministrative": "101000000", "researchAndDevelopment": "None", "operatingExpenses": "164000000", "investmentIncomeNet": "None", "netInterestIncome": "-140000000", "interestIncome": "None", "interestExpense": "140000000", "nonInterestIncome": "None", "otherNonOperatingIncome": "None", "depreciation": "None", "depreciationAndAmortization": "37000000", "incomeBeforeTax": "491000000", "incomeTaxExpense": "147000000", "interestAndDebtExpense": "None", "netIncomeFromContinuingOperations": "344000000", "comprehensiveIncomeNetOfTax": "None", "ebit": "625000000", "ebitda": "662000000", "netIncome": "344000000"}, {"fiscalDateEnding": "2024-06-30", "reportedCurrency": "USD", "grossProfit": "875000000", "totalRevenue": "2951000000", "costOfRevenue": "2076000000", "costofGoodsAndServicesSold": "2076000000", "operatingIncome": "725000000", "sellingGeneralAndAdministrative": "113000000", "researchAndDevelopment": "None", "operatingExpenses": "184000000", "investmentIncomeNet": "None", "netInterestIncome": "-141000000", "interestIncome": "None", "interestExpense": "141000000", "nonInterestIncome": "None", "otherNonOperatingIncome": "None", "depreciation": "None", "depreciationAndAmortization": "34000000", "incomeBeforeTax": "591000000", "incomeTaxExpense": "169000000", "interestAndDebtExpense": "None", "netIncomeFromContinuingOperations": "422000000", "comprehensiveIncomeNetOfTax": "None", "ebit": "725000000", "ebitda": "759000000", "netIncome": "421000000"}, {"fiscalDateEnding": "2024-03-31", "reportedCurrency": "USD", "grossProfit": "660000000", "totalRevenue": "2573000000", "costOfRevenue": "1913000000", "costofGoodsAndServicesSold": "1913000000", "operatingIncome": "526000000", "sellingGeneralAndAdministrative": "104000000", "researchAndDevelopment": "None", "operatingExpenses": "134000000", "investmentIncomeNet": "None", "netInterestIncome": "-131000000", "interestIncome": "None", "interestExpense": "131000000", "nonInterestIncome": "None", "otherNonOperatingIncome": "None", "depreciation": "None", "depreciationAndAmortization": "36000000", "incomeBeforeTax": "365000000", "incomeTaxExpense": "97000000", "interestAndDebtExpense": "None", "netIncomeFromContinuingOperations": "268000000", "comprehensiveIncomeNetOfTax": "None", "ebit": "526000000", "ebitda": "562000000", "netIncome": "265000000"}, {"fiscalDateEnding": "2023-12-31", "reportedCurrency": "USD", "grossProfit": "613000000", "totalRevenue": "2609000000", "costOfRevenue": "1996000000", "costofGoodsAndServicesSold": "1996000000", "operatingIncome": "400000000", "sellingGeneralAndAdministrative": "110000000", "researchAndDevelopment": "None", "operatingExpenses": "175000000", "investmentIncomeNet": "None", "netInterestIncome": "-124000000", "interestIncome": "None", "interestExpense": "124000000", "nonInterestIncome": "None", "otherNonOperatingIncome": "None", "depreciation": "None", "depreciationAndAmortization": "33000000", "incomeBeforeTax": "274000000", "incomeTaxExpense": "124000000", "interestAndDebtExpense": "None", "netIncomeFromContinuingOperations": "150000000", "comprehensiveIncomeNetOfTax": "None", "ebit": "449000000", "ebitda": "482000000", "netIncome": "147000000"}, {"fiscalDateEnding": "2023-09-30", "reportedCurrency": "USD", "grossProfit": "1116000000", "totalRevenue": "2673000000", "costOfRevenue": "1557000000", "costofGoodsAndServicesSold": "1557000000", "operatingIncome": "653000000", "sellingGeneralAndAdministrative": "96000000", "researchAndDevelopment": "None", "operatingExpenses": "96000000", "investmentIncomeNet": "None", "netInterestIncome": "-113000000", "interestIncome": "120000000", "interestExpense": "113000000", "nonInterestIncome": "None", "otherNonOperatingIncome": "None", "depreciation": "None", "depreciationAndAmortization": "40000000", "incomeBeforeTax": "548000000", "incomeTaxExpense": "-169000000", "interestAndDebtExpense": "None", "netIncomeFromContinuingOperations": "379000000", "comprehensiveIncomeNetOfTax": "None", "ebit": "650000000", "ebitda": "690000000", "netIncome": "377000000"}, {"fiscalDateEnding": "2023-06-30", "reportedCurrency": "USD", "grossProfit": "855000000", "totalRevenue": "2660000000", "costOfRevenue": "1805000000", "costofGoodsAndServicesSold": "1805000000", "operatingIncome": "674000000", "sellingGeneralAndAdministrative": "111000000", "researchAndDevelopment": "None", "operatingExpenses": "181000000", "investmentIncomeNet": "None", "netInterestIncome": "-111000000", "interestIncome": "117000000", "interestExpense": "111000000", "nonInterestIncome": "None", "otherNonOperatingIncome": "5000000", "depreciation": "None", "depreciationAndAmortization": "37000000", "incomeBeforeTax": "568000000", "incomeTaxExpense": "155000000", "interestAndDebtExpense": "None", "netIncomeFromContinuingOperations": "413000000", "comprehensiveIncomeNetOfTax": "None", "ebit": "672000000", "ebitda": "709000000", "netIncome": "411000000"}, {"fiscalDateEnding": "2023-03-31", "reportedCurrency": "USD", "grossProfit": "647000000", "totalRevenue": "2293000000", "costOfRevenue": "1646000000", "costofGoodsAndServicesSold": "1646000000", "operatingIncome": "498000000", "sellingGeneralAndAdministrative": "91000000", "researchAndDevelopment": "None", "operatingExpenses": "149000000", "investmentIncomeNet": "None", "netInterestIncome": "-116000000", "interestIncome": "208000000", "interestExpense": "116000000", "nonInterestIncome": "None", "otherNonOperatingIncome": "12000000", "depreciation": "None", "depreciationAndAmortization": "37000000", "incomeBeforeTax": "302000000", "incomeTaxExpense": "93000000", "interestAndDebtExpense": "None", "netIncomeFromContinuingOperations": "209000000", "comprehensiveIncomeNetOfTax": "None", "ebit": "498000000", "ebitda": "535000000", "netIncome": "206000000"}, {"fiscalDateEnding": "2022-12-31", "reportedCurrency": "USD", "grossProfit": "663000000", "totalRevenue": "2444000000", "costOfRevenue": "1781000000", "costofGoodsAndServicesSold": "1781000000", "operatingIncome": "504000000", "sellingGeneralAndAdministrative": "95000000", "researchAndDevelopment": "None", "operatingExpenses": "159000000", "investmentIncomeNet": "None", "netInterestIncome": "-120000000", "interestIncome": "119000000", "interestExpense": "120000000", "nonInterestIncome": "None", "otherNonOperatingIncome": "19000000", "depreciation": "None", "depreciationAndAmortization": "39000000", "incomeBeforeTax": "403000000", "incomeTaxExpense": "70000000", "interestAndDebtExpense": "None", "netIncomeFromContinuingOperations": "333000000", "comprehensiveIncomeNetOfTax": "None", "ebit": "526000000", "ebitda": "565000000", "netIncome": "328000000"}, {"fiscalDateEnding": "2022-09-30", "reportedCurrency": "USD", "grossProfit": "768000000", "totalRevenue": "2368000000", "costOfRevenue": "1600000000", "costofGoodsAndServicesSold": "1600000000", "operatingIncome": "623000000", "sellingGeneralAndAdministrative": "93000000", "researchAndDevelopment": "None", "operatingExpenses": "145000000", "investmentIncomeNet": "None", "netInterestIncome": "-106000000", "interestIncome": "106000000", "interestExpense": "106000000", "nonInterestIncome": "None", "otherNonOperatingIncome": "10000000", "depreciation": "None", "depreciationAndAmortization": "39000000", "incomeBeforeTax": "527000000", "incomeTaxExpense": "181000000", "interestAndDebtExpense": "None", "netIncomeFromContinuingOperations": "346000000", "comprehensiveIncomeNetOfTax": "None", "ebit": "622000000", "ebitda": "661000000", "netIncome": "347000000"}, {"fiscalDateEnding": "2022-06-30", "reportedCurrency": "USD", "grossProfit": "752000000", "totalRevenue": "2240000000", "costOfRevenue": "1488000000", "costofGoodsAndServicesSold": "1488000000", "operatingIncome": "598000000", "sellingGeneralAndAdministrative": "103000000", "researchAndDevelopment": "None", "operatingExpenses": "154000000", "investmentIncomeNet": "None", "netInterestIncome": "-99000000", "interestIncome": "91000000", "interestExpense": "99000000", "nonInterestIncome": "None", "otherNonOperatingIncome": "14000000", "depreciation": "None", "depreciationAndAmortization": "40000000", "incomeBeforeTax": "513000000", "incomeTaxExpense": "146000000", "interestAndDebtExpense": "None", "netIncomeFromContinuingOperations": "367000000", "comprehensiveIncomeNetOfTax": "None", "ebit": "595000000", "ebitda": "635000000", "netIncome": "368000000"}, {"fiscalDateEnding": "2022-03-31", "reportedCurrency": "USD", "grossProfit": "515000000", "totalRevenue": "1721000000", "costOfRevenue": "1206000000", "costofGoodsAndServicesSold": "1206000000", "operatingIncome": "369000000", "sellingGeneralAndAdministrative": "91000000", "researchAndDevelopment": "None", "operatingExpenses": "146000000", "investmentIncomeNet": "None", "netInterestIncome": "-90000000", "interestIncome": "94000000", "interestExpense": "90000000", "nonInterestIncome": "None", "otherNonOperatingIncome": "12000000", "depreciation": "None", "depreciationAndAmortization": "44000000", "incomeBeforeTax": "291000000", "incomeTaxExpense": "80000000", "interestAndDebtExpense": "None", "netIncomeFromContinuingOperations": "211000000", "comprehensiveIncomeNetOfTax": "None", "ebit": "369000000", "ebitda": "413000000", "netIncome": "212000000"}, {"fiscalDateEnding": "2021-12-31", "reportedCurrency": "USD", "grossProfit": "494000000", "totalRevenue": "1836000000", "costOfRevenue": "1342000000", "costofGoodsAndServicesSold": "1342000000", "operatingIncome": "333000000", "sellingGeneralAndAdministrative": "103000000", "researchAndDevelopment": "None", "operatingExpenses": "162000000", "investmentIncomeNet": "None", "netInterestIncome": "-95000000", "interestIncome": "103000000", "interestExpense": "95000000", "nonInterestIncome": "None", "otherNonOperatingIncome": "-1000000", "depreciation": "None", "depreciationAndAmortization": "45000000", "incomeBeforeTax": "237000000", "incomeTaxExpense": "89000000", "interestAndDebtExpense": "None", "netIncomeFromContinuingOperations": "220000000", "comprehensiveIncomeNetOfTax": "None", "ebit": "298000000", "ebitda": "343000000", "netIncome": "147000000"}, {"fiscalDateEnding": "2021-09-30", "reportedCurrency": "USD", "grossProfit": "605000000", "totalRevenue": "1749000000", "costOfRevenue": "1144000000", "costofGoodsAndServicesSold": "1144000000", "operatingIncome": "432000000", "sellingGeneralAndAdministrative": "107000000", "researchAndDevelopment": "None", "operatingExpenses": "165000000", "investmentIncomeNet": "None", "netInterestIncome": "-98000000", "interestIncome": "98000000", "interestExpense": "98000000", "nonInterestIncome": "None", "otherNonOperatingIncome": "6000000", "depreciation": "None", "depreciationAndAmortization": "46000000", "incomeBeforeTax": "340000000", "incomeTaxExpense": "100000000", "interestAndDebtExpense": "None", "netIncomeFromContinuingOperations": "240000000", "comprehensiveIncomeNetOfTax": "None", "ebit": "375000000", "ebitda": "421000000", "netIncome": "241000000"}, {"fiscalDateEnding": "2021-06-30", "reportedCurrency": "USD", "grossProfit": "377000000", "totalRevenue": "1329000000", "costOfRevenue": "952000000", "costofGoodsAndServicesSold": "952000000", "operatingIncome": "224000000", "sellingGeneralAndAdministrative": "98000000", "researchAndDevelopment": "None", "operatingExpenses": "153000000", "investmentIncomeNet": "None", "netInterestIncome": "-101000000", "interestIncome": "102000000", "interestExpense": "101000000", "nonInterestIncome": "None", "otherNonOperatingIncome": "4000000", "depreciation": "None", "depreciationAndAmortization": "46000000", "incomeBeforeTax": "127000000", "incomeTaxExpense": "-1000000", "interestAndDebtExpense": "None", "netIncomeFromContinuingOperations": "128000000", "comprehensiveIncomeNetOfTax": "None", "ebit": "221000000", "ebitda": "267000000", "netIncome": "130000000"}, {"fiscalDateEnding": "2021-03-31", "reportedCurrency": "USD", "grossProfit": "179000000", "totalRevenue": "874000000", "costOfRevenue": "695000000", "costofGoodsAndServicesSold": "695000000", "operatingIncome": "21000000", "sellingGeneralAndAdministrative": "97000000", "researchAndDevelopment": "None", "operatingExpenses": "158000000", "investmentIncomeNet": "None", "netInterestIncome": "-103000000", "interestIncome": "101000000", "interestExpense": "103000000", "nonInterestIncome": "None", "otherNonOperatingIncome": "7000000", "depreciation": "None", "depreciationAndAmortization": "51000000", "incomeBeforeTax": "-144000000", "incomeTaxExpense": "-35000000", "interestAndDebtExpense": "None", "netIncomeFromContinuingOperations": "-179000000", "comprehensiveIncomeNetOfTax": "None", "ebit": "21000000", "ebitda": "72000000", "netIncome": "-108000000"}, {"fiscalDateEnding": "2020-12-31", "reportedCurrency": "USD", "grossProfit": "126000000", "totalRevenue": "890000000", "costOfRevenue": "764000000", "costofGoodsAndServicesSold": "764000000", "operatingIncome": "-195000000", "sellingGeneralAndAdministrative": "122000000", "researchAndDevelopment": "None", "operatingExpenses": "196000000", "investmentIncomeNet": "None", "netInterestIncome": "-113000000", "interestIncome": "124000000", "interestExpense": "113000000", "nonInterestIncome": "None", "otherNonOperatingIncome": "-13000000", "depreciation": "None", "depreciationAndAmortization": "62000000", "incomeBeforeTax": "-349000000", "incomeTaxExpense": "-124000000", "interestAndDebtExpense": "None", "netIncomeFromContinuingOperations": "-633000000", "comprehensiveIncomeNetOfTax": "None", "ebit": "-70000000", "ebitda": "-8000000", "netIncome": "-224000000"}, {"fiscalDateEnding": "2020-09-30", "reportedCurrency": "USD", "grossProfit": "197000000", "totalRevenue": "933000000", "costOfRevenue": "736000000", "costofGoodsAndServicesSold": "736000000", "operatingIncome": "11000000", "sellingGeneralAndAdministrative": "66000000", "researchAndDevelopment": "None", "operatingExpenses": "177000000", "investmentIncomeNet": "None", "netInterestIncome": "-116000000", "interestIncome": "128000000", "interestExpense": "116000000", "nonInterestIncome": "None", "otherNonOperatingIncome": "-12000000", "depreciation": "None", "depreciationAndAmortization": "90000000", "incomeBeforeTax": "-114000000", "incomeTaxExpense": "-33000000", "interestAndDebtExpense": "None", "netIncomeFromContinuingOperations": "-81000000", "comprehensiveIncomeNetOfTax": "None", "ebit": "17000000", "ebitda": "107000000", "netIncome": "-79000000"}, {"fiscalDateEnding": "2020-06-30", "reportedCurrency": "USD", "grossProfit": "-85000000", "totalRevenue": "564000000", "costOfRevenue": "649000000", "costofGoodsAndServicesSold": "649000000", "operatingIncome": "-302000000", "sellingGeneralAndAdministrative": "63000000", "researchAndDevelopment": "None", "operatingExpenses": "164000000", "investmentIncomeNet": "None", "netInterestIncome": "-106000000", "interestIncome": "119000000", "interestExpense": "106000000", "nonInterestIncome": "None", "otherNonOperatingIncome": "-13000000", "depreciation": "None", "depreciationAndAmortization": "88000000", "incomeBeforeTax": "-444000000", "incomeTaxExpense": "-12000000", "interestAndDebtExpense": "None", "netIncomeFromContinuingOperations": "-432000000", "comprehensiveIncomeNetOfTax": "None", "ebit": "-272000000", "ebitda": "-184000000", "netIncome": "-430000000"}, {"fiscalDateEnding": "2020-03-31", "reportedCurrency": "USD", "grossProfit": "345000000", "totalRevenue": "1920000000", "costOfRevenue": "1575000000", "costofGoodsAndServicesSold": "1575000000", "operatingIncome": "68000000", "sellingGeneralAndAdministrative": "60000000", "researchAndDevelopment": "None", "operatingExpenses": "165000000", "investmentIncomeNet": "None", "netInterestIncome": "-94000000", "interestIncome": "85000000", "interestExpense": "94000000", "nonInterestIncome": "None", "otherNonOperatingIncome": "9000000", "depreciation": "None", "depreciationAndAmortization": "91000000", "incomeBeforeTax": "-17000000", "incomeTaxExpense": "-35000000", "interestAndDebtExpense": "None", "netIncomeFromContinuingOperations": "18000000", "comprehensiveIncomeNetOfTax": "None", "ebit": "180000000", "ebitda": "271000000", "netIncome": "18000000"}, {"fiscalDateEnding": "2019-12-31", "reportedCurrency": "USD", "grossProfit": "578000000", "totalRevenue": "2369000000", "costOfRevenue": "1791000000", "costofGoodsAndServicesSold": "1791000000", "operatingIncome": "348000000", "sellingGeneralAndAdministrative": "114000000", "researchAndDevelopment": "None", "operatingExpenses": "230000000", "investmentIncomeNet": "None", "netInterestIncome": "-110000000", "interestIncome": "116000000", "interestExpense": "110000000", "nonInterestIncome": "None", "otherNonOperatingIncome": "-1000000", "depreciation": "None", "depreciationAndAmortization": "90000000", "incomeBeforeTax": "243000000", "incomeTaxExpense": "67000000", "interestAndDebtExpense": "None", "netIncomeFromContinuingOperations": "176000000", "comprehensiveIncomeNetOfTax": "None", "ebit": "343000000", "ebitda": "433000000", "netIncome": "175000000"}, {"fiscalDateEnding": "2019-09-30", "reportedCurrency": "USD", "grossProfit": "642000000", "totalRevenue": "2395000000", "costOfRevenue": "1753000000", "costofGoodsAndServicesSold": "1753000000", "operatingIncome": "519000000", "sellingGeneralAndAdministrative": "107000000", "researchAndDevelopment": "None", "operatingExpenses": "204000000", "investmentIncomeNet": "None", "netInterestIncome": "-105000000", "interestIncome": "98000000", "interestExpense": "105000000", "nonInterestIncome": "None", "otherNonOperatingIncome": "81000000", "depreciation": "None", "depreciationAndAmortization": "86000000", "incomeBeforeTax": "421000000", "incomeTaxExpense": "131000000", "interestAndDebtExpense": "None", "netIncomeFromContinuingOperations": "290000000", "comprehensiveIncomeNetOfTax": "None", "ebit": "437000000", "ebitda": "523000000", "netIncome": "288000000"}, {"fiscalDateEnding": "2019-06-30", "reportedCurrency": "USD", "grossProfit": "692000000", "totalRevenue": "2484000000", "costOfRevenue": "1792000000", "costofGoodsAndServicesSold": "1792000000", "operatingIncome": "478000000", "sellingGeneralAndAdministrative": "113000000", "researchAndDevelopment": "None", "operatingExpenses": "214000000", "investmentIncomeNet": "None", "netInterestIncome": "-101000000", "interestIncome": "104000000", "interestExpense": "101000000", "nonInterestIncome": "None", "otherNonOperatingIncome": "-3000000", "depreciation": "None", "depreciationAndAmortization": "86000000", "incomeBeforeTax": "362000000", "incomeTaxExpense": "101000000", "interestAndDebtExpense": "None", "netIncomeFromContinuingOperations": "261000000", "comprehensiveIncomeNetOfTax": "None", "ebit": "476000000", "ebitda": "562000000", "netIncome": "260000000"}, {"fiscalDateEnding": "2019-03-31", "reportedCurrency": "USD", "grossProfit": "523000000", "totalRevenue": "2204000000", "costOfRevenue": "1681000000", "costofGoodsAndServicesSold": "1681000000", "operatingIncome": "312000000", "sellingGeneralAndAdministrative": "107000000", "researchAndDevelopment": "None", "operatingExpenses": "211000000", "investmentIncomeNet": "None", "netInterestIncome": "-98000000", "interestIncome": "98000000", "interestExpense": "98000000", "nonInterestIncome": "None", "otherNonOperatingIncome": "4000000", "depreciation": "None", "depreciationAndAmortization": "84000000", "incomeBeforeTax": "218000000", "incomeTaxExpense": "59000000", "interestAndDebtExpense": "None", "netIncomeFromContinuingOperations": "159000000", "comprehensiveIncomeNetOfTax": "None", "ebit": "309000000", "ebitda": "393000000", "netIncome": "158000000"}, {"fiscalDateEnding": "2018-12-31", "reportedCurrency": "USD", "grossProfit": "575000000", "totalRevenue": "2288000000", "costOfRevenue": "1713000000", "costofGoodsAndServicesSold": "1713000000", "operatingIncome": "362000000", "sellingGeneralAndAdministrative": "115000000", "researchAndDevelopment": "0", "operatingExpenses": "213000000", "investmentIncomeNet": "None", "netInterestIncome": "None", "interestIncome": "None", "interestExpense": "94000000", "nonInterestIncome": "None", "otherNonOperatingIncome": "-17000000", "depreciation": "None", "depreciationAndAmortization": "83000000", "incomeBeforeTax": "266000000", "incomeTaxExpense": "41000000", "interestAndDebtExpense": "None", "netIncomeFromContinuingOperations": "225000000", "comprehensiveIncomeNetOfTax": "None", "ebit": "364000000", "ebitda": "447000000", "netIncome": "224000000"}, {"fiscalDateEnding": "2018-09-30", "reportedCurrency": "USD", "grossProfit": "585000000", "totalRevenue": "2253000000", "costOfRevenue": "1668000000", "costofGoodsAndServicesSold": "1668000000", "operatingIncome": "385000000", "sellingGeneralAndAdministrative": "109000000", "researchAndDevelopment": "0", "operatingExpenses": "200000000", "investmentIncomeNet": "None", "netInterestIncome": "None", "interestIncome": "None", "interestExpense": "99000000", "nonInterestIncome": "None", "otherNonOperatingIncome": "-6000000", "depreciation": "None", "depreciationAndAmortization": "81000000", "incomeBeforeTax": "293000000", "incomeTaxExpense": "129000000", "interestAndDebtExpense": "None", "netIncomeFromContinuingOperations": "164000000", "comprehensiveIncomeNetOfTax": "None", "ebit": "385000000", "ebitda": "466000000", "netIncome": "162000000"}, {"fiscalDateEnding": "2018-06-30", "reportedCurrency": "USD", "grossProfit": "612000000", "totalRevenue": "2291000000", "costOfRevenue": "1679000000", "costofGoodsAndServicesSold": "1679000000", "operatingIncome": "406000000", "sellingGeneralAndAdministrative": "115000000", "researchAndDevelopment": "0", "operatingExpenses": "206000000", "investmentIncomeNet": "None", "netInterestIncome": "None", "interestIncome": "None", "interestExpense": "95000000", "nonInterestIncome": "None", "otherNonOperatingIncome": "-13000000", "depreciation": "None", "depreciationAndAmortization": "79000000", "incomeBeforeTax": "298000000", "incomeTaxExpense": "81000000", "interestAndDebtExpense": "None", "netIncomeFromContinuingOperations": "217000000", "comprehensiveIncomeNetOfTax": "None", "ebit": "406000000", "ebitda": "485000000", "netIncome": "217000000"}, {"fiscalDateEnding": "2018-03-31", "reportedCurrency": "USD", "grossProfit": "479000000", "totalRevenue": "2074000000", "costOfRevenue": "1595000000", "costofGoodsAndServicesSold": "1595000000", "operatingIncome": "279000000", "sellingGeneralAndAdministrative": "104000000", "researchAndDevelopment": "0", "operatingExpenses": "200000000", "investmentIncomeNet": "None", "netInterestIncome": "None", "interestIncome": "None", "interestExpense": "83000000", "nonInterestIncome": "None", "otherNonOperatingIncome": "25000000", "depreciation": "None", "depreciationAndAmortization": "82000000", "incomeBeforeTax": "221000000", "incomeTaxExpense": "58000000", "interestAndDebtExpense": "None", "netIncomeFromContinuingOperations": "163000000", "comprehensiveIncomeNetOfTax": "None", "ebit": "279000000", "ebitda": "361000000", "netIncome": "161000000"}, {"fiscalDateEnding": "2017-12-31", "reportedCurrency": "USD", "grossProfit": "559000000", "totalRevenue": "2279000000", "costOfRevenue": "1720000000", "costofGoodsAndServicesSold": "1720000000", "operatingIncome": "348000000", "sellingGeneralAndAdministrative": "108000000", "researchAndDevelopment": "0", "operatingExpenses": "211000000", "investmentIncomeNet": "None", "netInterestIncome": "None", "interestIncome": "None", "interestExpense": "104000000", "nonInterestIncome": "None", "otherNonOperatingIncome": "12000000", "depreciation": "None", "depreciationAndAmortization": "88000000", "incomeBeforeTax": "256000000", "incomeTaxExpense": "-585000000", "interestAndDebtExpense": "None", "netIncomeFromContinuingOperations": "841000000", "comprehensiveIncomeNetOfTax": "None", "ebit": "3882000000", "ebitda": "3970000000", "netIncome": "840000000"}, {"fiscalDateEnding": "2017-09-30", "reportedCurrency": "USD", "grossProfit": "576000000", "totalRevenue": "2354000000", "costOfRevenue": "1778000000", "costofGoodsAndServicesSold": "1778000000", "operatingIncome": "382000000", "sellingGeneralAndAdministrative": "104000000", "researchAndDevelopment": "0", "operatingExpenses": "194000000", "investmentIncomeNet": "None", "netInterestIncome": "None", "interestIncome": "None", "interestExpense": "100000000", "nonInterestIncome": "None", "otherNonOperatingIncome": "7000000", "depreciation": "None", "depreciationAndAmortization": "83000000", "incomeBeforeTax": "289000000", "incomeTaxExpense": "108000000", "interestAndDebtExpense": "None", "netIncomeFromContinuingOperations": "181000000", "comprehensiveIncomeNetOfTax": "None", "ebit": "338000000", "ebitda": "421000000", "netIncome": "158000000"}, {"fiscalDateEnding": "2017-06-30", "reportedCurrency": "USD", "grossProfit": "580000000", "totalRevenue": "2346000000", "costOfRevenue": "1766000000", "costofGoodsAndServicesSold": "1766000000", "operatingIncome": "365000000", "sellingGeneralAndAdministrative": "117000000", "researchAndDevelopment": "0", "operatingExpenses": "215000000", "investmentIncomeNet": "None", "netInterestIncome": "None", "interestIncome": "None", "interestExpense": "100000000", "nonInterestIncome": "None", "otherNonOperatingIncome": "10000000", "depreciation": "None", "depreciationAndAmortization": "87000000", "incomeBeforeTax": "275000000", "incomeTaxExpense": "108000000", "interestAndDebtExpense": "None", "netIncomeFromContinuingOperations": "167000000", "comprehensiveIncomeNetOfTax": "None", "ebit": "370000000", "ebitda": "457000000", "netIncome": "150000000"}, {"fiscalDateEnding": "2017-03-31", "reportedCurrency": "USD", "grossProfit": "494000000", "totalRevenue": "2161000000", "costOfRevenue": "1667000000", "costofGoodsAndServicesSold": "1667000000", "operatingIncome": "277000000", "sellingGeneralAndAdministrative": "105000000", "researchAndDevelopment": "0", "operatingExpenses": "217000000", "investmentIncomeNet": "None", "netInterestIncome": "None", "interestIncome": "None", "interestExpense": "104000000", "nonInterestIncome": "None", "otherNonOperatingIncome": "-63000000", "depreciation": "None", "depreciationAndAmortization": "89000000", "incomeBeforeTax": "110000000", "incomeTaxExpense": "35000000", "interestAndDebtExpense": "None", "netIncomeFromContinuingOperations": "75000000", "comprehensiveIncomeNetOfTax": "None", "ebit": "152000000", "ebitda": "241000000", "netIncome": "47000000"}, {"fiscalDateEnding": "2016-12-31", "reportedCurrency": "USD", "grossProfit": "800000000", "totalRevenue": "2920000000", "costOfRevenue": "2120000000", "costofGoodsAndServicesSold": "2120000000", "operatingIncome": "406000000", "sellingGeneralAndAdministrative": "224000000", "researchAndDevelopment": "0", "operatingExpenses": "401000000", "investmentIncomeNet": "None", "netInterestIncome": "None", "interestIncome": "None", "interestExpense": "153000000", "nonInterestIncome": "None", "otherNonOperatingIncome": "1000000", "depreciation": "None", "depreciationAndAmortization": "177000000", "incomeBeforeTax": "254000000", "incomeTaxExpense": "636000000", "interestAndDebtExpense": "None", "netIncomeFromContinuingOperations": "-382000000", "comprehensiveIncomeNetOfTax": "None", "ebit": "407000000", "ebitda": "584000000", "netIncome": "-387000000"}, {"fiscalDateEnding": "2016-09-30", "reportedCurrency": "USD", "grossProfit": "809000000", "totalRevenue": "2942000000", "costOfRevenue": "2133000000", "costofGoodsAndServicesSold": "2133000000", "operatingIncome": "493000000", "sellingGeneralAndAdministrative": "147000000", "researchAndDevelopment": "0", "operatingExpenses": "316000000", "investmentIncomeNet": "None", "netInterestIncome": "None", "interestIncome": "None", "interestExpense": "148000000", "nonInterestIncome": "None", "otherNonOperatingIncome": "-8000000", "depreciation": "None", "depreciationAndAmortization": "169000000", "incomeBeforeTax": "337000000", "incomeTaxExpense": "145000000", "interestAndDebtExpense": "None", "netIncomeFromContinuingOperations": "192000000", "comprehensiveIncomeNetOfTax": "None", "ebit": "493000000", "ebitda": "662000000", "netIncome": "187000000"}, {"fiscalDateEnding": "2016-06-30", "reportedCurrency": "USD", "grossProfit": "854000000", "totalRevenue": "3051000000", "costOfRevenue": "2197000000", "costofGoodsAndServicesSold": "2197000000", "operatingIncome": "553000000", "sellingGeneralAndAdministrative": "132000000", "researchAndDevelopment": "0", "operatingExpenses": "303000000", "investmentIncomeNet": "None", "netInterestIncome": "None", "interestIncome": "None", "interestExpense": "147000000", "nonInterestIncome": "None", "otherNonOperatingIncome": "-6000000", "depreciation": "None", "depreciationAndAmortization": "171000000", "incomeBeforeTax": "400000000", "incomeTaxExpense": "156000000", "interestAndDebtExpense": "None", "netIncomeFromContinuingOperations": "244000000", "comprehensiveIncomeNetOfTax": "None", "ebit": "262000000", "ebitda": "433000000", "netIncome": "239000000"}, {"fiscalDateEnding": "2016-03-31", "reportedCurrency": "USD", "grossProfit": "706000000", "totalRevenue": "2750000000", "costOfRevenue": "2044000000", "costofGoodsAndServicesSold": "2044000000", "operatingIncome": "409000000", "sellingGeneralAndAdministrative": "113000000", "researchAndDevelopment": "0", "operatingExpenses": "282000000", "investmentIncomeNet": "None", "netInterestIncome": "None", "interestIncome": "None", "interestExpense": "139000000", "nonInterestIncome": "None", "otherNonOperatingIncome": "-6000000", "depreciation": "None", "depreciationAndAmortization": "169000000", "incomeBeforeTax": "264000000", "incomeTaxExpense": "-46000000", "interestAndDebtExpense": "None", "netIncomeFromContinuingOperations": "310000000", "comprehensiveIncomeNetOfTax": "None", "ebit": "160000000", "ebitda": "329000000", "netIncome": "309000000"}, {"fiscalDateEnding": "2015-12-31", "reportedCurrency": "USD", "grossProfit": "791000000", "totalRevenue": "2856000000", "costOfRevenue": "2065000000", "costofGoodsAndServicesSold": "2065000000", "operatingIncome": "491000000", "sellingGeneralAndAdministrative": "118000000", "researchAndDevelopment": "0", "operatingExpenses": "291000000", "investmentIncomeNet": "None", "netInterestIncome": "None", "interestIncome": "None", "interestExpense": "144000000", "nonInterestIncome": "None", "otherNonOperatingIncome": "-6000000", "depreciation": "None", "depreciationAndAmortization": "173000000", "incomeBeforeTax": "341000000", "incomeTaxExpense": "-475000000", "interestAndDebtExpense": "None", "netIncomeFromContinuingOperations": "816000000", "comprehensiveIncomeNetOfTax": "None", "ebit": "485000000", "ebitda": "658000000", "netIncome": "814000000"}, {"fiscalDateEnding": "2015-09-30", "reportedCurrency": "USD", "grossProfit": "815000000", "totalRevenue": "2895000000", "costOfRevenue": "2080000000", "costofGoodsAndServicesSold": "2080000000", "operatingIncome": "663000000", "sellingGeneralAndAdministrative": "145000000", "researchAndDevelopment": "0", "operatingExpenses": "316000000", "investmentIncomeNet": "None", "netInterestIncome": "None", "interestIncome": "None", "interestExpense": "138000000", "nonInterestIncome": "None", "otherNonOperatingIncome": "5000000", "depreciation": "None", "depreciationAndAmortization": "171000000", "incomeBeforeTax": "530000000", "incomeTaxExpense": "247000000", "interestAndDebtExpense": "None", "netIncomeFromContinuingOperations": "283000000", "comprehensiveIncomeNetOfTax": "None", "ebit": "499000000", "ebitda": "670000000", "netIncome": "279000000"}, {"fiscalDateEnding": "2015-06-30", "reportedCurrency": "USD", "grossProfit": "824000000", "totalRevenue": "2922000000", "costOfRevenue": "2098000000", "costofGoodsAndServicesSold": "2098000000", "operatingIncome": "427000000", "sellingGeneralAndAdministrative": "221000000", "researchAndDevelopment": "0", "operatingExpenses": "394000000", "investmentIncomeNet": "None", "netInterestIncome": "None", "interestIncome": "None", "interestExpense": "149000000", "nonInterestIncome": "None", "otherNonOperatingIncome": "34000000", "depreciation": "None", "depreciationAndAmortization": "173000000", "incomeBeforeTax": "312000000", "incomeTaxExpense": "145000000", "interestAndDebtExpense": "None", "netIncomeFromContinuingOperations": "167000000", "comprehensiveIncomeNetOfTax": "None", "ebit": "430000000", "ebitda": "603000000", "netIncome": "161000000"}, {"fiscalDateEnding": "2015-03-31", "reportedCurrency": "USD", "grossProfit": "647000000", "totalRevenue": "2599000000", "costOfRevenue": "1952000000", "costofGoodsAndServicesSold": "1952000000", "operatingIncome": "490000000", "sellingGeneralAndAdministrative": "127000000", "researchAndDevelopment": "0", "operatingExpenses": "302000000", "investmentIncomeNet": "None", "netInterestIncome": "None", "interestIncome": "None", "interestExpense": "144000000", "nonInterestIncome": "None", "otherNonOperatingIncome": "-33000000", "depreciation": "None", "depreciationAndAmortization": "175000000", "incomeBeforeTax": "313000000", "incomeTaxExpense": "163000000", "interestAndDebtExpense": "None", "netIncomeFromContinuingOperations": "150000000", "comprehensiveIncomeNetOfTax": "None", "ebit": "457000000", "ebitda": "632000000", "netIncome": "150000000"}, {"fiscalDateEnding": "2014-12-31", "reportedCurrency": "USD", "grossProfit": "755000000", "totalRevenue": "2828000000", "costOfRevenue": "2073000000", "costofGoodsAndServicesSold": "2073000000", "operatingIncome": "455000000", "sellingGeneralAndAdministrative": "142000000", "researchAndDevelopment": "0", "operatingExpenses": "300000000", "investmentIncomeNet": "None", "netInterestIncome": "None", "interestIncome": "None", "interestExpense": "151000000", "nonInterestIncome": "None", "otherNonOperatingIncome": "None", "depreciation": "None", "depreciationAndAmortization": "158000000", "incomeBeforeTax": "293000000", "incomeTaxExpense": "134000000", "interestAndDebtExpense": "None", "netIncomeFromContinuingOperations": "179000000", "comprehensiveIncomeNetOfTax": "None", "ebit": "459000000", "ebitda": "617000000", "netIncome": "158000000"}, {"fiscalDateEnding": "2014-09-30", "reportedCurrency": "USD", "grossProfit": "723000000", "totalRevenue": "2644000000", "costOfRevenue": "1921000000", "costofGoodsAndServicesSold": "1921000000", "operatingIncome": "445000000", "sellingGeneralAndAdministrative": "119000000", "researchAndDevelopment": "0", "operatingExpenses": "278000000", "investmentIncomeNet": "None", "netInterestIncome": "None", "interestIncome": "None", "interestExpense": "156000000", "nonInterestIncome": "None", "otherNonOperatingIncome": "None", "depreciation": "None", "depreciationAndAmortization": "159000000", "incomeBeforeTax": "314000000", "incomeTaxExpense": "127000000", "interestAndDebtExpense": "None", "netIncomeFromContinuingOperations": "0", "comprehensiveIncomeNetOfTax": "None", "ebit": "445000000", "ebitda": "604000000", "netIncome": "183000000"}, {"fiscalDateEnding": "2014-06-30", "reportedCurrency": "USD", "grossProfit": "726000000", "totalRevenue": "2667000000", "costOfRevenue": "1941000000", "costofGoodsAndServicesSold": "1941000000", "operatingIncome": "435000000", "sellingGeneralAndAdministrative": "133000000", "researchAndDevelopment": "0", "operatingExpenses": "291000000", "investmentIncomeNet": "None", "netInterestIncome": "None", "interestIncome": "None", "interestExpense": "158000000", "nonInterestIncome": "None", "otherNonOperatingIncome": "None", "depreciation": "None", "depreciationAndAmortization": "158000000", "incomeBeforeTax": "333000000", "incomeTaxExpense": "121000000", "interestAndDebtExpense": "None", "netIncomeFromContinuingOperations": "0", "comprehensiveIncomeNetOfTax": "None", "ebit": "435000000", "ebitda": "593000000", "netIncome": "209000000"}, {"fiscalDateEnding": "2014-03-31", "reportedCurrency": "USD", "grossProfit": "588000000", "totalRevenue": "2363000000", "costOfRevenue": "1775000000", "costofGoodsAndServicesSold": "1775000000", "operatingIncome": "338000000", "sellingGeneralAndAdministrative": "97000000", "researchAndDevelopment": "0", "operatingExpenses": "250000000", "investmentIncomeNet": "None", "netInterestIncome": "None", "interestIncome": "None", "interestExpense": "153000000", "nonInterestIncome": "None", "otherNonOperatingIncome": "22000000", "depreciation": "None", "depreciationAndAmortization": "153000000", "incomeBeforeTax": "207000000", "incomeTaxExpense": "83000000", "interestAndDebtExpense": "None", "netIncomeFromContinuingOperations": "124000000", "comprehensiveIncomeNetOfTax": "None", "ebit": "338000000", "ebitda": "491000000", "netIncome": "123000000"}, {"fiscalDateEnding": "2013-12-31", "reportedCurrency": "USD", "grossProfit": "666000000", "totalRevenue": "2643000000", "costOfRevenue": "1977000000", "costofGoodsAndServicesSold": "1977000000", "operatingIncome": "89000000", "sellingGeneralAndAdministrative": "429000000", "researchAndDevelopment": "0", "operatingExpenses": "577000000", "investmentIncomeNet": "None", "netInterestIncome": "None", "interestIncome": "None", "interestExpense": "219000000", "nonInterestIncome": "None", "otherNonOperatingIncome": "None", "depreciation": "None", "depreciationAndAmortization": "148000000", "incomeBeforeTax": "108000000", "incomeTaxExpense": "46000000", "interestAndDebtExpense": "None", "netIncomeFromContinuingOperations": "0", "comprehensiveIncomeNetOfTax": "None", "ebit": "100000000", "ebitda": "248000000", "netIncome": "26000000"}, {"fiscalDateEnding": "2013-09-30", "reportedCurrency": "USD", "grossProfit": "633000000", "totalRevenue": "2449000000", "costOfRevenue": "1816000000", "costofGoodsAndServicesSold": "1816000000", "operatingIncome": "357000000", "sellingGeneralAndAdministrative": "130000000", "researchAndDevelopment": "0", "operatingExpenses": "276000000", "investmentIncomeNet": "None", "netInterestIncome": "None", "interestIncome": "None", "interestExpense": "127000000", "nonInterestIncome": "None", "otherNonOperatingIncome": "None", "depreciation": "None", "depreciationAndAmortization": "146000000", "incomeBeforeTax": "273000000", "incomeTaxExpense": "70000000", "interestAndDebtExpense": "None", "netIncomeFromContinuingOperations": "0", "comprehensiveIncomeNetOfTax": "None", "ebit": "375000000", "ebitda": "521000000", "netIncome": "200000000"}, {"fiscalDateEnding": "2013-06-30", "reportedCurrency": "USD", "grossProfit": "645000000", "totalRevenue": "2380000000", "costOfRevenue": "1735000000", "costofGoodsAndServicesSold": "1735000000", "operatingIncome": "404000000", "sellingGeneralAndAdministrative": "92000000", "researchAndDevelopment": "0", "operatingExpenses": "241000000", "investmentIncomeNet": "None", "netInterestIncome": "None", "interestIncome": "None", "interestExpense": "131000000", "nonInterestIncome": "None", "otherNonOperatingIncome": "None", "depreciation": "None", "depreciationAndAmortization": "149000000", "incomeBeforeTax": "241000000", "incomeTaxExpense": "84000000", "interestAndDebtExpense": "None", "netIncomeFromContinuingOperations": "0", "comprehensiveIncomeNetOfTax": "None", "ebit": "411000000", "ebitda": "560000000", "netIncome": "155000000"}, {"fiscalDateEnding": "2013-03-31", "reportedCurrency": "USD", "grossProfit": "509000000", "totalRevenue": "2263000000", "costOfRevenue": "1754000000", "costofGoodsAndServicesSold": "1754000000", "operatingIncome": "252000000", "sellingGeneralAndAdministrative": "97000000", "researchAndDevelopment": "0", "operatingExpenses": "257000000", "investmentIncomeNet": "None", "netInterestIncome": "None", "interestIncome": "None", "interestExpense": "143000000", "nonInterestIncome": "None", "otherNonOperatingIncome": "None", "depreciation": "None", "depreciationAndAmortization": "160000000", "incomeBeforeTax": "76000000", "incomeTaxExpense": "38000000", "interestAndDebtExpense": "None", "netIncomeFromContinuingOperations": "0", "comprehensiveIncomeNetOfTax": "None", "ebit": "262000000", "ebitda": "422000000", "netIncome": "34000000"}, {"fiscalDateEnding": "2012-12-31", "reportedCurrency": "USD", "grossProfit": "573000000", "totalRevenue": "2338000000", "costOfRevenue": "1765000000", "costofGoodsAndServicesSold": "1765000000", "operatingIncome": "263000000", "sellingGeneralAndAdministrative": "133000000", "researchAndDevelopment": "0", "operatingExpenses": "289000000", "investmentIncomeNet": "None", "netInterestIncome": "None", "interestIncome": "None", "interestExpense": "146000000", "nonInterestIncome": "None", "otherNonOperatingIncome": "None", "depreciation": "None", "depreciationAndAmortization": "156000000", "incomeBeforeTax": "112000000", "incomeTaxExpense": "48000000", "interestAndDebtExpense": "None", "netIncomeFromContinuingOperations": "0", "comprehensiveIncomeNetOfTax": "None", "ebit": "258000000", "ebitda": "414000000", "netIncome": "61000000"}, {"fiscalDateEnding": "2012-09-30", "reportedCurrency": "USD", "grossProfit": "588000000", "totalRevenue": "2417000000", "costOfRevenue": "1829000000", "costofGoodsAndServicesSold": "1829000000", "operatingIncome": "345000000", "sellingGeneralAndAdministrative": "91000000", "researchAndDevelopment": "None", "operatingExpenses": "226000000", "investmentIncomeNet": "None", "netInterestIncome": "None", "interestIncome": "None", "interestExpense": "142000000", "nonInterestIncome": "None", "otherNonOperatingIncome": "None", "depreciation": "None", "depreciationAndAmortization": "135000000", "incomeBeforeTax": "233000000", "incomeTaxExpense": "54000000", "interestAndDebtExpense": "None", "netIncomeFromContinuingOperations": "None", "comprehensiveIncomeNetOfTax": "None", "ebit": "375000000", "ebitda": "510000000", "netIncome": "177000000"}, {"fiscalDateEnding": "2011-12-31", "reportedCurrency": "USD", "grossProfit": "1975000000", "totalRevenue": "8783000000", "costOfRevenue": "6808000000", "costofGoodsAndServicesSold": "6808000000", "operatingIncome": "975000000", "sellingGeneralAndAdministrative": "436000000", "researchAndDevelopment": "0", "operatingExpenses": "0", "investmentIncomeNet": "None", "netInterestIncome": "None", "interestIncome": "None", "interestExpense": "649000000", "nonInterestIncome": "None", "otherNonOperatingIncome": "None", "depreciation": "None", "depreciationAndAmortization": "None", "incomeBeforeTax": "196000000", "incomeTaxExpense": "0", "interestAndDebtExpense": "None", "netIncomeFromContinuingOperations": "0", "comprehensiveIncomeNetOfTax": "None", "ebit": "0", "ebitda": "None", "netIncome": "253000000"}, {"fiscalDateEnding": "2007-09-30", "reportedCurrency": "USD", "grossProfit": "0", "totalRevenue": "2085000000", "costOfRevenue": "-1647000000", "costofGoodsAndServicesSold": "-1647000000", "operatingIncome": "-332000000", "sellingGeneralAndAdministrative": "0", "researchAndDevelopment": "0", "operatingExpenses": "0", "investmentIncomeNet": "None", "netInterestIncome": "None", "interestIncome": "None", "interestExpense": "102000000", "nonInterestIncome": "None", "otherNonOperatingIncome": "None", "depreciation": "None", "depreciationAndAmortization": "None", "incomeBeforeTax": "-204000000", "incomeTaxExpense": "-71000000", "interestAndDebtExpense": "None", "netIncomeFromContinuingOperations": "0", "comprehensiveIncomeNetOfTax": "None", "ebit": "0", "ebitda": "None", "netIncome": "-165000000"}, {"fiscalDateEnding": "2007-06-30", "reportedCurrency": "USD", "grossProfit": "0", "totalRevenue": "2085000000", "costOfRevenue": "1647000000", "costofGoodsAndServicesSold": "1647000000", "operatingIncome": "332000000", "sellingGeneralAndAdministrative": "0", "researchAndDevelopment": "0", "operatingExpenses": "0", "investmentIncomeNet": "None", "netInterestIncome": "None", "interestIncome": "None", "interestExpense": "102000000", "nonInterestIncome": "None", "otherNonOperatingIncome": "None", "depreciation": "None", "depreciationAndAmortization": "None", "incomeBeforeTax": "204000000", "incomeTaxExpense": "71000000", "interestAndDebtExpense": "None", "netIncomeFromContinuingOperations": "0", "comprehensiveIncomeNetOfTax": "None", "ebit": "0", "ebitda": "None", "netIncome": "165000000"}, {"fiscalDateEnding": "2007-03-31", "reportedCurrency": "USD", "grossProfit": "0", "totalRevenue": "1864000000", "costOfRevenue": "1537000000", "costofGoodsAndServicesSold": "1537000000", "operatingIncome": "214000000", "sellingGeneralAndAdministrative": "0", "researchAndDevelopment": "0", "operatingExpenses": "0", "investmentIncomeNet": "None", "netInterestIncome": "None", "interestIncome": "None", "interestExpense": "116000000", "nonInterestIncome": "None", "otherNonOperatingIncome": "None", "depreciation": "None", "depreciationAndAmortization": "None", "incomeBeforeTax": "123000000", "incomeTaxExpense": "43000000", "interestAndDebtExpense": "None", "netIncomeFromContinuingOperations": "0", "comprehensiveIncomeNetOfTax": "None", "ebit": "0", "ebitda": "None", "netIncome": "95000000"}, {"fiscalDateEnding": "2006-12-31", "reportedCurrency": "USD", "grossProfit": "1630000000", "totalRevenue": "2214000000", "costOfRevenue": "1768000000", "costofGoodsAndServicesSold": "1768000000", "operatingIncome": "326000000", "sellingGeneralAndAdministrative": "0", "researchAndDevelopment": "0", "operatingExpenses": "0", "investmentIncomeNet": "None", "netInterestIncome": "None", "interestIncome": "None", "interestExpense": "127000000", "nonInterestIncome": "None", "otherNonOperatingIncome": "None", "depreciation": "None", "depreciationAndAmortization": "None", "incomeBeforeTax": "271000000", "incomeTaxExpense": "61000000", "interestAndDebtExpense": "None", "netIncomeFromContinuingOperations": "0", "comprehensiveIncomeNetOfTax": "None", "ebit": "0", "ebitda": "None", "netIncome": "207000000"}, {"fiscalDateEnding": "2006-09-30", "reportedCurrency": "USD", "grossProfit": "0", "totalRevenue": "2195000000", "costOfRevenue": "1777000000", "costofGoodsAndServicesSold": "1777000000", "operatingIncome": "300000000", "sellingGeneralAndAdministrative": "0", "researchAndDevelopment": "0", "operatingExpenses": "0", "investmentIncomeNet": "None", "netInterestIncome": "None", "interestIncome": "None", "interestExpense": "136000000", "nonInterestIncome": "None", "otherNonOperatingIncome": "None", "depreciation": "None", "depreciationAndAmortization": "None", "incomeBeforeTax": "173000000", "incomeTaxExpense": "54000000", "interestAndDebtExpense": "None", "netIncomeFromContinuingOperations": "0", "comprehensiveIncomeNetOfTax": "None", "ebit": "0", "ebitda": "None", "netIncome": "117000000"}, {"fiscalDateEnding": "2006-06-30", "reportedCurrency": "USD", "grossProfit": "0", "totalRevenue": "1998000000", "costOfRevenue": "1563000000", "costofGoodsAndServicesSold": "1563000000", "operatingIncome": "322000000", "sellingGeneralAndAdministrative": "0", "researchAndDevelopment": "0", "operatingExpenses": "0", "investmentIncomeNet": "None", "netInterestIncome": "None", "interestIncome": "None", "interestExpense": "139000000", "nonInterestIncome": "None", "otherNonOperatingIncome": "None", "depreciation": "None", "depreciationAndAmortization": "None", "incomeBeforeTax": "222000000", "incomeTaxExpense": "90000000", "interestAndDebtExpense": "None", "netIncomeFromContinuingOperations": "0", "comprehensiveIncomeNetOfTax": "None", "ebit": "0", "ebitda": "None", "netIncome": "144000000"}, {"fiscalDateEnding": "2006-03-31", "reportedCurrency": "USD", "grossProfit": "0", "totalRevenue": "1426000000", "costOfRevenue": "1128000000", "costofGoodsAndServicesSold": "1128000000", "operatingIncome": "213000000", "sellingGeneralAndAdministrative": "0", "researchAndDevelopment": "0", "operatingExpenses": "0", "investmentIncomeNet": "None", "netInterestIncome": "None", "interestIncome": "None", "interestExpense": "96000000", "nonInterestIncome": "None", "otherNonOperatingIncome": "None", "depreciation": "None", "depreciationAndAmortization": "None", "incomeBeforeTax": "150000000", "incomeTaxExpense": "50000000", "interestAndDebtExpense": "None", "netIncomeFromContinuingOperations": "0", "comprehensiveIncomeNetOfTax": "None", "ebit": "0", "ebitda": "None", "netIncome": "104000000"}, {"fiscalDateEnding": "2005-12-31", "reportedCurrency": "USD", "grossProfit": "1067000000", "totalRevenue": "1083000000", "costOfRevenue": "828000000", "costofGoodsAndServicesSold": "828000000", "operatingIncome": "184000000", "sellingGeneralAndAdministrative": "0", "researchAndDevelopment": "0", "operatingExpenses": "0", "investmentIncomeNet": "None", "netInterestIncome": "None", "interestIncome": "None", "interestExpense": "63000000", "nonInterestIncome": "None", "otherNonOperatingIncome": "None", "depreciation": "None", "depreciationAndAmortization": "None", "incomeBeforeTax": "164000000", "incomeTaxExpense": "58000000", "interestAndDebtExpense": "None", "netIncomeFromContinuingOperations": "0", "comprehensiveIncomeNetOfTax": "None", "ebit": "0", "ebitda": "None", "netIncome": "105000000"}, {"fiscalDateEnding": "2005-09-30", "reportedCurrency": "USD", "grossProfit": "0", "totalRevenue": "1102000000", "costOfRevenue": "838000000", "costofGoodsAndServicesSold": "838000000", "operatingIncome": "194000000", "sellingGeneralAndAdministrative": "0", "researchAndDevelopment": "0", "operatingExpenses": "0", "investmentIncomeNet": "None", "netInterestIncome": "None", "interestIncome": "None", "interestExpense": "66000000", "nonInterestIncome": "None", "otherNonOperatingIncome": "None", "depreciation": "None", "depreciationAndAmortization": "None", "incomeBeforeTax": "137000000", "incomeTaxExpense": "47000000", "interestAndDebtExpense": "None", "netIncomeFromContinuingOperations": "0", "comprehensiveIncomeNetOfTax": "None", "ebit": "0", "ebitda": "None", "netIncome": "89000000"}, {"fiscalDateEnding": "2005-06-30", "reportedCurrency": "USD", "grossProfit": "0", "totalRevenue": "1176000000", "costOfRevenue": "863000000", "costofGoodsAndServicesSold": "863000000", "operatingIncome": "235000000", "sellingGeneralAndAdministrative": "0", "researchAndDevelopment": "0", "operatingExpenses": "0", "investmentIncomeNet": "None", "netInterestIncome": "None", "interestIncome": "None", "interestExpense": "66000000", "nonInterestIncome": "None", "otherNonOperatingIncome": "None", "depreciation": "None", "depreciationAndAmortization": "None", "incomeBeforeTax": "234000000", "incomeTaxExpense": "25000000", "interestAndDebtExpense": "None", "netIncomeFromContinuingOperations": "0", "comprehensiveIncomeNetOfTax": "None", "ebit": "0", "ebitda": "None", "netIncome": "202000000"}, {"fiscalDateEnding": "2005-03-31", "reportedCurrency": "USD", "grossProfit": "0", "totalRevenue": "1076000000", "costOfRevenue": "841000000", "costofGoodsAndServicesSold": "841000000", "operatingIncome": "155000000", "sellingGeneralAndAdministrative": "0", "researchAndDevelopment": "0", "operatingExpenses": "0", "investmentIncomeNet": "None", "netInterestIncome": "None", "interestIncome": "None", "interestExpense": "64000000", "nonInterestIncome": "None", "otherNonOperatingIncome": "None", "depreciation": "None", "depreciationAndAmortization": "None", "incomeBeforeTax": "103000000", "incomeTaxExpense": "36000000", "interestAndDebtExpense": "None", "netIncomeFromContinuingOperations": "0", "comprehensiveIncomeNetOfTax": "None", "ebit": "0", "ebitda": "None", "netIncome": "64000000"}, {"fiscalDateEnding": "2004-12-31", "reportedCurrency": "USD", "grossProfit": "944000000", "totalRevenue": "1054000000", "costOfRevenue": "807000000", "costofGoodsAndServicesSold": "807000000", "operatingIncome": "164000000", "sellingGeneralAndAdministrative": "0", "researchAndDevelopment": "0", "operatingExpenses": "0", "investmentIncomeNet": "None", "netInterestIncome": "None", "interestIncome": "None", "interestExpense": "65000000", "nonInterestIncome": "None", "otherNonOperatingIncome": "None", "depreciation": "None", "depreciationAndAmortization": "None", "incomeBeforeTax": "98000000", "incomeTaxExpense": "31000000", "interestAndDebtExpense": "None", "netIncomeFromContinuingOperations": "0", "comprehensiveIncomeNetOfTax": "None", "ebit": "0", "ebitda": "None", "netIncome": "65000000"}, {"fiscalDateEnding": "2004-09-30", "reportedCurrency": "USD", "grossProfit": "0", "totalRevenue": "1033000000", "costOfRevenue": "801000000", "costofGoodsAndServicesSold": "801000000", "operatingIncome": "151000000", "sellingGeneralAndAdministrative": "0", "researchAndDevelopment": "0", "operatingExpenses": "0", "investmentIncomeNet": "None", "netInterestIncome": "None", "interestIncome": "None", "interestExpense": "67000000", "nonInterestIncome": "None", "otherNonOperatingIncome": "None", "depreciation": "None", "depreciationAndAmortization": "None", "incomeBeforeTax": "96000000", "incomeTaxExpense": "35000000", "interestAndDebtExpense": "None", "netIncomeFromContinuingOperations": "0", "comprehensiveIncomeNetOfTax": "None", "ebit": "0", "ebitda": "None", "netIncome": "61000000"}, {"fiscalDateEnding": "2004-06-30", "reportedCurrency": "USD", "grossProfit": "0", "totalRevenue": "1065000000", "costOfRevenue": "804000000", "costofGoodsAndServicesSold": "804000000", "operatingIncome": "178000000", "sellingGeneralAndAdministrative": "0", "researchAndDevelopment": "0", "operatingExpenses": "0", "investmentIncomeNet": "None", "netInterestIncome": "None", "interestIncome": "None", "interestExpense": "72000000", "nonInterestIncome": "None", "otherNonOperatingIncome": "None", "depreciation": "None", "depreciationAndAmortization": "None", "incomeBeforeTax": "118000000", "incomeTaxExpense": "40000000", "interestAndDebtExpense": "None", "netIncomeFromContinuingOperations": "0", "comprehensiveIncomeNetOfTax": "None", "ebit": "0", "ebitda": "None", "netIncome": "75000000"}, {"fiscalDateEnding": "2004-03-31", "reportedCurrency": "USD", "grossProfit": "0", "totalRevenue": "994000000", "costOfRevenue": "790000000", "costofGoodsAndServicesSold": "790000000", "operatingIncome": "121000000", "sellingGeneralAndAdministrative": "0", "researchAndDevelopment": "0", "operatingExpenses": "0", "investmentIncomeNet": "None", "netInterestIncome": "None", "interestIncome": "None", "interestExpense": "70000000", "nonInterestIncome": "None", "otherNonOperatingIncome": "None", "depreciation": "None", "depreciationAndAmortization": "None", "incomeBeforeTax": "61000000", "incomeTaxExpense": "21000000", "interestAndDebtExpense": "None", "netIncomeFromContinuingOperations": "0", "comprehensiveIncomeNetOfTax": "None", "ebit": "0", "ebitda": "None", "netIncome": "37000000"}, {"fiscalDateEnding": "2003-12-31", "reportedCurrency": "USD", "grossProfit": "837000000", "totalRevenue": "982000000", "costOfRevenue": "760000000", "costofGoodsAndServicesSold": "760000000", "operatingIncome": "137000000", "sellingGeneralAndAdministrative": "0", "researchAndDevelopment": "0", "operatingExpenses": "0", "investmentIncomeNet": "None", "netInterestIncome": "None", "interestIncome": "None", "interestExpense": "71000000", "nonInterestIncome": "None", "otherNonOperatingIncome": "None", "depreciation": "None", "depreciationAndAmortization": "None", "incomeBeforeTax": "66000000", "incomeTaxExpense": "32000000", "interestAndDebtExpense": "None", "netIncomeFromContinuingOperations": "0", "comprehensiveIncomeNetOfTax": "None", "ebit": "0", "ebitda": "None", "netIncome": "67000000"}, {"fiscalDateEnding": "2003-09-30", "reportedCurrency": "USD", "grossProfit": "0", "totalRevenue": "952000000", "costOfRevenue": "754000000", "costofGoodsAndServicesSold": "754000000", "operatingIncome": "114000000", "sellingGeneralAndAdministrative": "0", "researchAndDevelopment": "0", "operatingExpenses": "0", "investmentIncomeNet": "None", "netInterestIncome": "None", "interestIncome": "None", "interestExpense": "72000000", "nonInterestIncome": "None", "otherNonOperatingIncome": "None", "depreciation": "None", "depreciationAndAmortization": "None", "incomeBeforeTax": "56000000", "incomeTaxExpense": "21000000", "interestAndDebtExpense": "None", "netIncomeFromContinuingOperations": "0", "comprehensiveIncomeNetOfTax": "None", "ebit": "0", "ebitda": "None", "netIncome": "34000000"}, {"fiscalDateEnding": "2003-06-30", "reportedCurrency": "USD", "grossProfit": "0", "totalRevenue": "976000000", "costOfRevenue": "740000000", "costofGoodsAndServicesSold": "740000000", "operatingIncome": "157000000", "sellingGeneralAndAdministrative": "0", "researchAndDevelopment": "0", "operatingExpenses": "0", "investmentIncomeNet": "None", "netInterestIncome": "None", "interestIncome": "None", "interestExpense": "77000000", "nonInterestIncome": "None", "otherNonOperatingIncome": "None", "depreciation": "None", "depreciationAndAmortization": "None", "incomeBeforeTax": "89000000", "incomeTaxExpense": "33000000", "interestAndDebtExpense": "None", "netIncomeFromContinuingOperations": "0", "comprehensiveIncomeNetOfTax": "None", "ebit": "0", "ebitda": "None", "netIncome": "54000000"}, {"fiscalDateEnding": "2003-03-31", "reportedCurrency": "USD", "grossProfit": "0", "totalRevenue": "909000000", "costOfRevenue": "728000000", "costofGoodsAndServicesSold": "728000000", "operatingIncome": "95000000", "sellingGeneralAndAdministrative": "0", "researchAndDevelopment": "0", "operatingExpenses": "0", "investmentIncomeNet": "None", "netInterestIncome": "None", "interestIncome": "None", "interestExpense": "75000000", "nonInterestIncome": "None", "otherNonOperatingIncome": "None", "depreciation": "None", "depreciationAndAmortization": "None", "incomeBeforeTax": "12000000", "incomeTaxExpense": "1000000", "interestAndDebtExpense": "None", "netIncomeFromContinuingOperations": "0", "comprehensiveIncomeNetOfTax": "None", "ebit": "0", "ebitda": "None", "netIncome": "9000000"}, {"fiscalDateEnding": "2002-12-31", "reportedCurrency": "USD", "grossProfit": "968000000", "totalRevenue": "957000000", "costOfRevenue": "730000000", "costofGoodsAndServicesSold": "730000000", "operatingIncome": "137000000", "sellingGeneralAndAdministrative": "0", "researchAndDevelopment": "0", "operatingExpenses": "0", "investmentIncomeNet": "None", "netInterestIncome": "None", "interestIncome": "None", "interestExpense": "76000000", "nonInterestIncome": "None", "otherNonOperatingIncome": "None", "depreciation": "None", "depreciationAndAmortization": "None", "incomeBeforeTax": "64000000", "incomeTaxExpense": "23000000", "interestAndDebtExpense": "None", "netIncomeFromContinuingOperations": "0", "comprehensiveIncomeNetOfTax": "None", "ebit": "0", "ebitda": "None", "netIncome": "40000000"}, {"fiscalDateEnding": "2002-09-30", "reportedCurrency": "USD", "grossProfit": "0", "totalRevenue": "934000000", "costOfRevenue": "711000000", "costofGoodsAndServicesSold": "711000000", "operatingIncome": "137000000", "sellingGeneralAndAdministrative": "0", "researchAndDevelopment": "0", "operatingExpenses": "0", "investmentIncomeNet": "None", "netInterestIncome": "None", "interestIncome": "None", "interestExpense": "78000000", "nonInterestIncome": "None", "otherNonOperatingIncome": "None", "depreciation": "None", "depreciationAndAmortization": "None", "incomeBeforeTax": "52000000", "incomeTaxExpense": "4000000", "interestAndDebtExpense": "None", "netIncomeFromContinuingOperations": "0", "comprehensiveIncomeNetOfTax": "None", "ebit": "0", "ebitda": "None", "netIncome": "48000000"}, {"fiscalDateEnding": "2002-06-30", "reportedCurrency": "USD", "grossProfit": "0", "totalRevenue": "1035000000", "costOfRevenue": "739000000", "costofGoodsAndServicesSold": "739000000", "operatingIncome": "209000000", "sellingGeneralAndAdministrative": "0", "researchAndDevelopment": "0", "operatingExpenses": "0", "investmentIncomeNet": "None", "netInterestIncome": "None", "interestIncome": "None", "interestExpense": "87000000", "nonInterestIncome": "None", "otherNonOperatingIncome": "None", "depreciation": "None", "depreciationAndAmortization": "None", "incomeBeforeTax": "110000000", "incomeTaxExpense": "31000000", "interestAndDebtExpense": "None", "netIncomeFromContinuingOperations": "0", "comprehensiveIncomeNetOfTax": "None", "ebit": "0", "ebitda": "None", "netIncome": "76000000"}, {"fiscalDateEnding": "2002-03-31", "reportedCurrency": "USD", "grossProfit": "0", "totalRevenue": "921000000", "costOfRevenue": "699000000", "costofGoodsAndServicesSold": "699000000", "operatingIncome": "137000000", "sellingGeneralAndAdministrative": "0", "researchAndDevelopment": "0", "operatingExpenses": "0", "investmentIncomeNet": "None", "netInterestIncome": "None", "interestIncome": "None", "interestExpense": "87000000", "nonInterestIncome": "None", "otherNonOperatingIncome": "None", "depreciation": "None", "depreciationAndAmortization": "None", "incomeBeforeTax": "59000000", "incomeTaxExpense": "23000000", "interestAndDebtExpense": "None", "netIncomeFromContinuingOperations": "0", "comprehensiveIncomeNetOfTax": "None", "ebit": "0", "ebitda": "None", "netIncome": "34000000"}, {"fiscalDateEnding": "2001-12-31", "reportedCurrency": "USD", "grossProfit": "1023000000", "totalRevenue": "887000000", "costOfRevenue": "711000000", "costofGoodsAndServicesSold": "711000000", "operatingIncome": "79000000", "sellingGeneralAndAdministrative": "0", "researchAndDevelopment": "0", "operatingExpenses": "0", "investmentIncomeNet": "None", "netInterestIncome": "None", "interestIncome": "None", "interestExpense": "87000000", "nonInterestIncome": "None", "otherNonOperatingIncome": "None", "depreciation": "None", "depreciationAndAmortization": "None", "incomeBeforeTax": "206000000", "incomeTaxExpense": "55000000", "interestAndDebtExpense": "None", "netIncomeFromContinuingOperations": "0", "comprehensiveIncomeNetOfTax": "None", "ebit": "0", "ebitda": "None", "netIncome": "4000000"}, {"fiscalDateEnding": "2001-09-30", "reportedCurrency": "USD", "grossProfit": "0", "totalRevenue": "942000000", "costOfRevenue": "715000000", "costofGoodsAndServicesSold": "715000000", "operatingIncome": "127000000", "sellingGeneralAndAdministrative": "0", "researchAndDevelopment": "0", "operatingExpenses": "0", "investmentIncomeNet": "None", "netInterestIncome": "None", "interestIncome": "None", "interestExpense": "95000000", "nonInterestIncome": "None", "otherNonOperatingIncome": "None", "depreciation": "None", "depreciationAndAmortization": "None", "incomeBeforeTax": "44000000", "incomeTaxExpense": "22000000", "interestAndDebtExpense": "None", "netIncomeFromContinuingOperations": "0", "comprehensiveIncomeNetOfTax": "None", "ebit": "0", "ebitda": "None", "netIncome": "21000000"}, {"fiscalDateEnding": "2001-06-30", "reportedCurrency": "USD", "grossProfit": "0", "totalRevenue": "1094000000", "costOfRevenue": "758000000", "costofGoodsAndServicesSold": "758000000", "operatingIncome": "238000000", "sellingGeneralAndAdministrative": "0", "researchAndDevelopment": "0", "operatingExpenses": "0", "investmentIncomeNet": "None", "netInterestIncome": "None", "interestIncome": "None", "interestExpense": "99000000", "nonInterestIncome": "None", "otherNonOperatingIncome": "None", "depreciation": "None", "depreciationAndAmortization": "None", "incomeBeforeTax": "149000000", "incomeTaxExpense": "61000000", "interestAndDebtExpense": "None", "netIncomeFromContinuingOperations": "0", "comprehensiveIncomeNetOfTax": "None", "ebit": "0", "ebitda": "None", "netIncome": "86000000"}, {"fiscalDateEnding": "2001-03-31", "reportedCurrency": "USD", "grossProfit": "0", "totalRevenue": "1070000000", "costOfRevenue": "786000000", "costofGoodsAndServicesSold": "786000000", "operatingIncome": "188000000", "sellingGeneralAndAdministrative": "0", "researchAndDevelopment": "0", "operatingExpenses": "0", "investmentIncomeNet": "None", "netInterestIncome": "None", "interestIncome": "None", "interestExpense": "104000000", "nonInterestIncome": "None", "otherNonOperatingIncome": "None", "depreciation": "None", "depreciationAndAmortization": "None", "incomeBeforeTax": "98000000", "incomeTaxExpense": "40000000", "interestAndDebtExpense": "None", "netIncomeFromContinuingOperations": "0", "comprehensiveIncomeNetOfTax": "None", "ebit": "0", "ebitda": "None", "netIncome": "55000000"}, {"fiscalDateEnding": "2000-12-31", "reportedCurrency": "USD", "grossProfit": "1204000000", "totalRevenue": "875000000", "costOfRevenue": "583000000", "costofGoodsAndServicesSold": "583000000", "operatingIncome": "196000000", "sellingGeneralAndAdministrative": "0", "researchAndDevelopment": "0", "operatingExpenses": "0", "investmentIncomeNet": "None", "netInterestIncome": "None", "interestIncome": "None", "interestExpense": "111000000", "nonInterestIncome": "None", "otherNonOperatingIncome": "None", "depreciation": "None", "depreciationAndAmortization": "None", "incomeBeforeTax": "112000000", "incomeTaxExpense": "46000000", "interestAndDebtExpense": "None", "netIncomeFromContinuingOperations": "0", "comprehensiveIncomeNetOfTax": "None", "ebit": "0", "ebitda": "None", "netIncome": "64000000"}, {"fiscalDateEnding": "2000-09-30", "reportedCurrency": "USD", "grossProfit": "0", "totalRevenue": "867000000", "costOfRevenue": "566000000", "costofGoodsAndServicesSold": "566000000", "operatingIncome": "203000000", "sellingGeneralAndAdministrative": "0", "researchAndDevelopment": "0", "operatingExpenses": "0", "investmentIncomeNet": "None", "netInterestIncome": "None", "interestIncome": "None", "interestExpense": "117000000", "nonInterestIncome": "None", "otherNonOperatingIncome": "None", "depreciation": "None", "depreciationAndAmortization": "None", "incomeBeforeTax": "106000000", "incomeTaxExpense": "44000000", "interestAndDebtExpense": "None", "netIncomeFromContinuingOperations": "0", "comprehensiveIncomeNetOfTax": "None", "ebit": "0", "ebitda": "None", "netIncome": "62000000"}, {"fiscalDateEnding": "2000-06-30", "reportedCurrency": "USD", "grossProfit": "0", "totalRevenue": "916000000", "costOfRevenue": "570000000", "costofGoodsAndServicesSold": "570000000", "operatingIncome": "250000000", "sellingGeneralAndAdministrative": "0", "researchAndDevelopment": "0", "operatingExpenses": "0", "investmentIncomeNet": "None", "netInterestIncome": "None", "interestIncome": "None", "interestExpense": "113000000", "nonInterestIncome": "None", "otherNonOperatingIncome": "None", "depreciation": "None", "depreciationAndAmortization": "None", "incomeBeforeTax": "155000000", "incomeTaxExpense": "65000000", "interestAndDebtExpense": "None", "netIncomeFromContinuingOperations": "0", "comprehensiveIncomeNetOfTax": "None", "ebit": "0", "ebitda": "None", "netIncome": "88000000"}]}