{"symbol": "ARE", "annualReports": [{"fiscalDateEnding": "2024-12-31", "reportedCurrency": "USD", "grossProfit": "2207129000", "totalRevenue": "3116394000", "costOfRevenue": "909265000", "costofGoodsAndServicesSold": "909265000", "operatingIncome": "836390000", "sellingGeneralAndAdministrative": "168359000", "researchAndDevelopment": "None", "operatingExpenses": "1370739000", "investmentIncomeNet": "None", "netInterestIncome": "-185838000", "interestIncome": "None", "interestExpense": "185838000", "nonInterestIncome": "None", "otherNonOperatingIncome": "None", "depreciation": "None", "depreciationAndAmortization": "1202380000", "incomeBeforeTax": "309555000", "incomeTaxExpense": "None", "interestAndDebtExpense": "None", "netIncomeFromContinuingOperations": "510733000", "comprehensiveIncomeNetOfTax": "None", "ebit": "696571000", "ebitda": "1898951000", "netIncome": "322949000"}, {"fiscalDateEnding": "2023-12-31", "reportedCurrency": "USD", "grossProfit": "2026519000", "totalRevenue": "2885699000", "costOfRevenue": "859180000", "costofGoodsAndServicesSold": "859180000", "operatingIncome": "1088034000", "sellingGeneralAndAdministrative": "199354000", "researchAndDevelopment": "0.03", "operatingExpenses": "199354000", "investmentIncomeNet": "None", "netInterestIncome": "-74204000", "interestIncome": "None", "interestExpense": "74204000", "nonInterestIncome": "None", "otherNonOperatingIncome": "None", "depreciation": "None", "depreciationAndAmortization": "1093473000", "incomeBeforeTax": "280994000", "incomeTaxExpense": "-188550000", "interestAndDebtExpense": "None", "netIncomeFromContinuingOperations": "280994000", "comprehensiveIncomeNetOfTax": "None", "ebit": "355198000", "ebitda": "1448671000", "netIncome": "103639000"}, {"fiscalDateEnding": "2022-12-31", "reportedCurrency": "USD", "grossProfit": "1805809000", "totalRevenue": "2588962000", "costOfRevenue": "783153000", "costofGoodsAndServicesSold": "783153000", "operatingIncome": "627030000", "sellingGeneralAndAdministrative": "177278000", "researchAndDevelopment": "0.13", "operatingExpenses": "1179424000", "investmentIncomeNet": "None", "netInterestIncome": "-94203000", "interestIncome": "425316000", "interestExpense": "94203000", "nonInterestIncome": "None", "otherNonOperatingIncome": "535246000", "depreciation": "None", "depreciationAndAmortization": "2374770000", "incomeBeforeTax": "670701000", "incomeTaxExpense": "94203000", "interestAndDebtExpense": "None", "netIncomeFromContinuingOperations": "-1586503000", "comprehensiveIncomeNetOfTax": "None", "ebit": "-745594000", "ebitda": "1629176000", "netIncome": "521660000"}, {"fiscalDateEnding": "2021-12-31", "reportedCurrency": "USD", "grossProfit": "1490595000", "totalRevenue": "2114150000", "costOfRevenue": "623555000", "costofGoodsAndServicesSold": "623555000", "operatingIncome": "530328000", "sellingGeneralAndAdministrative": "151461000", "researchAndDevelopment": "0.43", "operatingExpenses": "972522000", "investmentIncomeNet": "None", "netInterestIncome": "-142165000", "interestIncome": "129567000", "interestExpense": "142165000", "nonInterestIncome": "None", "otherNonOperatingIncome": "None", "depreciation": "None", "depreciationAndAmortization": "821061000", "incomeBeforeTax": "654282000", "incomeTaxExpense": "237455000", "interestAndDebtExpense": "None", "netIncomeFromContinuingOperations": "654282000", "comprehensiveIncomeNetOfTax": "None", "ebit": "530328000", "ebitda": "1351389000", "netIncome": "571247000"}, {"fiscalDateEnding": "2020-12-31", "reportedCurrency": "USD", "grossProfit": "1355413000", "totalRevenue": "1885637000", "costOfRevenue": "530224000", "costofGoodsAndServicesSold": "530224000", "operatingIncome": "532116000", "sellingGeneralAndAdministrative": "133341000", "researchAndDevelopment": "0.57", "operatingExpenses": "831445000", "investmentIncomeNet": "None", "netInterestIncome": "-171609000", "interestIncome": "257860000", "interestExpense": "171609000", "nonInterestIncome": "None", "otherNonOperatingIncome": "-52520000", "depreciation": "None", "depreciationAndAmortization": "698104000", "incomeBeforeTax": "827171000", "incomeTaxExpense": "235969000", "interestAndDebtExpense": "None", "netIncomeFromContinuingOperations": "-1633876000", "comprehensiveIncomeNetOfTax": "None", "ebit": "532116000", "ebitda": "1230220000", "netIncome": "770959000"}, {"fiscalDateEnding": "2019-12-31", "reportedCurrency": "USD", "grossProfit": "1085804000", "totalRevenue": "1531296000", "costOfRevenue": "445492000", "costofGoodsAndServicesSold": "445492000", "operatingIncome": "442505000", "sellingGeneralAndAdministrative": "108823000", "researchAndDevelopment": "0.45", "operatingExpenses": "653435000", "investmentIncomeNet": "None", "netInterestIncome": "-173675000", "interestIncome": "31108000", "interestExpense": "173675000", "nonInterestIncome": "None", "otherNonOperatingIncome": "47570000", "depreciation": "None", "depreciationAndAmortization": "544612000", "incomeBeforeTax": "404047000", "incomeTaxExpense": "224693000", "interestAndDebtExpense": "None", "netIncomeFromContinuingOperations": "1332506000", "comprehensiveIncomeNetOfTax": "None", "ebit": "442505000", "ebitda": "987117000", "netIncome": "363165000"}, {"fiscalDateEnding": "2018-12-31", "reportedCurrency": "USD", "grossProfit": "946339000", "totalRevenue": "1327459000", "costOfRevenue": "381120000", "costofGoodsAndServicesSold": "381120000", "operatingIncome": "422254000", "sellingGeneralAndAdministrative": "90405000", "researchAndDevelopment": "0.46", "operatingExpenses": "568066000", "investmentIncomeNet": "None", "netInterestIncome": "-157495000", "interestIncome": "23249000", "interestExpense": "157495000", "nonInterestIncome": "None", "otherNonOperatingIncome": "1122000", "depreciation": "None", "depreciationAndAmortization": "477661000", "incomeBeforeTax": "402793000", "incomeTaxExpense": "-114553000", "interestAndDebtExpense": "None", "netIncomeFromContinuingOperations": "1114114000", "comprehensiveIncomeNetOfTax": "None", "ebit": "422254000", "ebitda": "899915000", "netIncome": "379312000"}, {"fiscalDateEnding": "2017-12-31", "reportedCurrency": "USD", "grossProfit": "798902000", "totalRevenue": "1124511000", "costOfRevenue": "325609000", "costofGoodsAndServicesSold": "325609000", "operatingIncome": "180722000", "sellingGeneralAndAdministrative": "75009000", "researchAndDevelopment": "0.22", "operatingExpenses": "491792000", "investmentIncomeNet": "None", "netInterestIncome": "-126388000", "interestIncome": "2257000", "interestExpense": "128645000", "nonInterestIncome": "None", "otherNonOperatingIncome": "3562000", "depreciation": "None", "depreciationAndAmortization": "887824000", "incomeBeforeTax": "194204000", "incomeTaxExpense": "25111000", "interestAndDebtExpense": "None", "netIncomeFromContinuingOperations": "194093000", "comprehensiveIncomeNetOfTax": "None", "ebit": "-276948000", "ebitda": "610876000", "netIncome": "169093000"}, {"fiscalDateEnding": "2016-12-31", "reportedCurrency": "USD", "grossProfit": "619485000", "totalRevenue": "897893000", "costOfRevenue": "278408000", "costofGoodsAndServicesSold": "278408000", "operatingIncome": "41052000", "sellingGeneralAndAdministrative": "63884000", "researchAndDevelopment": "0.17", "operatingExpenses": "377274000", "investmentIncomeNet": "None", "netInterestIncome": "-100273000", "interestIncome": "6680000", "interestExpense": "106953000", "nonInterestIncome": "None", "otherNonOperatingIncome": "3320000", "depreciation": "None", "depreciationAndAmortization": "655682000", "incomeBeforeTax": "-49799000", "incomeTaxExpense": "16102000", "interestAndDebtExpense": "None", "netIncomeFromContinuingOperations": "-49889000", "comprehensiveIncomeNetOfTax": "None", "ebit": "-392181000", "ebitda": "263501000", "netIncome": "-65901000"}, {"fiscalDateEnding": "2015-12-31", "reportedCurrency": "USD", "grossProfit": "558322000", "totalRevenue": "819554000", "costOfRevenue": "261232000", "costofGoodsAndServicesSold": "261232000", "operatingIncome": "136577000", "sellingGeneralAndAdministrative": "59621000", "researchAndDevelopment": "None", "operatingExpenses": "320910000", "investmentIncomeNet": "None", "netInterestIncome": "None", "interestIncome": "104162000", "interestExpense": "105813000", "nonInterestIncome": "None", "otherNonOperatingIncome": "-189000", "depreciation": "None", "depreciationAndAmortization": "261289000", "incomeBeforeTax": "146157000", "incomeTaxExpense": "1940000", "interestAndDebtExpense": "None", "netIncomeFromContinuingOperations": "146157000", "comprehensiveIncomeNetOfTax": "None", "ebit": "146157000", "ebitda": "407446000", "netIncome": "144217000"}, {"fiscalDateEnding": "2014-12-31", "reportedCurrency": "USD", "grossProfit": "507713000", "totalRevenue": "726877000", "costOfRevenue": "219164000", "costofGoodsAndServicesSold": "219164000", "operatingIncome": "180873000", "sellingGeneralAndAdministrative": "53530000", "researchAndDevelopment": "None", "operatingExpenses": "277626000", "investmentIncomeNet": "None", "netInterestIncome": "None", "interestIncome": "None", "interestExpense": "79299000", "nonInterestIncome": "None", "otherNonOperatingIncome": "-525000", "depreciation": "None", "depreciationAndAmortization": "224096000", "incomeBeforeTax": "105545000", "incomeTaxExpense": "3971000", "interestAndDebtExpense": "None", "netIncomeFromContinuingOperations": "99142000", "comprehensiveIncomeNetOfTax": "None", "ebit": "99142000", "ebitda": "323238000", "netIncome": "101574000"}, {"fiscalDateEnding": "2013-12-31", "reportedCurrency": "USD", "grossProfit": "442112000", "totalRevenue": "631151000", "costOfRevenue": "189039000", "costofGoodsAndServicesSold": "189039000", "operatingIncome": "130947000", "sellingGeneralAndAdministrative": "48520000", "researchAndDevelopment": "None", "operatingExpenses": "237643000", "investmentIncomeNet": "None", "netInterestIncome": "None", "interestIncome": "None", "interestExpense": "67952000", "nonInterestIncome": "None", "otherNonOperatingIncome": "6816000", "depreciation": "None", "depreciationAndAmortization": "189123000", "incomeBeforeTax": "139349000", "incomeTaxExpense": "3132000", "interestAndDebtExpense": "None", "netIncomeFromContinuingOperations": "134525000", "comprehensiveIncomeNetOfTax": "None", "ebit": "134525000", "ebitda": "323648000", "netIncome": "136217000"}, {"fiscalDateEnding": "2012-12-31", "reportedCurrency": "USD", "grossProfit": "411550000", "totalRevenue": "586073000", "costOfRevenue": "174523000", "costofGoodsAndServicesSold": "174523000", "operatingIncome": "103424000", "sellingGeneralAndAdministrative": "47795000", "researchAndDevelopment": "None", "operatingExpenses": "236645000", "investmentIncomeNet": "None", "netInterestIncome": "None", "interestIncome": "None", "interestExpense": "69184000", "nonInterestIncome": "None", "otherNonOperatingIncome": "-361000", "depreciation": "None", "depreciationAndAmortization": "188850000", "incomeBeforeTax": "91910000", "incomeTaxExpense": "-10216000", "interestAndDebtExpense": "None", "netIncomeFromContinuingOperations": "101446000", "comprehensiveIncomeNetOfTax": "None", "ebit": "101446000", "ebitda": "290296000", "netIncome": "102126000"}, {"fiscalDateEnding": "2011-12-31", "reportedCurrency": "USD", "grossProfit": "341409000", "totalRevenue": "510036000", "costOfRevenue": "168627000", "costofGoodsAndServicesSold": "168627000", "operatingIncome": "194825000", "sellingGeneralAndAdministrative": "209790000", "researchAndDevelopment": "None", "operatingExpenses": "216275000", "investmentIncomeNet": "None", "netInterestIncome": "None", "interestIncome": "None", "interestExpense": "63407000", "nonInterestIncome": "None", "otherNonOperatingIncome": "None", "depreciation": "None", "depreciationAndAmortization": "157526000", "incomeBeforeTax": "131418000", "incomeTaxExpense": "-131418000", "interestAndDebtExpense": "None", "netIncomeFromContinuingOperations": "None", "comprehensiveIncomeNetOfTax": "None", "ebit": "136235000", "ebitda": "293761000", "netIncome": "131418000"}, {"fiscalDateEnding": "2010-12-31", "reportedCurrency": "USD", "grossProfit": "355025000", "totalRevenue": "487303000", "costOfRevenue": "132278000", "costofGoodsAndServicesSold": "132278000", "operatingIncome": "204935000", "sellingGeneralAndAdministrative": "166668000", "researchAndDevelopment": "None", "operatingExpenses": "166668000", "investmentIncomeNet": "None", "netInterestIncome": "None", "interestIncome": "None", "interestExpense": "69642000", "nonInterestIncome": "None", "otherNonOperatingIncome": "14274000", "depreciation": "None", "depreciationAndAmortization": "126539000", "incomeBeforeTax": "135293000", "incomeTaxExpense": "-135293000", "interestAndDebtExpense": "None", "netIncomeFromContinuingOperations": "79286000", "comprehensiveIncomeNetOfTax": "None", "ebit": "79286000", "ebitda": "205825000", "netIncome": "135293000"}, {"fiscalDateEnding": "2009-12-31", "reportedCurrency": "USD", "grossProfit": "370900000", "totalRevenue": "491394000", "costOfRevenue": "120494000", "costofGoodsAndServicesSold": "120494000", "operatingIncome": "215872000", "sellingGeneralAndAdministrative": "156784000", "researchAndDevelopment": "None", "operatingExpenses": "156784000", "investmentIncomeNet": "None", "netInterestIncome": "None", "interestIncome": "None", "interestExpense": "81271000", "nonInterestIncome": "None", "otherNonOperatingIncome": "None", "depreciation": "None", "depreciationAndAmortization": "116909000", "incomeBeforeTax": "134601000", "incomeTaxExpense": "-134601000", "interestAndDebtExpense": "None", "netIncomeFromContinuingOperations": "None", "comprehensiveIncomeNetOfTax": "None", "ebit": "206447000", "ebitda": "323356000", "netIncome": "134601000"}, {"fiscalDateEnding": "2008-12-31", "reportedCurrency": "USD", "grossProfit": "-193334000", "totalRevenue": "-78791000", "costOfRevenue": "114543000", "costofGoodsAndServicesSold": "114543000", "operatingIncome": "201660000", "sellingGeneralAndAdministrative": "34796000", "researchAndDevelopment": "None", "operatingExpenses": "149339000", "investmentIncomeNet": "None", "netInterestIncome": "None", "interestIncome": "None", "interestExpense": "78791000", "nonInterestIncome": "None", "otherNonOperatingIncome": "None", "depreciation": "None", "depreciationAndAmortization": "108233000", "incomeBeforeTax": "122869000", "incomeTaxExpense": "-122869000", "interestAndDebtExpense": "None", "netIncomeFromContinuingOperations": "None", "comprehensiveIncomeNetOfTax": "None", "ebit": "203606000", "ebitda": "311839000", "netIncome": "116298000"}, {"fiscalDateEnding": "2007-12-31", "reportedCurrency": "USD", "grossProfit": "217763000", "totalRevenue": "316973000", "costOfRevenue": "99210000", "costofGoodsAndServicesSold": "99210000", "operatingIncome": "182111000", "sellingGeneralAndAdministrative": "32456000", "researchAndDevelopment": "None", "operatingExpenses": "32456000", "investmentIncomeNet": "None", "netInterestIncome": "None", "interestIncome": "None", "interestExpense": "88387000", "nonInterestIncome": "None", "otherNonOperatingIncome": "None", "depreciation": "None", "depreciationAndAmortization": "95272000", "incomeBeforeTax": "93724000", "incomeTaxExpense": "-93724000", "interestAndDebtExpense": "None", "netIncomeFromContinuingOperations": "None", "comprehensiveIncomeNetOfTax": "None", "ebit": "179281000", "ebitda": "274553000", "netIncome": "93724000"}, {"fiscalDateEnding": "2006-12-31", "reportedCurrency": "USD", "grossProfit": "245450000", "totalRevenue": "245450000", "costOfRevenue": "171193000", "costofGoodsAndServicesSold": "171193000", "operatingIncome": "144787000", "sellingGeneralAndAdministrative": "26071000", "researchAndDevelopment": "None", "operatingExpenses": "26071000", "investmentIncomeNet": "None", "netInterestIncome": "None", "interestIncome": "None", "interestExpense": "71371000", "nonInterestIncome": "None", "otherNonOperatingIncome": "None", "depreciation": "None", "depreciationAndAmortization": "77680000", "incomeBeforeTax": "73416000", "incomeTaxExpense": "-73416000", "interestAndDebtExpense": "None", "netIncomeFromContinuingOperations": "None", "comprehensiveIncomeNetOfTax": "None", "ebit": "145628000", "ebitda": "223308000", "netIncome": "73416000"}, {"fiscalDateEnding": "2005-12-31", "reportedCurrency": "USD", "grossProfit": "194968000", "totalRevenue": "194968000", "costOfRevenue": "131033000", "costofGoodsAndServicesSold": "131033000", "operatingIncome": "112549000", "sellingGeneralAndAdministrative": "21094000", "researchAndDevelopment": "None", "operatingExpenses": "21094000", "investmentIncomeNet": "None", "netInterestIncome": "None", "interestIncome": "None", "interestExpense": "49116000", "nonInterestIncome": "None", "otherNonOperatingIncome": "None", "depreciation": "None", "depreciationAndAmortization": "60993000", "incomeBeforeTax": "63433000", "incomeTaxExpense": "-63433000", "interestAndDebtExpense": "None", "netIncomeFromContinuingOperations": "None", "comprehensiveIncomeNetOfTax": "None", "ebit": "109950000", "ebitda": "170943000", "netIncome": "63433000"}], "quarterlyReports": [{"fiscalDateEnding": "2024-12-31", "reportedCurrency": "USD", "grossProfit": "76914000", "totalRevenue": "112690000", "costOfRevenue": "35776000", "costofGoodsAndServicesSold": "35776000", "operatingIncome": "76270000", "sellingGeneralAndAdministrative": "644000", "researchAndDevelopment": "None", "operatingExpenses": "644000", "investmentIncomeNet": "None", "netInterestIncome": "-55659000", "interestIncome": "None", "interestExpense": "55659000", "nonInterestIncome": "None", "otherNonOperatingIncome": "None", "depreciation": "None", "depreciationAndAmortization": "314596000", "incomeBeforeTax": "-16095000", "incomeTaxExpense": "None", "interestAndDebtExpense": "None", "netIncomeFromContinuingOperations": "-16095000", "comprehensiveIncomeNetOfTax": "None", "ebit": "55076000", "ebitda": "369672000", "netIncome": "-62245000"}, {"fiscalDateEnding": "2024-09-30", "reportedCurrency": "USD", "grossProfit": "248481000", "totalRevenue": "775744000", "costOfRevenue": "527263000", "costofGoodsAndServicesSold": "527263000", "operatingIncome": "204536000", "sellingGeneralAndAdministrative": "43945000", "researchAndDevelopment": "None", "operatingExpenses": "43945000", "investmentIncomeNet": "None", "netInterestIncome": "-43550000", "interestIncome": "None", "interestExpense": "43550000", "nonInterestIncome": "None", "otherNonOperatingIncome": "None", "depreciation": "None", "depreciationAndAmortization": "293998000", "incomeBeforeTax": "213603000", "incomeTaxExpense": "115585000", "interestAndDebtExpense": "None", "netIncomeFromContinuingOperations": "213603000", "comprehensiveIncomeNetOfTax": "None", "ebit": "223009000", "ebitda": "517007000", "netIncome": "164674000"}, {"fiscalDateEnding": "2024-06-30", "reportedCurrency": "USD", "grossProfit": "258760000", "totalRevenue": "766734000", "costOfRevenue": "507974000", "costofGoodsAndServicesSold": "507974000", "operatingIncome": "149893000", "sellingGeneralAndAdministrative": "44629000", "researchAndDevelopment": "None", "operatingExpenses": "335349000", "investmentIncomeNet": "None", "netInterestIncome": "-45789000", "interestIncome": "None", "interestExpense": "45789000", "nonInterestIncome": "None", "otherNonOperatingIncome": "None", "depreciation": "None", "depreciationAndAmortization": "290720000", "incomeBeforeTax": "94049000", "incomeTaxExpense": "51132000", "interestAndDebtExpense": "None", "netIncomeFromContinuingOperations": "94049000", "comprehensiveIncomeNetOfTax": "None", "ebit": "473958000", "ebitda": "764678000", "netIncome": "46702000"}, {"fiscalDateEnding": "2024-03-31", "reportedCurrency": "USD", "grossProfit": "263240000", "totalRevenue": "769108000", "costOfRevenue": "505868000", "costofGoodsAndServicesSold": "505868000", "operatingIncome": "245343000", "sellingGeneralAndAdministrative": "47055000", "researchAndDevelopment": "None", "operatingExpenses": "17897000", "investmentIncomeNet": "None", "netInterestIncome": "-40840000", "interestIncome": "None", "interestExpense": "40840000", "nonInterestIncome": "None", "otherNonOperatingIncome": "None", "depreciation": "None", "depreciationAndAmortization": "287554000", "incomeBeforeTax": "262459999", "incomeTaxExpense": "95573999", "interestAndDebtExpense": "None", "netIncomeFromContinuingOperations": "219150000", "comprehensiveIncomeNetOfTax": "None", "ebit": "245343000", "ebitda": "532897000", "netIncome": "170545000"}, {"fiscalDateEnding": "2023-12-31", "reportedCurrency": "USD", "grossProfit": "-222726000", "totalRevenue": "757216000", "costOfRevenue": "979942000", "costofGoodsAndServicesSold": "979942000", "operatingIncome": "534490000", "sellingGeneralAndAdministrative": "59289000", "researchAndDevelopment": "None", "operatingExpenses": "-757216000", "investmentIncomeNet": "None", "netInterestIncome": "-31967000", "interestIncome": "None", "interestExpense": "31967000", "nonInterestIncome": "None", "otherNonOperatingIncome": "None", "depreciation": "None", "depreciationAndAmortization": "285246000", "incomeBeforeTax": "391190000", "incomeTaxExpense": "-261562000", "interestAndDebtExpense": "None", "netIncomeFromContinuingOperations": "-42658000", "comprehensiveIncomeNetOfTax": "None", "ebit": "-10691000", "ebitda": "274555000", "netIncome": "391190000"}, {"fiscalDateEnding": "2023-09-30", "reportedCurrency": "USD", "grossProfit": "475210000", "totalRevenue": "713788000", "costOfRevenue": "238578000", "costofGoodsAndServicesSold": "238578000", "operatingIncome": "429223000", "sellingGeneralAndAdministrative": "45987000", "researchAndDevelopment": "None", "operatingExpenses": "45987000", "investmentIncomeNet": "None", "netInterestIncome": "-11411000", "interestIncome": "88371000", "interestExpense": "11411000", "nonInterestIncome": "None", "otherNonOperatingIncome": "None", "depreciation": "None", "depreciationAndAmortization": "269370000", "incomeBeforeTax": "21855000", "incomeTaxExpense": "-2414000", "interestAndDebtExpense": "None", "netIncomeFromContinuingOperations": "68254000", "comprehensiveIncomeNetOfTax": "None", "ebit": "429223000", "ebitda": "698593000", "netIncome": "24269000"}, {"fiscalDateEnding": "2023-06-30", "reportedCurrency": "USD", "grossProfit": "118500000", "totalRevenue": "713900000", "costOfRevenue": "595400000", "costofGoodsAndServicesSold": "595400000", "operatingIncome": "229235000", "sellingGeneralAndAdministrative": "45882000", "researchAndDevelopment": "None", "operatingExpenses": "319437000", "investmentIncomeNet": "None", "netInterestIncome": "-17072000", "interestIncome": "95159000", "interestExpense": "17072000", "nonInterestIncome": "None", "otherNonOperatingIncome": "214991000", "depreciation": "None", "depreciationAndAmortization": "273555000", "incomeBeforeTax": "133705000", "incomeTaxExpense": "117007000", "interestAndDebtExpense": "None", "netIncomeFromContinuingOperations": "-501927000", "comprehensiveIncomeNetOfTax": "None", "ebit": "72618000", "ebitda": "346173000", "netIncome": "16698000"}, {"fiscalDateEnding": "2023-03-31", "reportedCurrency": "USD", "grossProfit": "493862000", "totalRevenue": "700795000", "costOfRevenue": "206933000", "costofGoodsAndServicesSold": "206933000", "operatingIncome": "180558000", "sellingGeneralAndAdministrative": "48196000", "researchAndDevelopment": "None", "operatingExpenses": "313498000", "investmentIncomeNet": "None", "netInterestIncome": "-13754000", "interestIncome": "58671000", "interestExpense": "13754000", "nonInterestIncome": "None", "otherNonOperatingIncome": "194000", "depreciation": "None", "depreciationAndAmortization": "265302000", "incomeBeforeTax": "121693000", "incomeTaxExpense": "88942000", "interestAndDebtExpense": "None", "netIncomeFromContinuingOperations": "121693000", "comprehensiveIncomeNetOfTax": "None", "ebit": "445472000", "ebitda": "710774000", "netIncome": "32751000"}, {"fiscalDateEnding": "2022-12-31", "reportedCurrency": "USD", "grossProfit": "465929000", "totalRevenue": "670281000", "costOfRevenue": "204352000", "costofGoodsAndServicesSold": "204352000", "operatingIncome": "158629000", "sellingGeneralAndAdministrative": "42992000", "researchAndDevelopment": "None", "operatingExpenses": "307472000", "investmentIncomeNet": "None", "netInterestIncome": "-17522000", "interestIncome": "37003000", "interestExpense": "17522000", "nonInterestIncome": "None", "otherNonOperatingIncome": "172000", "depreciation": "None", "depreciationAndAmortization": "264480000", "incomeBeforeTax": "95268000", "incomeTaxExpense": "17522000", "interestAndDebtExpense": "None", "netIncomeFromContinuingOperations": "-555360000", "comprehensiveIncomeNetOfTax": "None", "ebit": "158629000", "ebitda": "423109000", "netIncome": "77746000"}, {"fiscalDateEnding": "2022-09-30", "reportedCurrency": "USD", "grossProfit": "458663000", "totalRevenue": "659852000", "costOfRevenue": "201189000", "costofGoodsAndServicesSold": "201189000", "operatingIncome": "208037000", "sellingGeneralAndAdministrative": "49958000", "researchAndDevelopment": "None", "operatingExpenses": "304887000", "investmentIncomeNet": "None", "netInterestIncome": "-22984000", "interestIncome": "55249000", "interestExpense": "22984000", "nonInterestIncome": "None", "otherNonOperatingIncome": "323739000", "depreciation": "None", "depreciationAndAmortization": "254929000", "incomeBeforeTax": "383443000", "incomeTaxExpense": "38747000", "interestAndDebtExpense": "None", "netIncomeFromContinuingOperations": "-244104000", "comprehensiveIncomeNetOfTax": "None", "ebit": "46183000", "ebitda": "301112000", "netIncome": "344696000"}, {"fiscalDateEnding": "2022-06-30", "reportedCurrency": "USD", "grossProfit": "447480000", "totalRevenue": "643764000", "costOfRevenue": "196284000", "costofGoodsAndServicesSold": "196284000", "operatingIncome": "162218000", "sellingGeneralAndAdministrative": "43397000", "researchAndDevelopment": "None", "operatingExpenses": "285475000", "investmentIncomeNet": "None", "netInterestIncome": "-24257000", "interestIncome": "63525000", "interestExpense": "24257000", "nonInterestIncome": "None", "otherNonOperatingIncome": "211115000", "depreciation": "None", "depreciationAndAmortization": "242078000", "incomeBeforeTax": "309382000", "incomeTaxExpense": "37168000", "interestAndDebtExpense": "None", "netIncomeFromContinuingOperations": "-294901000", "comprehensiveIncomeNetOfTax": "None", "ebit": "189651000", "ebitda": "431729000", "netIncome": "272214000"}, {"fiscalDateEnding": "2022-03-31", "reportedCurrency": "USD", "grossProfit": "433737000", "totalRevenue": "615065000", "costOfRevenue": "181328000", "costofGoodsAndServicesSold": "181328000", "operatingIncome": "152367000", "sellingGeneralAndAdministrative": "40931000", "researchAndDevelopment": "None", "operatingExpenses": "281590000", "investmentIncomeNet": "None", "netInterestIncome": "-29440000", "interestIncome": "269539000", "interestExpense": "29440000", "nonInterestIncome": "None", "otherNonOperatingIncome": "220000", "depreciation": "None", "depreciationAndAmortization": "240659000", "incomeBeforeTax": "-117392000", "incomeTaxExpense": "32177000", "interestAndDebtExpense": "None", "netIncomeFromContinuingOperations": "-492138000", "comprehensiveIncomeNetOfTax": "None", "ebit": "-87952000", "ebitda": "152707000", "netIncome": "-149569000"}, {"fiscalDateEnding": "2021-12-31", "reportedCurrency": "USD", "grossProfit": "401206000", "totalRevenue": "576923000", "costOfRevenue": "175717000", "costofGoodsAndServicesSold": "175717000", "operatingIncome": "109757000", "sellingGeneralAndAdministrative": "41654000", "researchAndDevelopment": "None", "operatingExpenses": "280908000", "investmentIncomeNet": "None", "netInterestIncome": "-34862000", "interestIncome": "144728000", "interestExpense": "34862000", "nonInterestIncome": "None", "otherNonOperatingIncome": "None", "depreciation": "None", "depreciationAndAmortization": "239254000", "incomeBeforeTax": "99796000", "incomeTaxExpense": "24901000", "interestAndDebtExpense": "None", "netIncomeFromContinuingOperations": "99796000", "comprehensiveIncomeNetOfTax": "None", "ebit": "123316000", "ebitda": "362570000", "netIncome": "74895000"}, {"fiscalDateEnding": "2021-09-30", "reportedCurrency": "USD", "grossProfit": "381764000", "totalRevenue": "547759000", "costOfRevenue": "165995000", "costofGoodsAndServicesSold": "165995000", "operatingIncome": "138825000", "sellingGeneralAndAdministrative": "37931000", "researchAndDevelopment": "None", "operatingExpenses": "248773000", "investmentIncomeNet": "None", "netInterestIncome": "-35678000", "interestIncome": "34497000", "interestExpense": "35678000", "nonInterestIncome": "None", "otherNonOperatingIncome": "2656000", "depreciation": "None", "depreciationAndAmortization": "210842000", "incomeBeforeTax": "124433000", "incomeTaxExpense": "21286000", "interestAndDebtExpense": "None", "netIncomeFromContinuingOperations": "124433000", "comprehensiveIncomeNetOfTax": "None", "ebit": "298557000", "ebitda": "509399000", "netIncome": "103147000"}, {"fiscalDateEnding": "2021-06-30", "reportedCurrency": "USD", "grossProfit": "365664000", "totalRevenue": "509619000", "costOfRevenue": "143955000", "costofGoodsAndServicesSold": "143955000", "operatingIncome": "420242000", "sellingGeneralAndAdministrative": "37880000", "researchAndDevelopment": "None", "operatingExpenses": "227932000", "investmentIncomeNet": "None", "netInterestIncome": "-35158000", "interestIncome": "271714000", "interestExpense": "35158000", "nonInterestIncome": "None", "otherNonOperatingIncome": "2609000", "depreciation": "None", "depreciationAndAmortization": "190052000", "incomeBeforeTax": "404520000", "incomeTaxExpense": "19436000", "interestAndDebtExpense": "None", "netIncomeFromContinuingOperations": "404520000", "comprehensiveIncomeNetOfTax": "None", "ebit": "320249000", "ebitda": "510301000", "netIncome": "385084000"}, {"fiscalDateEnding": "2021-03-31", "reportedCurrency": "USD", "grossProfit": "341961000", "totalRevenue": "479849000", "costOfRevenue": "137888000", "costofGoodsAndServicesSold": "137888000", "operatingIncome": "44588000", "sellingGeneralAndAdministrative": "33996000", "researchAndDevelopment": "None", "operatingExpenses": "214909000", "investmentIncomeNet": "None", "netInterestIncome": "-36467000", "interestIncome": "31916000", "interestExpense": "36467000", "nonInterestIncome": "None", "otherNonOperatingIncome": "-60937000", "depreciation": "None", "depreciationAndAmortization": "180913000", "incomeBeforeTax": "25533000", "incomeTaxExpense": "17412000", "interestAndDebtExpense": "None", "netIncomeFromContinuingOperations": "25533000", "comprehensiveIncomeNetOfTax": "None", "ebit": "296520000", "ebitda": "477433000", "netIncome": "8121000"}, {"fiscalDateEnding": "2020-12-31", "reportedCurrency": "USD", "grossProfit": "326953000", "totalRevenue": "463720000", "costOfRevenue": "136767000", "costofGoodsAndServicesSold": "136767000", "operatingIncome": "479022000", "sellingGeneralAndAdministrative": "32690000", "researchAndDevelopment": "None", "operatingExpenses": "210440000", "investmentIncomeNet": "None", "netInterestIncome": "-37538000", "interestIncome": "221192000", "interestExpense": "37538000", "nonInterestIncome": "None", "otherNonOperatingIncome": "-4305000", "depreciation": "None", "depreciationAndAmortization": "177750000", "incomeBeforeTax": "457133000", "incomeTaxExpense": "15649000", "interestAndDebtExpense": "None", "netIncomeFromContinuingOperations": "-414227000", "comprehensiveIncomeNetOfTax": "None", "ebit": "350051000", "ebitda": "527801000", "netIncome": "441484000"}, {"fiscalDateEnding": "2020-09-30", "reportedCurrency": "USD", "grossProfit": "404599000", "totalRevenue": "545042000", "costOfRevenue": "140443000", "costofGoodsAndServicesSold": "140443000", "operatingIncome": "124374000", "sellingGeneralAndAdministrative": "36913000", "researchAndDevelopment": "None", "operatingExpenses": "213744000", "investmentIncomeNet": "None", "netInterestIncome": "-43318000", "interestIncome": "36192000", "interestExpense": "43318000", "nonInterestIncome": "None", "otherNonOperatingIncome": "-48992000", "depreciation": "None", "depreciationAndAmortization": "176831000", "incomeBeforeTax": "95799000", "incomeTaxExpense": "14743000", "interestAndDebtExpense": "None", "netIncomeFromContinuingOperations": "-454177000", "comprehensiveIncomeNetOfTax": "None", "ebit": "354642000", "ebitda": "531473000", "netIncome": "81056000"}, {"fiscalDateEnding": "2020-06-30", "reportedCurrency": "USD", "grossProfit": "313045000", "totalRevenue": "436956000", "costOfRevenue": "123911000", "costofGoodsAndServicesSold": "123911000", "operatingIncome": "274668000", "sellingGeneralAndAdministrative": "31775000", "researchAndDevelopment": "None", "operatingExpenses": "199802000", "investmentIncomeNet": "None", "netInterestIncome": "-45014000", "interestIncome": "143536000", "interestExpense": "45014000", "nonInterestIncome": "None", "otherNonOperatingIncome": "3893000", "depreciation": "None", "depreciationAndAmortization": "168027000", "incomeBeforeTax": "243561000", "incomeTaxExpense": "13907000", "interestAndDebtExpense": "None", "netIncomeFromContinuingOperations": "-378052000", "comprehensiveIncomeNetOfTax": "None", "ebit": "264159000", "ebitda": "432186000", "netIncome": "229654000"}, {"fiscalDateEnding": "2020-03-31", "reportedCurrency": "USD", "grossProfit": "310816000", "totalRevenue": "439919000", "costOfRevenue": "129103000", "costofGoodsAndServicesSold": "129103000", "operatingIncome": "64504000", "sellingGeneralAndAdministrative": "31963000", "researchAndDevelopment": "None", "operatingExpenses": "207459000", "investmentIncomeNet": "None", "netInterestIncome": "-45739000", "interestIncome": "70676000", "interestExpense": "45739000", "nonInterestIncome": "None", "otherNonOperatingIncome": "-3116000", "depreciation": "None", "depreciationAndAmortization": "175496000", "incomeBeforeTax": "30678000", "incomeTaxExpense": "11913000", "interestAndDebtExpense": "None", "netIncomeFromContinuingOperations": "-387420000", "comprehensiveIncomeNetOfTax": "None", "ebit": "279966000", "ebitda": "455462000", "netIncome": "18765000"}, {"fiscalDateEnding": "2019-12-31", "reportedCurrency": "USD", "grossProfit": "286262000", "totalRevenue": "408114000", "costOfRevenue": "121852000", "costofGoodsAndServicesSold": "121852000", "operatingIncome": "247934000", "sellingGeneralAndAdministrative": "29782000", "researchAndDevelopment": "None", "operatingExpenses": "170300000", "investmentIncomeNet": "None", "netInterestIncome": "-45493000", "interestIncome": "111951000", "interestExpense": "45493000", "nonInterestIncome": "None", "otherNonOperatingIncome": "13460000", "depreciation": "None", "depreciationAndAmortization": "140518000", "incomeBeforeTax": "216053000", "incomeTaxExpense": "13612000", "interestAndDebtExpense": "None", "netIncomeFromContinuingOperations": "363439000", "comprehensiveIncomeNetOfTax": "None", "ebit": "120739000", "ebitda": "261257000", "netIncome": "202441000"}, {"fiscalDateEnding": "2019-09-30", "reportedCurrency": "USD", "grossProfit": "274034000", "totalRevenue": "390484000", "costOfRevenue": "116450000", "costofGoodsAndServicesSold": "116450000", "operatingIncome": "-999000", "sellingGeneralAndAdministrative": "27930000", "researchAndDevelopment": "None", "operatingExpenses": "163500000", "investmentIncomeNet": "None", "netInterestIncome": "-46203000", "interestIncome": "106328000", "interestExpense": "46203000", "nonInterestIncome": "None", "otherNonOperatingIncome": "40209000", "depreciation": "None", "depreciationAndAmortization": "135570000", "incomeBeforeTax": "-36003000", "incomeTaxExpense": "11199000", "interestAndDebtExpense": "None", "netIncomeFromContinuingOperations": "366362000", "comprehensiveIncomeNetOfTax": "None", "ebit": "243153000", "ebitda": "378723000", "netIncome": "-47202000"}, {"fiscalDateEnding": "2019-06-30", "reportedCurrency": "USD", "grossProfit": "268167000", "totalRevenue": "373856000", "costOfRevenue": "105689000", "costofGoodsAndServicesSold": "105689000", "operatingIncome": "121646000", "sellingGeneralAndAdministrative": "26434000", "researchAndDevelopment": "None", "operatingExpenses": "160871000", "investmentIncomeNet": "None", "netInterestIncome": "-42879000", "interestIncome": "20117000", "interestExpense": "42879000", "nonInterestIncome": "None", "otherNonOperatingIncome": "1262000", "depreciation": "None", "depreciationAndAmortization": "134437000", "incomeBeforeTax": "87179000", "incomeTaxExpense": "8412000", "interestAndDebtExpense": "None", "netIncomeFromContinuingOperations": "310701000", "comprehensiveIncomeNetOfTax": "None", "ebit": "240471000", "ebitda": "374908000", "netIncome": "78767000"}, {"fiscalDateEnding": "2019-03-31", "reportedCurrency": "USD", "grossProfit": "257341000", "totalRevenue": "358842000", "costOfRevenue": "101501000", "costofGoodsAndServicesSold": "101501000", "operatingIncome": "168259000", "sellingGeneralAndAdministrative": "24677000", "researchAndDevelopment": "None", "operatingExpenses": "158764000", "investmentIncomeNet": "None", "netInterestIncome": "-39100000", "interestIncome": "None", "interestExpense": "39100000", "nonInterestIncome": "None", "otherNonOperatingIncome": "-7361000", "depreciation": "None", "depreciationAndAmortization": "134087000", "incomeBeforeTax": "136818000", "incomeTaxExpense": "7659000", "interestAndDebtExpense": "None", "netIncomeFromContinuingOperations": "292004000", "comprehensiveIncomeNetOfTax": "None", "ebit": "231518000", "ebitda": "365605000", "netIncome": "129159000"}, {"fiscalDateEnding": "2018-12-31", "reportedCurrency": "USD", "grossProfit": "242781000", "totalRevenue": "340463000", "costOfRevenue": "97682000", "costofGoodsAndServicesSold": "97682000", "operatingIncome": "15555000", "sellingGeneralAndAdministrative": "22385000", "researchAndDevelopment": "0", "operatingExpenses": "147375000", "investmentIncomeNet": "None", "netInterestIncome": "None", "interestIncome": "None", "interestExpense": "40239000", "nonInterestIncome": "None", "otherNonOperatingIncome": "10000", "depreciation": "None", "depreciationAndAmortization": "124990000", "incomeBeforeTax": "-18631000", "incomeTaxExpense": "6053000", "interestAndDebtExpense": "None", "netIncomeFromContinuingOperations": "-34833000", "comprehensiveIncomeNetOfTax": "None", "ebit": "96435000", "ebitda": "221425000", "netIncome": "-24684000"}, {"fiscalDateEnding": "2018-09-30", "reportedCurrency": "USD", "grossProfit": "242064000", "totalRevenue": "341823000", "costOfRevenue": "99759000", "costofGoodsAndServicesSold": "99759000", "operatingIncome": "255880000", "sellingGeneralAndAdministrative": "22660000", "researchAndDevelopment": "0", "operatingExpenses": "142260000", "investmentIncomeNet": "None", "netInterestIncome": "None", "interestIncome": "None", "interestExpense": "42244000", "nonInterestIncome": "None", "otherNonOperatingIncome": "-1122000", "depreciation": "None", "depreciationAndAmortization": "119600000", "incomeBeforeTax": "219359000", "incomeTaxExpense": "5723000", "interestAndDebtExpense": "None", "netIncomeFromContinuingOperations": "283141000", "comprehensiveIncomeNetOfTax": "None", "ebit": "178686000", "ebitda": "298286000", "netIncome": "213636000"}, {"fiscalDateEnding": "2018-06-30", "reportedCurrency": "USD", "grossProfit": "233126000", "totalRevenue": "325034000", "costOfRevenue": "91908000", "costofGoodsAndServicesSold": "91908000", "operatingIncome": "92827000", "sellingGeneralAndAdministrative": "22939000", "researchAndDevelopment": "0", "operatingExpenses": "141791000", "investmentIncomeNet": "None", "netInterestIncome": "None", "interestIncome": "None", "interestExpense": "38097000", "nonInterestIncome": "None", "otherNonOperatingIncome": "1090000", "depreciation": "None", "depreciationAndAmortization": "118852000", "incomeBeforeTax": "60547000", "incomeTaxExpense": "5817000", "interestAndDebtExpense": "None", "netIncomeFromContinuingOperations": "279197000", "comprehensiveIncomeNetOfTax": "None", "ebit": "202786000", "ebitda": "321638000", "netIncome": "54730000"}, {"fiscalDateEnding": "2018-03-31", "reportedCurrency": "USD", "grossProfit": "228368000", "totalRevenue": "320139000", "costOfRevenue": "91771000", "costofGoodsAndServicesSold": "91771000", "operatingIncome": "172545000", "sellingGeneralAndAdministrative": "22421000", "researchAndDevelopment": "0", "operatingExpenses": "136640000", "investmentIncomeNet": "None", "netInterestIncome": "None", "interestIncome": "None", "interestExpense": "36915000", "nonInterestIncome": "None", "otherNonOperatingIncome": "1144000", "depreciation": "None", "depreciationAndAmortization": "114219000", "incomeBeforeTax": "141518000", "incomeTaxExpense": "5888000", "interestAndDebtExpense": "None", "netIncomeFromContinuingOperations": "586609000", "comprehensiveIncomeNetOfTax": "None", "ebit": "204803000", "ebitda": "319022000", "netIncome": "135630000"}, {"fiscalDateEnding": "2017-12-31", "reportedCurrency": "USD", "grossProfit": "210765000", "totalRevenue": "298838000", "costOfRevenue": "88073000", "costofGoodsAndServicesSold": "88073000", "operatingIncome": "75470000", "sellingGeneralAndAdministrative": "18910000", "researchAndDevelopment": "0", "operatingExpenses": "126624000", "investmentIncomeNet": "None", "netInterestIncome": "None", "interestIncome": "None", "interestExpense": "36082000", "nonInterestIncome": "None", "otherNonOperatingIncome": "-11797000", "depreciation": "None", "depreciationAndAmortization": "107714000", "incomeBeforeTax": "45607000", "incomeTaxExpense": "6219000", "interestAndDebtExpense": "None", "netIncomeFromContinuingOperations": "-1346042000", "comprehensiveIncomeNetOfTax": "None", "ebit": "60909000", "ebitda": "168623000", "netIncome": "39388000"}, {"fiscalDateEnding": "2017-09-30", "reportedCurrency": "USD", "grossProfit": "200268000", "totalRevenue": "283737000", "costOfRevenue": "83469000", "costofGoodsAndServicesSold": "83469000", "operatingIncome": "84804000", "sellingGeneralAndAdministrative": "17636000", "researchAndDevelopment": "0", "operatingExpenses": "125424000", "investmentIncomeNet": "None", "netInterestIncome": "None", "interestIncome": "None", "interestExpense": "31031000", "nonInterestIncome": "None", "otherNonOperatingIncome": "14100000", "depreciation": "None", "depreciationAndAmortization": "107788000", "incomeBeforeTax": "59546000", "incomeTaxExpense": "5773000", "interestAndDebtExpense": "None", "netIncomeFromContinuingOperations": "539394000", "comprehensiveIncomeNetOfTax": "None", "ebit": "170165000", "ebitda": "277953000", "netIncome": "53773000"}, {"fiscalDateEnding": "2017-06-30", "reportedCurrency": "USD", "grossProfit": "196104000", "totalRevenue": "273084000", "costOfRevenue": "76980000", "costofGoodsAndServicesSold": "76980000", "operatingIncome": "65969000", "sellingGeneralAndAdministrative": "19234000", "researchAndDevelopment": "0", "operatingExpenses": "123332000", "investmentIncomeNet": "None", "netInterestIncome": "None", "interestIncome": "None", "interestExpense": "31748000", "nonInterestIncome": "None", "otherNonOperatingIncome": "589000", "depreciation": "None", "depreciationAndAmortization": "104098000", "incomeBeforeTax": "41496000", "incomeTaxExpense": "7275000", "interestAndDebtExpense": "None", "netIncomeFromContinuingOperations": "505911000", "comprehensiveIncomeNetOfTax": "None", "ebit": "175942000", "ebitda": "280040000", "netIncome": "34221000"}, {"fiscalDateEnding": "2017-03-31", "reportedCurrency": "USD", "grossProfit": "191765000", "totalRevenue": "268852000", "costOfRevenue": "77087000", "costofGoodsAndServicesSold": "77087000", "operatingIncome": "71495000", "sellingGeneralAndAdministrative": "19229000", "researchAndDevelopment": "0", "operatingExpenses": "116412000", "investmentIncomeNet": "None", "netInterestIncome": "None", "interestIncome": "None", "interestExpense": "29784000", "nonInterestIncome": "None", "otherNonOperatingIncome": "670000", "depreciation": "None", "depreciationAndAmortization": "97183000", "incomeBeforeTax": "47555000", "incomeTaxExpense": "5844000", "interestAndDebtExpense": "None", "netIncomeFromContinuingOperations": "494830000", "comprehensiveIncomeNetOfTax": "None", "ebit": "173930000", "ebitda": "271113000", "netIncome": "41711000"}, {"fiscalDateEnding": "2016-12-31", "reportedCurrency": "USD", "grossProfit": "172379000", "totalRevenue": "245623000", "costOfRevenue": "73244000", "costofGoodsAndServicesSold": "73244000", "operatingIncome": "46527000", "sellingGeneralAndAdministrative": "17458000", "researchAndDevelopment": "0", "operatingExpenses": "112680000", "investmentIncomeNet": "None", "netInterestIncome": "None", "interestIncome": "None", "interestExpense": "31223000", "nonInterestIncome": "None", "otherNonOperatingIncome": "543000", "depreciation": "None", "depreciationAndAmortization": "95222000", "incomeBeforeTax": "19792000", "incomeTaxExpense": "4488000", "interestAndDebtExpense": "None", "netIncomeFromContinuingOperations": "19792000", "comprehensiveIncomeNetOfTax": "None", "ebit": "63238000", "ebitda": "158460000", "netIncome": "15304000"}, {"fiscalDateEnding": "2016-09-30", "reportedCurrency": "USD", "grossProfit": "153316000", "totalRevenue": "225318000", "costOfRevenue": "72002000", "costofGoodsAndServicesSold": "72002000", "operatingIncome": "35274000", "sellingGeneralAndAdministrative": "15854000", "researchAndDevelopment": "0", "operatingExpenses": "92987000", "investmentIncomeNet": "None", "netInterestIncome": "None", "interestIncome": "None", "interestExpense": "25850000", "nonInterestIncome": "None", "otherNonOperatingIncome": "3320000", "depreciation": "None", "depreciationAndAmortization": "77133000", "incomeBeforeTax": "28559000", "incomeTaxExpense": "4084000", "interestAndDebtExpense": "None", "netIncomeFromContinuingOperations": "28469000", "comprehensiveIncomeNetOfTax": "None", "ebit": "28469000", "ebitda": "105602000", "netIncome": "24475000"}, {"fiscalDateEnding": "2016-06-30", "reportedCurrency": "USD", "grossProfit": "148501000", "totalRevenue": "215826000", "costOfRevenue": "67325000", "costofGoodsAndServicesSold": "67325000", "operatingIncome": "-86591000", "sellingGeneralAndAdministrative": "15384000", "researchAndDevelopment": "0", "operatingExpenses": "85553000", "investmentIncomeNet": "None", "netInterestIncome": "None", "interestIncome": "None", "interestExpense": "25025000", "nonInterestIncome": "None", "otherNonOperatingIncome": "-146000", "depreciation": "None", "depreciationAndAmortization": "70169000", "incomeBeforeTax": "-108116000", "incomeTaxExpense": "3500000", "interestAndDebtExpense": "None", "netIncomeFromContinuingOperations": "-108116000", "comprehensiveIncomeNetOfTax": "None", "ebit": "-108116000", "ebitda": "-37947000", "netIncome": "-111616000"}, {"fiscalDateEnding": "2016-03-31", "reportedCurrency": "USD", "grossProfit": "145289000", "totalRevenue": "211126000", "costOfRevenue": "65837000", "costofGoodsAndServicesSold": "65837000", "operatingIncome": "30791000", "sellingGeneralAndAdministrative": "15188000", "researchAndDevelopment": "0", "operatingExpenses": "86054000", "investmentIncomeNet": "None", "netInterestIncome": "None", "interestIncome": "None", "interestExpense": "24855000", "nonInterestIncome": "None", "otherNonOperatingIncome": "-397000", "depreciation": "None", "depreciationAndAmortization": "70866000", "incomeBeforeTax": "9966000", "incomeTaxExpense": "4030000", "interestAndDebtExpense": "None", "netIncomeFromContinuingOperations": "9966000", "comprehensiveIncomeNetOfTax": "None", "ebit": "34821000", "ebitda": "105687000", "netIncome": "5936000"}, {"fiscalDateEnding": "2015-12-31", "reportedCurrency": "USD", "grossProfit": "144469000", "totalRevenue": "213382000", "costOfRevenue": "68913000", "costofGoodsAndServicesSold": "68913000", "operatingIncome": "70235000", "sellingGeneralAndAdministrative": "15102000", "researchAndDevelopment": "0", "operatingExpenses": "87347000", "investmentIncomeNet": "None", "netInterestIncome": "None", "interestIncome": "None", "interestExpense": "28230000", "nonInterestIncome": "None", "otherNonOperatingIncome": "-1662000", "depreciation": "None", "depreciationAndAmortization": "72245000", "incomeBeforeTax": "42977000", "incomeTaxExpense": "972000", "interestAndDebtExpense": "None", "netIncomeFromContinuingOperations": "42977000", "comprehensiveIncomeNetOfTax": "None", "ebit": "71207000", "ebitda": "143452000", "netIncome": "42005000"}, {"fiscalDateEnding": "2015-09-30", "reportedCurrency": "USD", "grossProfit": "143114000", "totalRevenue": "211960000", "costOfRevenue": "68846000", "costofGoodsAndServicesSold": "68846000", "operatingIncome": "33611000", "sellingGeneralAndAdministrative": "15143000", "researchAndDevelopment": "0", "operatingExpenses": "83096000", "investmentIncomeNet": "None", "netInterestIncome": "None", "interestIncome": "None", "interestExpense": "27679000", "nonInterestIncome": "None", "otherNonOperatingIncome": "710000", "depreciation": "None", "depreciationAndAmortization": "67953000", "incomeBeforeTax": "39699000", "incomeTaxExpense": "170000", "interestAndDebtExpense": "None", "netIncomeFromContinuingOperations": "39699000", "comprehensiveIncomeNetOfTax": "None", "ebit": "67378000", "ebitda": "135331000", "netIncome": "39529000"}, {"fiscalDateEnding": "2015-06-30", "reportedCurrency": "USD", "grossProfit": "139406000", "totalRevenue": "201656000", "costOfRevenue": "62250000", "costofGoodsAndServicesSold": "62250000", "operatingIncome": "35957000", "sellingGeneralAndAdministrative": "14989000", "researchAndDevelopment": "0", "operatingExpenses": "77160000", "investmentIncomeNet": "None", "netInterestIncome": "None", "interestIncome": "None", "interestExpense": "26668000", "nonInterestIncome": "None", "otherNonOperatingIncome": "189000", "depreciation": "None", "depreciationAndAmortization": "62171000", "incomeBeforeTax": "38430000", "incomeTaxExpense": "263000", "interestAndDebtExpense": "None", "netIncomeFromContinuingOperations": "38430000", "comprehensiveIncomeNetOfTax": "None", "ebit": "65098000", "ebitda": "127269000", "netIncome": "38167000"}, {"fiscalDateEnding": "2015-03-31", "reportedCurrency": "USD", "grossProfit": "131333000", "totalRevenue": "192556000", "costOfRevenue": "61223000", "costofGoodsAndServicesSold": "61223000", "operatingIncome": "47752000", "sellingGeneralAndAdministrative": "14387000", "researchAndDevelopment": "0", "operatingExpenses": "73307000", "investmentIncomeNet": "None", "netInterestIncome": "None", "interestIncome": "None", "interestExpense": "23236000", "nonInterestIncome": "None", "otherNonOperatingIncome": "574000", "depreciation": "None", "depreciationAndAmortization": "58920000", "incomeBeforeTax": "25051000", "incomeTaxExpense": "535000", "interestAndDebtExpense": "None", "netIncomeFromContinuingOperations": "25051000", "comprehensiveIncomeNetOfTax": "None", "ebit": "48287000", "ebitda": "107207000", "netIncome": "24516000"}, {"fiscalDateEnding": "2014-12-31", "reportedCurrency": "USD", "grossProfit": "131793000", "totalRevenue": "188674000", "costOfRevenue": "56881000", "costofGoodsAndServicesSold": "56881000", "operatingIncome": "14796000", "sellingGeneralAndAdministrative": "13861000", "researchAndDevelopment": "0", "operatingExpenses": "71834000", "investmentIncomeNet": "None", "netInterestIncome": "None", "interestIncome": "None", "interestExpense": "22188000", "nonInterestIncome": "None", "otherNonOperatingIncome": "-797000", "depreciation": "None", "depreciationAndAmortization": "57973000", "incomeBeforeTax": "-7752000", "incomeTaxExpense": "-360000", "interestAndDebtExpense": "None", "netIncomeFromContinuingOperations": "-13350000", "comprehensiveIncomeNetOfTax": "None", "ebit": "60513000", "ebitda": "118486000", "netIncome": "-7392000"}, {"fiscalDateEnding": "2014-09-30", "reportedCurrency": "USD", "grossProfit": "128192000", "totalRevenue": "185615000", "costOfRevenue": "57423000", "costofGoodsAndServicesSold": "57423000", "operatingIncome": "36869000", "sellingGeneralAndAdministrative": "12609000", "researchAndDevelopment": "0", "operatingExpenses": "70997000", "investmentIncomeNet": "None", "netInterestIncome": "None", "interestIncome": "None", "interestExpense": "20555000", "nonInterestIncome": "None", "otherNonOperatingIncome": "-525000", "depreciation": "None", "depreciationAndAmortization": "58388000", "incomeBeforeTax": "36123000", "incomeTaxExpense": "1520000", "interestAndDebtExpense": "None", "netIncomeFromContinuingOperations": "36115000", "comprehensiveIncomeNetOfTax": "None", "ebit": "57195000", "ebitda": "115583000", "netIncome": "34603000"}, {"fiscalDateEnding": "2014-06-30", "reportedCurrency": "USD", "grossProfit": "124049000", "totalRevenue": "176402000", "costOfRevenue": "52353000", "costofGoodsAndServicesSold": "52353000", "operatingIncome": "36827000", "sellingGeneralAndAdministrative": "13836000", "researchAndDevelopment": "0", "operatingExpenses": "71150000", "investmentIncomeNet": "None", "netInterestIncome": "None", "interestIncome": "None", "interestExpense": "17433000", "nonInterestIncome": "None", "otherNonOperatingIncome": "797000", "depreciation": "None", "depreciationAndAmortization": "57314000", "incomeBeforeTax": "36263000", "incomeTaxExpense": "1454000", "interestAndDebtExpense": "None", "netIncomeFromContinuingOperations": "35466000", "comprehensiveIncomeNetOfTax": "None", "ebit": "52899000", "ebitda": "110213000", "netIncome": "34809000"}, {"fiscalDateEnding": "2014-03-31", "reportedCurrency": "USD", "grossProfit": "123679000", "totalRevenue": "176186000", "costOfRevenue": "52507000", "costofGoodsAndServicesSold": "52507000", "operatingIncome": "38565000", "sellingGeneralAndAdministrative": "13224000", "researchAndDevelopment": "0", "operatingExpenses": "63645000", "investmentIncomeNet": "None", "netInterestIncome": "None", "interestIncome": "None", "interestExpense": "19123000", "nonInterestIncome": "None", "otherNonOperatingIncome": "None", "depreciation": "None", "depreciationAndAmortization": "50421000", "incomeBeforeTax": "40911000", "incomeTaxExpense": "1357000", "interestAndDebtExpense": "None", "netIncomeFromContinuingOperations": "40911000", "comprehensiveIncomeNetOfTax": "None", "ebit": "60034000", "ebitda": "110455000", "netIncome": "39554000"}, {"fiscalDateEnding": "2013-12-31", "reportedCurrency": "USD", "grossProfit": "118931000", "totalRevenue": "168823000", "costOfRevenue": "49892000", "costofGoodsAndServicesSold": "49892000", "operatingIncome": "60895000", "sellingGeneralAndAdministrative": "12751000", "researchAndDevelopment": "0", "operatingExpenses": "60835000", "investmentIncomeNet": "None", "netInterestIncome": "None", "interestIncome": "None", "interestExpense": "17783000", "nonInterestIncome": "None", "otherNonOperatingIncome": "4052000", "depreciation": "None", "depreciationAndAmortization": "48084000", "incomeBeforeTax": "44365000", "incomeTaxExpense": "1203000", "interestAndDebtExpense": "None", "netIncomeFromContinuingOperations": "40263000", "comprehensiveIncomeNetOfTax": "None", "ebit": "58096000", "ebitda": "106180000", "netIncome": "43112000"}, {"fiscalDateEnding": "2013-09-30", "reportedCurrency": "USD", "grossProfit": "110888000", "totalRevenue": "158630000", "costOfRevenue": "47742000", "costofGoodsAndServicesSold": "47742000", "operatingIncome": "31899000", "sellingGeneralAndAdministrative": "11666000", "researchAndDevelopment": "0", "operatingExpenses": "60768000", "investmentIncomeNet": "None", "netInterestIncome": "None", "interestIncome": "None", "interestExpense": "16171000", "nonInterestIncome": "None", "otherNonOperatingIncome": "1432000", "depreciation": "None", "depreciationAndAmortization": "49102000", "incomeBeforeTax": "32517000", "incomeTaxExpense": "1024000", "interestAndDebtExpense": "None", "netIncomeFromContinuingOperations": "32517000", "comprehensiveIncomeNetOfTax": "None", "ebit": "48667000", "ebitda": "97769000", "netIncome": "31493000"}, {"fiscalDateEnding": "2013-06-30", "reportedCurrency": "USD", "grossProfit": "107912000", "totalRevenue": "154235000", "costOfRevenue": "46323000", "costofGoodsAndServicesSold": "46323000", "operatingIncome": "30805000", "sellingGeneralAndAdministrative": "12472000", "researchAndDevelopment": "0", "operatingExpenses": "59052000", "investmentIncomeNet": "None", "netInterestIncome": "None", "interestIncome": "None", "interestExpense": "15978000", "nonInterestIncome": "None", "otherNonOperatingIncome": "1332000", "depreciation": "None", "depreciationAndAmortization": "46580000", "incomeBeforeTax": "33094000", "incomeTaxExpense": "737000", "interestAndDebtExpense": "None", "netIncomeFromContinuingOperations": "32322000", "comprehensiveIncomeNetOfTax": "None", "ebit": "49066000", "ebitda": "95646000", "netIncome": "32357000"}, {"fiscalDateEnding": "2013-03-31", "reportedCurrency": "USD", "grossProfit": "105156000", "totalRevenue": "150380000", "costOfRevenue": "45224000", "costofGoodsAndServicesSold": "45224000", "operatingIncome": "29363000", "sellingGeneralAndAdministrative": "11648000", "researchAndDevelopment": "0", "operatingExpenses": "57713000", "investmentIncomeNet": "None", "netInterestIncome": "None", "interestIncome": "None", "interestExpense": "18020000", "nonInterestIncome": "None", "otherNonOperatingIncome": "None", "depreciation": "None", "depreciationAndAmortization": "46065000", "incomeBeforeTax": "29423000", "incomeTaxExpense": "168000", "interestAndDebtExpense": "None", "netIncomeFromContinuingOperations": "29423000", "comprehensiveIncomeNetOfTax": "None", "ebit": "48350000", "ebitda": "94415000", "netIncome": "29255000"}, {"fiscalDateEnding": "2012-12-31", "reportedCurrency": "USD", "grossProfit": "107531000", "totalRevenue": "154170000", "costOfRevenue": "46639000", "costofGoodsAndServicesSold": "46639000", "operatingIncome": "35652000", "sellingGeneralAndAdministrative": "12643000", "researchAndDevelopment": "0", "operatingExpenses": "60715000", "investmentIncomeNet": "None", "netInterestIncome": "None", "interestIncome": "None", "interestExpense": "17941000", "nonInterestIncome": "None", "otherNonOperatingIncome": "None", "depreciation": "None", "depreciationAndAmortization": "48072000", "incomeBeforeTax": "25224000", "incomeTaxExpense": "-2571000", "interestAndDebtExpense": "None", "netIncomeFromContinuingOperations": "0", "comprehensiveIncomeNetOfTax": "None", "ebit": "46816000", "ebitda": "94888000", "netIncome": "27795000"}, {"fiscalDateEnding": "2012-09-30", "reportedCurrency": "USD", "grossProfit": "83747000", "totalRevenue": "128361000", "costOfRevenue": "44614000", "costofGoodsAndServicesSold": "44614000", "operatingIncome": "34571000", "sellingGeneralAndAdministrative": "57099000", "researchAndDevelopment": "0", "operatingExpenses": "57099000", "investmentIncomeNet": "None", "netInterestIncome": "None", "interestIncome": "None", "interestExpense": "17094000", "nonInterestIncome": "None", "otherNonOperatingIncome": "None", "depreciation": "None", "depreciationAndAmortization": "47176000", "incomeBeforeTax": "17477000", "incomeTaxExpense": "-17477000", "interestAndDebtExpense": "None", "netIncomeFromContinuingOperations": "0", "comprehensiveIncomeNetOfTax": "None", "ebit": "30791000", "ebitda": "77967000", "netIncome": "17477000"}, {"fiscalDateEnding": "2012-06-30", "reportedCurrency": "USD", "grossProfit": "91677000", "totalRevenue": "136183000", "costOfRevenue": "44506000", "costofGoodsAndServicesSold": "44506000", "operatingIncome": "42712000", "sellingGeneralAndAdministrative": "56830000", "researchAndDevelopment": "0", "operatingExpenses": "58432000", "investmentIncomeNet": "None", "netInterestIncome": "None", "interestIncome": "None", "interestExpense": "17922000", "nonInterestIncome": "None", "otherNonOperatingIncome": "None", "depreciation": "None", "depreciationAndAmortization": "52316000", "incomeBeforeTax": "25435000", "incomeTaxExpense": "645000", "interestAndDebtExpense": "None", "netIncomeFromContinuingOperations": "0", "comprehensiveIncomeNetOfTax": "None", "ebit": "38889000", "ebitda": "91205000", "netIncome": "24790000"}, {"fiscalDateEnding": "2012-03-31", "reportedCurrency": "USD", "grossProfit": "85329000", "totalRevenue": "128739000", "costOfRevenue": "43410000", "costofGoodsAndServicesSold": "43410000", "operatingIncome": "48291000", "sellingGeneralAndAdministrative": "53771000", "researchAndDevelopment": "0", "operatingExpenses": "53148000", "investmentIncomeNet": "None", "netInterestIncome": "None", "interestIncome": "None", "interestExpense": "16227000", "nonInterestIncome": "None", "otherNonOperatingIncome": "None", "depreciation": "None", "depreciationAndAmortization": "43405000", "incomeBeforeTax": "30940000", "incomeTaxExpense": "-1124000", "interestAndDebtExpense": "None", "netIncomeFromContinuingOperations": "0", "comprehensiveIncomeNetOfTax": "None", "ebit": "44356000", "ebitda": "87761000", "netIncome": "32064000"}, {"fiscalDateEnding": "2011-12-31", "reportedCurrency": "USD", "grossProfit": "-42189000", "totalRevenue": "126438000", "costOfRevenue": "168627000", "costofGoodsAndServicesSold": "168627000", "operatingIncome": "49077000", "sellingGeneralAndAdministrative": "55694000", "researchAndDevelopment": "0", "operatingExpenses": "55694000", "investmentIncomeNet": "None", "netInterestIncome": "None", "interestIncome": "None", "interestExpense": "14757000", "nonInterestIncome": "None", "otherNonOperatingIncome": "None", "depreciation": "None", "depreciationAndAmortization": "40966000", "incomeBeforeTax": "34320000", "incomeTaxExpense": "-34320000", "interestAndDebtExpense": "None", "netIncomeFromContinuingOperations": "0", "comprehensiveIncomeNetOfTax": "None", "ebit": "49077000", "ebitda": "90043000", "netIncome": "34320000"}, {"fiscalDateEnding": "2011-09-30", "reportedCurrency": "USD", "grossProfit": "86546000", "totalRevenue": "129154000", "costOfRevenue": "42608000", "costofGoodsAndServicesSold": "42608000", "operatingIncome": "46302000", "sellingGeneralAndAdministrative": "52905000", "researchAndDevelopment": "0", "operatingExpenses": "55647000", "investmentIncomeNet": "None", "netInterestIncome": "None", "interestIncome": "None", "interestExpense": "14273000", "nonInterestIncome": "None", "otherNonOperatingIncome": "-2696000", "depreciation": "None", "depreciationAndAmortization": "39652000", "incomeBeforeTax": "32029000", "incomeTaxExpense": "-32029000", "interestAndDebtExpense": "None", "netIncomeFromContinuingOperations": "33855000", "comprehensiveIncomeNetOfTax": "None", "ebit": "46640000", "ebitda": "86292000", "netIncome": "32029000"}, {"fiscalDateEnding": "2011-06-30", "reportedCurrency": "USD", "grossProfit": "86726000", "totalRevenue": "127405000", "costOfRevenue": "40679000", "costofGoodsAndServicesSold": "40679000", "operatingIncome": "49944000", "sellingGeneralAndAdministrative": "51445000", "researchAndDevelopment": "0", "operatingExpenses": "52693000", "investmentIncomeNet": "None", "netInterestIncome": "None", "interestIncome": "None", "interestExpense": "16571000", "nonInterestIncome": "None", "otherNonOperatingIncome": "-1248000", "depreciation": "None", "depreciationAndAmortization": "40363000", "incomeBeforeTax": "33373000", "incomeTaxExpense": "-33373000", "interestAndDebtExpense": "None", "netIncomeFromContinuingOperations": "34349000", "comprehensiveIncomeNetOfTax": "None", "ebit": "55395000", "ebitda": "95758000", "netIncome": "33373000"}, {"fiscalDateEnding": "2011-03-31", "reportedCurrency": "USD", "grossProfit": "78891000", "totalRevenue": "119972000", "costOfRevenue": "41081000", "costofGoodsAndServicesSold": "41081000", "operatingIncome": "49538000", "sellingGeneralAndAdministrative": "50581000", "researchAndDevelopment": "0", "operatingExpenses": "53076000", "investmentIncomeNet": "None", "netInterestIncome": "None", "interestIncome": "None", "interestExpense": "17842000", "nonInterestIncome": "None", "otherNonOperatingIncome": "-2495000", "depreciation": "None", "depreciationAndAmortization": "36707000", "incomeBeforeTax": "31696000", "incomeTaxExpense": "-31696000", "interestAndDebtExpense": "None", "netIncomeFromContinuingOperations": "32684000", "comprehensiveIncomeNetOfTax": "None", "ebit": "32684000", "ebitda": "69391000", "netIncome": "31696000"}, {"fiscalDateEnding": "2010-12-31", "reportedCurrency": "USD", "grossProfit": "25504000", "totalRevenue": "157782000", "costOfRevenue": "132278000", "costofGoodsAndServicesSold": "132278000", "operatingIncome": "108247000", "sellingGeneralAndAdministrative": "45170000", "researchAndDevelopment": "0", "operatingExpenses": "45170000", "investmentIncomeNet": "None", "netInterestIncome": "None", "interestIncome": "None", "interestExpense": "17191000", "nonInterestIncome": "None", "otherNonOperatingIncome": "None", "depreciation": "None", "depreciationAndAmortization": "34551000", "incomeBeforeTax": "91056000", "incomeTaxExpense": "-91056000", "interestAndDebtExpense": "None", "netIncomeFromContinuingOperations": "0", "comprehensiveIncomeNetOfTax": "None", "ebit": "108247000", "ebitda": "142798000", "netIncome": "91056000"}, {"fiscalDateEnding": "2010-09-30", "reportedCurrency": "USD", "grossProfit": "71814000", "totalRevenue": "105518000", "costOfRevenue": "33704000", "costofGoodsAndServicesSold": "33704000", "operatingIncome": "45652000", "sellingGeneralAndAdministrative": "25660000", "researchAndDevelopment": "0", "operatingExpenses": "41748000", "investmentIncomeNet": "None", "netInterestIncome": "None", "interestIncome": "None", "interestExpense": "16111000", "nonInterestIncome": "None", "otherNonOperatingIncome": "None", "depreciation": "None", "depreciationAndAmortization": "32009000", "incomeBeforeTax": "29541000", "incomeTaxExpense": "-29541000", "interestAndDebtExpense": "None", "netIncomeFromContinuingOperations": "0", "comprehensiveIncomeNetOfTax": "None", "ebit": "45652000", "ebitda": "77661000", "netIncome": "29541000"}, {"fiscalDateEnding": "2010-06-30", "reportedCurrency": "USD", "grossProfit": "67880000", "totalRevenue": "98232000", "costOfRevenue": "30352000", "costofGoodsAndServicesSold": "30352000", "operatingIncome": "5624000", "sellingGeneralAndAdministrative": "38618000", "researchAndDevelopment": "0", "operatingExpenses": "80114000", "investmentIncomeNet": "None", "netInterestIncome": "None", "interestIncome": "None", "interestExpense": "18778000", "nonInterestIncome": "None", "otherNonOperatingIncome": "None", "depreciation": "None", "depreciationAndAmortization": "30342000", "incomeBeforeTax": "-12224000", "incomeTaxExpense": "930000", "interestAndDebtExpense": "None", "netIncomeFromContinuingOperations": "0", "comprehensiveIncomeNetOfTax": "None", "ebit": "6554000", "ebitda": "36896000", "netIncome": "-13154000"}, {"fiscalDateEnding": "2010-03-31", "reportedCurrency": "USD", "grossProfit": "67274000", "totalRevenue": "98925000", "costOfRevenue": "31651000", "costofGoodsAndServicesSold": "31651000", "operatingIncome": "45412000", "sellingGeneralAndAdministrative": "41132000", "researchAndDevelopment": "0", "operatingExpenses": "41132000", "investmentIncomeNet": "None", "netInterestIncome": "None", "interestIncome": "None", "interestExpense": "17562000", "nonInterestIncome": "None", "otherNonOperatingIncome": "None", "depreciation": "None", "depreciationAndAmortization": "29735000", "incomeBeforeTax": "27850000", "incomeTaxExpense": "-27850000", "interestAndDebtExpense": "None", "netIncomeFromContinuingOperations": "0", "comprehensiveIncomeNetOfTax": "None", "ebit": "45415000", "ebitda": "75150000", "netIncome": "27850000"}, {"fiscalDateEnding": "2009-12-31", "reportedCurrency": "USD", "grossProfit": "-141759000", "totalRevenue": "83709000", "costOfRevenue": "225468000", "costofGoodsAndServicesSold": "225468000", "operatingIncome": "48387000", "sellingGeneralAndAdministrative": "37527000", "researchAndDevelopment": "0", "operatingExpenses": "37527000", "investmentIncomeNet": "None", "netInterestIncome": "None", "interestIncome": "None", "interestExpense": "19406000", "nonInterestIncome": "None", "otherNonOperatingIncome": "None", "depreciation": "None", "depreciationAndAmortization": "29004000", "incomeBeforeTax": "28981000", "incomeTaxExpense": "-28981000", "interestAndDebtExpense": "None", "netIncomeFromContinuingOperations": "0", "comprehensiveIncomeNetOfTax": "None", "ebit": "48387000", "ebitda": "77391000", "netIncome": "28981000"}, {"fiscalDateEnding": "2009-09-30", "reportedCurrency": "USD", "grossProfit": "83822000", "totalRevenue": "114605000", "costOfRevenue": "30783000", "costofGoodsAndServicesSold": "30783000", "operatingIncome": "46401000", "sellingGeneralAndAdministrative": "40393000", "researchAndDevelopment": "0", "operatingExpenses": "40393000", "investmentIncomeNet": "None", "netInterestIncome": "None", "interestIncome": "None", "interestExpense": "20909000", "nonInterestIncome": "None", "otherNonOperatingIncome": "None", "depreciation": "None", "depreciationAndAmortization": "28031000", "incomeBeforeTax": "25492000", "incomeTaxExpense": "-25492000", "interestAndDebtExpense": "None", "netIncomeFromContinuingOperations": "0", "comprehensiveIncomeNetOfTax": "None", "ebit": "46706000", "ebitda": "74737000", "netIncome": "25492000"}, {"fiscalDateEnding": "2009-06-30", "reportedCurrency": "USD", "grossProfit": "82564000", "totalRevenue": "111623000", "costOfRevenue": "29059000", "costofGoodsAndServicesSold": "29059000", "operatingIncome": "60817000", "sellingGeneralAndAdministrative": "37862000", "researchAndDevelopment": "0", "operatingExpenses": "37862000", "investmentIncomeNet": "None", "netInterestIncome": "None", "interestIncome": "None", "interestExpense": "21063000", "nonInterestIncome": "None", "otherNonOperatingIncome": "None", "depreciation": "None", "depreciationAndAmortization": "29722000", "incomeBeforeTax": "39754000", "incomeTaxExpense": "-39754000", "interestAndDebtExpense": "None", "netIncomeFromContinuingOperations": "0", "comprehensiveIncomeNetOfTax": "None", "ebit": "64765000", "ebitda": "94487000", "netIncome": "39754000"}, {"fiscalDateEnding": "2009-03-31", "reportedCurrency": "USD", "grossProfit": "79874000", "totalRevenue": "112558000", "costOfRevenue": "32684000", "costofGoodsAndServicesSold": "32684000", "operatingIncome": "60573000", "sellingGeneralAndAdministrative": "42102000", "researchAndDevelopment": "0", "operatingExpenses": "42102000", "investmentIncomeNet": "None", "netInterestIncome": "None", "interestIncome": "None", "interestExpense": "20199000", "nonInterestIncome": "None", "otherNonOperatingIncome": "None", "depreciation": "None", "depreciationAndAmortization": "31446000", "incomeBeforeTax": "40374000", "incomeTaxExpense": "-40374000", "interestAndDebtExpense": "None", "netIncomeFromContinuingOperations": "0", "comprehensiveIncomeNetOfTax": "None", "ebit": "60573000", "ebitda": "92019000", "netIncome": "40374000"}, {"fiscalDateEnding": "2008-12-31", "reportedCurrency": "USD", "grossProfit": "-8034000", "totalRevenue": "106509000", "costOfRevenue": "114543000", "costofGoodsAndServicesSold": "114543000", "operatingIncome": "47026000", "sellingGeneralAndAdministrative": "123512000", "researchAndDevelopment": "0", "operatingExpenses": "123512000", "investmentIncomeNet": "None", "netInterestIncome": "None", "interestIncome": "None", "interestExpense": "18866000", "nonInterestIncome": "None", "otherNonOperatingIncome": "None", "depreciation": "None", "depreciationAndAmortization": "29085000", "incomeBeforeTax": "28160000", "incomeTaxExpense": "-28160000", "interestAndDebtExpense": "None", "netIncomeFromContinuingOperations": "0", "comprehensiveIncomeNetOfTax": "None", "ebit": "47026000", "ebitda": "76111000", "netIncome": "28160000"}, {"fiscalDateEnding": "2008-09-30", "reportedCurrency": "USD", "grossProfit": "65583000", "totalRevenue": "95332000", "costOfRevenue": "29749000", "costofGoodsAndServicesSold": "29749000", "operatingIncome": "48548000", "sellingGeneralAndAdministrative": "8588000", "researchAndDevelopment": "0", "operatingExpenses": "8588000", "investmentIncomeNet": "None", "netInterestIncome": "None", "interestIncome": "None", "interestExpense": "19948000", "nonInterestIncome": "None", "otherNonOperatingIncome": "None", "depreciation": "None", "depreciationAndAmortization": "27245000", "incomeBeforeTax": "28600000", "incomeTaxExpense": "-28600000", "interestAndDebtExpense": "None", "netIncomeFromContinuingOperations": "0", "comprehensiveIncomeNetOfTax": "None", "ebit": "48548000", "ebitda": "75793000", "netIncome": "26673000"}, {"fiscalDateEnding": "2008-06-30", "reportedCurrency": "USD", "grossProfit": "64734000", "totalRevenue": "92322000", "costOfRevenue": "27588000", "costofGoodsAndServicesSold": "27588000", "operatingIncome": "46153000", "sellingGeneralAndAdministrative": "8452000", "researchAndDevelopment": "0", "operatingExpenses": "8452000", "investmentIncomeNet": "None", "netInterestIncome": "None", "interestIncome": "None", "interestExpense": "17732000", "nonInterestIncome": "None", "otherNonOperatingIncome": "None", "depreciation": "None", "depreciationAndAmortization": "26783000", "incomeBeforeTax": "28421000", "incomeTaxExpense": "-28421000", "interestAndDebtExpense": "None", "netIncomeFromContinuingOperations": "0", "comprehensiveIncomeNetOfTax": "None", "ebit": "46153000", "ebitda": "72936000", "netIncome": "26828000"}, {"fiscalDateEnding": "2008-03-31", "reportedCurrency": "USD", "grossProfit": "59385000", "totalRevenue": "87714000", "costOfRevenue": "28329000", "costofGoodsAndServicesSold": "28329000", "operatingIncome": "59933000", "sellingGeneralAndAdministrative": "8787000", "researchAndDevelopment": "0", "operatingExpenses": "8787000", "investmentIncomeNet": "None", "netInterestIncome": "None", "interestIncome": "None", "interestExpense": "22245000", "nonInterestIncome": "None", "otherNonOperatingIncome": "None", "depreciation": "None", "depreciationAndAmortization": "25630000", "incomeBeforeTax": "37688000", "incomeTaxExpense": "-37688000", "interestAndDebtExpense": "None", "netIncomeFromContinuingOperations": "0", "comprehensiveIncomeNetOfTax": "None", "ebit": "59933000", "ebitda": "85563000", "netIncome": "36200000"}, {"fiscalDateEnding": "2007-12-31", "reportedCurrency": "USD", "grossProfit": "-15232000", "totalRevenue": "83978000", "costOfRevenue": "99210000", "costofGoodsAndServicesSold": "99210000", "operatingIncome": "49005000", "sellingGeneralAndAdministrative": "8114000", "researchAndDevelopment": "0", "operatingExpenses": "8114000", "investmentIncomeNet": "None", "netInterestIncome": "None", "interestIncome": "None", "interestExpense": "24013000", "nonInterestIncome": "None", "otherNonOperatingIncome": "None", "depreciation": "None", "depreciationAndAmortization": "20966000", "incomeBeforeTax": "24992000", "incomeTaxExpense": "-24992000", "interestAndDebtExpense": "None", "netIncomeFromContinuingOperations": "0", "comprehensiveIncomeNetOfTax": "None", "ebit": "49005000", "ebitda": "69971000", "netIncome": "24992000"}, {"fiscalDateEnding": "2007-09-30", "reportedCurrency": "USD", "grossProfit": "54663000", "totalRevenue": "80185000", "costOfRevenue": "25522000", "costofGoodsAndServicesSold": "25522000", "operatingIncome": "46847000", "sellingGeneralAndAdministrative": "8343000", "researchAndDevelopment": "0", "operatingExpenses": "8343000", "investmentIncomeNet": "None", "netInterestIncome": "None", "interestIncome": "None", "interestExpense": "23947000", "nonInterestIncome": "None", "otherNonOperatingIncome": "None", "depreciation": "None", "depreciationAndAmortization": "25676000", "incomeBeforeTax": "22900000", "incomeTaxExpense": "-22900000", "interestAndDebtExpense": "None", "netIncomeFromContinuingOperations": "0", "comprehensiveIncomeNetOfTax": "None", "ebit": "46847000", "ebitda": "72523000", "netIncome": "22900000"}, {"fiscalDateEnding": "2007-06-30", "reportedCurrency": "USD", "grossProfit": "53194000", "totalRevenue": "76032000", "costOfRevenue": "22838000", "costofGoodsAndServicesSold": "22838000", "operatingIncome": "43918000", "sellingGeneralAndAdministrative": "7921000", "researchAndDevelopment": "0", "operatingExpenses": "7921000", "investmentIncomeNet": "None", "netInterestIncome": "None", "interestIncome": "None", "interestExpense": "19870000", "nonInterestIncome": "None", "otherNonOperatingIncome": "None", "depreciation": "None", "depreciationAndAmortization": "24100000", "incomeBeforeTax": "24048000", "incomeTaxExpense": "-24048000", "interestAndDebtExpense": "None", "netIncomeFromContinuingOperations": "0", "comprehensiveIncomeNetOfTax": "None", "ebit": "43918000", "ebitda": "68018000", "netIncome": "24048000"}, {"fiscalDateEnding": "2007-03-31", "reportedCurrency": "USD", "grossProfit": "52954000", "totalRevenue": "77083000", "costOfRevenue": "24129000", "costofGoodsAndServicesSold": "24129000", "operatingIncome": "42340000", "sellingGeneralAndAdministrative": "8082000", "researchAndDevelopment": "0", "operatingExpenses": "8082000", "investmentIncomeNet": "None", "netInterestIncome": "None", "interestIncome": "None", "interestExpense": "20556000", "nonInterestIncome": "None", "otherNonOperatingIncome": "None", "depreciation": "None", "depreciationAndAmortization": "24530000", "incomeBeforeTax": "21784000", "incomeTaxExpense": "-21784000", "interestAndDebtExpense": "None", "netIncomeFromContinuingOperations": "0", "comprehensiveIncomeNetOfTax": "None", "ebit": "42340000", "ebitda": "66870000", "netIncome": "21784000"}, {"fiscalDateEnding": "2006-12-31", "reportedCurrency": "USD", "grossProfit": "71390000", "totalRevenue": "71390000", "costOfRevenue": "50413000", "costofGoodsAndServicesSold": "50413000", "operatingIncome": "41683000", "sellingGeneralAndAdministrative": "6697000", "researchAndDevelopment": "0", "operatingExpenses": "6697000", "investmentIncomeNet": "None", "netInterestIncome": "None", "interestIncome": "None", "interestExpense": "21148000", "nonInterestIncome": "None", "otherNonOperatingIncome": "None", "depreciation": "None", "depreciationAndAmortization": "23473000", "incomeBeforeTax": "20535000", "incomeTaxExpense": "-20535000", "interestAndDebtExpense": "None", "netIncomeFromContinuingOperations": "0", "comprehensiveIncomeNetOfTax": "None", "ebit": "41683000", "ebitda": "65156000", "netIncome": "20535000"}, {"fiscalDateEnding": "2006-09-30", "reportedCurrency": "USD", "grossProfit": "66167000", "totalRevenue": "66167000", "costOfRevenue": "44450000", "costofGoodsAndServicesSold": "44450000", "operatingIncome": "38005000", "sellingGeneralAndAdministrative": "6653000", "researchAndDevelopment": "0", "operatingExpenses": "6653000", "investmentIncomeNet": "None", "netInterestIncome": "None", "interestIncome": "None", "interestExpense": "19041000", "nonInterestIncome": "None", "otherNonOperatingIncome": "None", "depreciation": "None", "depreciationAndAmortization": "20988000", "incomeBeforeTax": "18964000", "incomeTaxExpense": "-18964000", "interestAndDebtExpense": "None", "netIncomeFromContinuingOperations": "0", "comprehensiveIncomeNetOfTax": "None", "ebit": "38005000", "ebitda": "58993000", "netIncome": "18964000"}, {"fiscalDateEnding": "2006-06-30", "reportedCurrency": "USD", "grossProfit": "54167000", "totalRevenue": "54167000", "costOfRevenue": "36406000", "costofGoodsAndServicesSold": "36406000", "operatingIncome": "33479000", "sellingGeneralAndAdministrative": "6269000", "researchAndDevelopment": "0", "operatingExpenses": "6269000", "investmentIncomeNet": "None", "netInterestIncome": "None", "interestIncome": "None", "interestExpense": "16317000", "nonInterestIncome": "None", "otherNonOperatingIncome": "None", "depreciation": "None", "depreciationAndAmortization": "17072000", "incomeBeforeTax": "17162000", "incomeTaxExpense": "-17162000", "interestAndDebtExpense": "None", "netIncomeFromContinuingOperations": "0", "comprehensiveIncomeNetOfTax": "None", "ebit": "33479000", "ebitda": "50551000", "netIncome": "17162000"}, {"fiscalDateEnding": "2006-03-31", "reportedCurrency": "USD", "grossProfit": "53726000", "totalRevenue": "53726000", "costOfRevenue": "36989000", "costofGoodsAndServicesSold": "36989000", "operatingIncome": "31620000", "sellingGeneralAndAdministrative": "6452000", "researchAndDevelopment": "0", "operatingExpenses": "6452000", "investmentIncomeNet": "None", "netInterestIncome": "None", "interestIncome": "None", "interestExpense": "14865000", "nonInterestIncome": "None", "otherNonOperatingIncome": "None", "depreciation": "None", "depreciationAndAmortization": "16147000", "incomeBeforeTax": "16755000", "incomeTaxExpense": "-16755000", "interestAndDebtExpense": "None", "netIncomeFromContinuingOperations": "0", "comprehensiveIncomeNetOfTax": "None", "ebit": "31620000", "ebitda": "47767000", "netIncome": "16755000"}, {"fiscalDateEnding": "2005-12-31", "reportedCurrency": "USD", "grossProfit": "52689000", "totalRevenue": "52689000", "costOfRevenue": "35164000", "costofGoodsAndServicesSold": "35164000", "operatingIncome": "29567000", "sellingGeneralAndAdministrative": "5914000", "researchAndDevelopment": "0", "operatingExpenses": "5914000", "investmentIncomeNet": "None", "netInterestIncome": "None", "interestIncome": "None", "interestExpense": "13387000", "nonInterestIncome": "None", "otherNonOperatingIncome": "None", "depreciation": "None", "depreciationAndAmortization": "16604000", "incomeBeforeTax": "16180000", "incomeTaxExpense": "-16180000", "interestAndDebtExpense": "None", "netIncomeFromContinuingOperations": "0", "comprehensiveIncomeNetOfTax": "None", "ebit": "29567000", "ebitda": "46171000", "netIncome": "16180000"}, {"fiscalDateEnding": "2005-09-30", "reportedCurrency": "USD", "grossProfit": "50592000", "totalRevenue": "50592000", "costOfRevenue": "33357000", "costofGoodsAndServicesSold": "33357000", "operatingIncome": "29151000", "sellingGeneralAndAdministrative": "5993000", "researchAndDevelopment": "0", "operatingExpenses": "5993000", "investmentIncomeNet": "None", "netInterestIncome": "None", "interestIncome": "None", "interestExpense": "13160000", "nonInterestIncome": "None", "otherNonOperatingIncome": "None", "depreciation": "None", "depreciationAndAmortization": "15275000", "incomeBeforeTax": "15991000", "incomeTaxExpense": "-15991000", "interestAndDebtExpense": "None", "netIncomeFromContinuingOperations": "0", "comprehensiveIncomeNetOfTax": "None", "ebit": "29151000", "ebitda": "44426000", "netIncome": "15991000"}, {"fiscalDateEnding": "2005-06-30", "reportedCurrency": "USD", "grossProfit": "46969000", "totalRevenue": "46969000", "costOfRevenue": "30315000", "costofGoodsAndServicesSold": "30315000", "operatingIncome": "27521000", "sellingGeneralAndAdministrative": "4765000", "researchAndDevelopment": "0", "operatingExpenses": "4765000", "investmentIncomeNet": "None", "netInterestIncome": "None", "interestIncome": "None", "interestExpense": "11248000", "nonInterestIncome": "None", "otherNonOperatingIncome": "None", "depreciation": "None", "depreciationAndAmortization": "14728000", "incomeBeforeTax": "16273000", "incomeTaxExpense": "-16273000", "interestAndDebtExpense": "None", "netIncomeFromContinuingOperations": "0", "comprehensiveIncomeNetOfTax": "None", "ebit": "27521000", "ebitda": "42249000", "netIncome": "16273000"}, {"fiscalDateEnding": "2005-03-31", "reportedCurrency": "USD", "grossProfit": "44768000", "totalRevenue": "44768000", "costOfRevenue": "29352000", "costofGoodsAndServicesSold": "29352000", "operatingIncome": "26310000", "sellingGeneralAndAdministrative": "4445000", "researchAndDevelopment": "0", "operatingExpenses": "4445000", "investmentIncomeNet": "None", "netInterestIncome": "None", "interestIncome": "None", "interestExpense": "11321000", "nonInterestIncome": "None", "otherNonOperatingIncome": "None", "depreciation": "None", "depreciationAndAmortization": "14386000", "incomeBeforeTax": "14989000", "incomeTaxExpense": "-14989000", "interestAndDebtExpense": "None", "netIncomeFromContinuingOperations": "0", "comprehensiveIncomeNetOfTax": "None", "ebit": "26310000", "ebitda": "40696000", "netIncome": "14989000"}, {"fiscalDateEnding": "2004-12-31", "reportedCurrency": "USD", "grossProfit": "42067000", "totalRevenue": "42067000", "costOfRevenue": "26540000", "costofGoodsAndServicesSold": "26540000", "operatingIncome": "23913000", "sellingGeneralAndAdministrative": "3993000", "researchAndDevelopment": "0", "operatingExpenses": "3993000", "investmentIncomeNet": "None", "netInterestIncome": "None", "interestIncome": "None", "interestExpense": "8409000", "nonInterestIncome": "None", "otherNonOperatingIncome": "None", "depreciation": "None", "depreciationAndAmortization": "12475000", "incomeBeforeTax": "15504000", "incomeTaxExpense": "-15504000", "interestAndDebtExpense": "None", "netIncomeFromContinuingOperations": "0", "comprehensiveIncomeNetOfTax": "None", "ebit": "23913000", "ebitda": "36388000", "netIncome": "15504000"}]}