{"symbol": "SOLV", "annualReports": [{"fiscalDateEnding": "2024-12-31", "reportedCurrency": "USD", "grossProfit": "4593000000", "totalRevenue": "8254000000", "costOfRevenue": "3661000000", "costofGoodsAndServicesSold": "3661000000", "operatingIncome": "1036000000", "sellingGeneralAndAdministrative": "2782000000", "researchAndDevelopment": "775000000", "operatingExpenses": "3557000000", "investmentIncomeNet": "None", "netInterestIncome": "-367000000", "interestIncome": "None", "interestExpense": "367000000", "nonInterestIncome": "None", "otherNonOperatingIncome": "None", "depreciation": "None", "depreciationAndAmortization": "555000000", "incomeBeforeTax": "605000000", "incomeTaxExpense": "127000000", "interestAndDebtExpense": "None", "netIncomeFromContinuingOperations": "478000000", "comprehensiveIncomeNetOfTax": "None", "ebit": "972000000", "ebitda": "1527000000", "netIncome": "479000000"}, {"fiscalDateEnding": "2023-12-31", "reportedCurrency": "USD", "grossProfit": "4693000000", "totalRevenue": "8197000000", "costOfRevenue": "3504000000", "costofGoodsAndServicesSold": "3504000000", "operatingIncome": "1692000000", "sellingGeneralAndAdministrative": "2321000000", "researchAndDevelopment": "758000000", "operatingExpenses": "3001000000", "investmentIncomeNet": "None", "netInterestIncome": "0", "interestIncome": "None", "interestExpense": "0", "nonInterestIncome": "None", "otherNonOperatingIncome": "None", "depreciation": "None", "depreciationAndAmortization": "561000000", "incomeBeforeTax": "1667000000", "incomeTaxExpense": "321000000", "interestAndDebtExpense": "None", "netIncomeFromContinuingOperations": "692000000", "comprehensiveIncomeNetOfTax": "None", "ebit": "1480000000", "ebitda": "2041000000", "netIncome": "1346000000"}, {"fiscalDateEnding": "2022-12-31", "reportedCurrency": "USD", "grossProfit": "4695000000", "totalRevenue": "8130000000", "costOfRevenue": "3435000000", "costofGoodsAndServicesSold": "3435000000", "operatingIncome": "1693000000", "sellingGeneralAndAdministrative": "2235000000", "researchAndDevelopment": "767000000", "operatingExpenses": "3002000000", "investmentIncomeNet": "None", "netInterestIncome": "0", "interestIncome": "None", "interestExpense": "0", "nonInterestIncome": "None", "otherNonOperatingIncome": "None", "depreciation": "None", "depreciationAndAmortization": "578000000", "incomeBeforeTax": "1692000000", "incomeTaxExpense": "349000000", "interestAndDebtExpense": "None", "netIncomeFromContinuingOperations": "1343000000", "comprehensiveIncomeNetOfTax": "None", "ebit": "1693000000", "ebitda": "2271000000", "netIncome": "1343000000"}, {"fiscalDateEnding": "2021-12-31", "reportedCurrency": "USD", "grossProfit": "4923000000", "totalRevenue": "8171000000", "costOfRevenue": "3248000000", "costofGoodsAndServicesSold": "3248000000", "operatingIncome": "1879000000", "sellingGeneralAndAdministrative": "2278000000", "researchAndDevelopment": "766000000", "operatingExpenses": "3044000000", "investmentIncomeNet": "None", "netInterestIncome": "None", "interestIncome": "None", "interestExpense": "None", "nonInterestIncome": "None", "otherNonOperatingIncome": "None", "depreciation": "None", "depreciationAndAmortization": "597000000", "incomeBeforeTax": "1882000000", "incomeTaxExpense": "422000000", "interestAndDebtExpense": "None", "netIncomeFromContinuingOperations": "1460000000", "comprehensiveIncomeNetOfTax": "None", "ebit": "1879000000", "ebitda": "2476000000", "netIncome": "1460000000"}, {"fiscalDateEnding": "2020-12-31", "reportedCurrency": "USD", "grossProfit": "4315000000", "totalRevenue": "7281000000", "costOfRevenue": "2966000000", "costofGoodsAndServicesSold": "2966000000", "operatingIncome": "1430000000", "sellingGeneralAndAdministrative": "2166000000", "researchAndDevelopment": "719000000", "operatingExpenses": "2885000000", "investmentIncomeNet": "None", "netInterestIncome": "None", "interestIncome": "None", "interestExpense": "None", "nonInterestIncome": "None", "otherNonOperatingIncome": "None", "depreciation": "None", "depreciationAndAmortization": "599000000", "incomeBeforeTax": "1440000000", "incomeTaxExpense": "302000000", "interestAndDebtExpense": "None", "netIncomeFromContinuingOperations": "1138000000", "comprehensiveIncomeNetOfTax": "None", "ebit": "1430000000", "ebitda": "2029000000", "netIncome": "1138000000"}], "quarterlyReports": [{"fiscalDateEnding": "2024-12-31", "reportedCurrency": "USD", "grossProfit": "1119000000", "totalRevenue": "2074000000", "costOfRevenue": "955000000", "costofGoodsAndServicesSold": "955000000", "operatingIncome": "136000000", "sellingGeneralAndAdministrative": "784000000", "researchAndDevelopment": "199000000", "operatingExpenses": "983000000", "investmentIncomeNet": "None", "netInterestIncome": "-107000000", "interestIncome": "None", "interestExpense": "107000000", "nonInterestIncome": "None", "otherNonOperatingIncome": "None", "depreciation": "None", "depreciationAndAmortization": "150000000", "incomeBeforeTax": "13000000", "incomeTaxExpense": "-17000000", "interestAndDebtExpense": "None", "netIncomeFromContinuingOperations": "30000000", "comprehensiveIncomeNetOfTax": "None", "ebit": "120000000", "ebitda": "270000000", "netIncome": "30000000"}, {"fiscalDateEnding": "2024-09-30", "reportedCurrency": "USD", "grossProfit": "1165000000", "totalRevenue": "2082000000", "costOfRevenue": "917000000", "costofGoodsAndServicesSold": "917000000", "operatingIncome": "275000000", "sellingGeneralAndAdministrative": "701000000", "researchAndDevelopment": "189000000", "operatingExpenses": "890000000", "investmentIncomeNet": "None", "netInterestIncome": "-107000000", "interestIncome": "None", "interestExpense": "107000000", "nonInterestIncome": "None", "otherNonOperatingIncome": "None", "depreciation": "None", "depreciationAndAmortization": "133000000", "incomeBeforeTax": "167000000", "incomeTaxExpense": "45000000", "interestAndDebtExpense": "None", "netIncomeFromContinuingOperations": "122000000", "comprehensiveIncomeNetOfTax": "None", "ebit": "274000000", "ebitda": "407000000", "netIncome": "122000000"}, {"fiscalDateEnding": "2024-06-30", "reportedCurrency": "USD", "grossProfit": "1137000000", "totalRevenue": "2081000000", "costOfRevenue": "944000000", "costofGoodsAndServicesSold": "944000000", "operatingIncome": "244000000", "sellingGeneralAndAdministrative": "701000000", "researchAndDevelopment": "192000000", "operatingExpenses": "893000000", "investmentIncomeNet": "None", "netInterestIncome": "-114000000", "interestIncome": "None", "interestExpense": "114000000", "nonInterestIncome": "None", "otherNonOperatingIncome": "None", "depreciation": "None", "depreciationAndAmortization": "133000000", "incomeBeforeTax": "96000000", "incomeTaxExpense": "7000000", "interestAndDebtExpense": "None", "netIncomeFromContinuingOperations": "89000000", "comprehensiveIncomeNetOfTax": "None", "ebit": "244000000", "ebitda": "377000000", "netIncome": "89000000"}, {"fiscalDateEnding": "2024-03-31", "reportedCurrency": "USD", "grossProfit": "1173000000", "totalRevenue": "2016000000", "costOfRevenue": "843000000", "costofGoodsAndServicesSold": "843000000", "operatingIncome": "382000000", "sellingGeneralAndAdministrative": "596000000", "researchAndDevelopment": "195000000", "operatingExpenses": "791000000", "investmentIncomeNet": "None", "netInterestIncome": "-39000000", "interestIncome": "None", "interestExpense": "39000000", "nonInterestIncome": "None", "otherNonOperatingIncome": "None", "depreciation": "None", "depreciationAndAmortization": "139000000", "incomeBeforeTax": "329000000", "incomeTaxExpense": "92000000", "interestAndDebtExpense": "None", "netIncomeFromContinuingOperations": "237000000", "comprehensiveIncomeNetOfTax": "None", "ebit": "381000000", "ebitda": "520000000", "netIncome": "237000000"}, {"fiscalDateEnding": "2023-12-31", "reportedCurrency": "USD", "grossProfit": "1115000000", "totalRevenue": "2095000000", "costOfRevenue": "980000000", "costofGoodsAndServicesSold": "980000000", "operatingIncome": "350000000", "sellingGeneralAndAdministrative": "575000000", "researchAndDevelopment": "190000000", "operatingExpenses": "765000000", "investmentIncomeNet": "None", "netInterestIncome": "None", "interestIncome": "None", "interestExpense": "None", "nonInterestIncome": "None", "otherNonOperatingIncome": "None", "depreciation": "None", "depreciationAndAmortization": "139000000", "incomeBeforeTax": "179000000", "incomeTaxExpense": "106000000", "interestAndDebtExpense": "None", "netIncomeFromContinuingOperations": "73000000", "comprehensiveIncomeNetOfTax": "None", "ebit": "350000000", "ebitda": "489000000", "netIncome": "73000000"}, {"fiscalDateEnding": "2023-09-30", "reportedCurrency": "USD", "grossProfit": "1153000000", "totalRevenue": "2054000000", "costOfRevenue": "901000000", "costofGoodsAndServicesSold": "901000000", "operatingIncome": "393000000", "sellingGeneralAndAdministrative": "581000000", "researchAndDevelopment": "179000000", "operatingExpenses": "760000000", "investmentIncomeNet": "None", "netInterestIncome": "0", "interestIncome": "None", "interestExpense": "0", "nonInterestIncome": "None", "otherNonOperatingIncome": "None", "depreciation": "None", "depreciationAndAmortization": "144000000", "incomeBeforeTax": "283000000", "incomeTaxExpense": "-2000000", "interestAndDebtExpense": "None", "netIncomeFromContinuingOperations": "285000000", "comprehensiveIncomeNetOfTax": "None", "ebit": "393000000", "ebitda": "537000000", "netIncome": "285000000"}, {"fiscalDateEnding": "2023-06-30", "reportedCurrency": "USD", "grossProfit": "1163000000", "totalRevenue": "2043500000", "costOfRevenue": "880500000", "costofGoodsAndServicesSold": "880500000", "operatingIncome": "410500000", "sellingGeneralAndAdministrative": "588000000", "researchAndDevelopment": "194000000", "operatingExpenses": "775000000", "investmentIncomeNet": "None", "netInterestIncome": "0", "interestIncome": "None", "interestExpense": "0", "nonInterestIncome": "None", "otherNonOperatingIncome": "None", "depreciation": "None", "depreciationAndAmortization": "133000000", "incomeBeforeTax": "388000000", "incomeTaxExpense": "81000000", "interestAndDebtExpense": "None", "netIncomeFromContinuingOperations": "41000000", "comprehensiveIncomeNetOfTax": "None", "ebit": "417000000", "ebitda": "550000000", "netIncome": "321000000"}, {"fiscalDateEnding": "2023-03-31", "reportedCurrency": "USD", "grossProfit": "1163000000", "totalRevenue": "2043500000", "costOfRevenue": "880500000", "costofGoodsAndServicesSold": "880500000", "operatingIncome": "410500000", "sellingGeneralAndAdministrative": "577000000", "researchAndDevelopment": "194000000", "operatingExpenses": "775000000", "investmentIncomeNet": "None", "netInterestIncome": "0", "interestIncome": "None", "interestExpense": "0", "nonInterestIncome": "None", "otherNonOperatingIncome": "None", "depreciation": "None", "depreciationAndAmortization": "145000000", "incomeBeforeTax": "388000000", "incomeTaxExpense": "81000000", "interestAndDebtExpense": "None", "netIncomeFromContinuingOperations": "293000000", "comprehensiveIncomeNetOfTax": "None", "ebit": "365000000", "ebitda": "510000000", "netIncome": "293000000"}, {"fiscalDateEnding": "2022-12-31", "reportedCurrency": "None", "grossProfit": "1109000000", "totalRevenue": "2005000000", "costOfRevenue": "896000000", "costofGoodsAndServicesSold": "896000000", "operatingIncome": "382000000", "sellingGeneralAndAdministrative": "None", "researchAndDevelopment": "186000000", "operatingExpenses": "726000000", "investmentIncomeNet": "None", "netInterestIncome": "None", "interestIncome": "None", "interestExpense": "None", "nonInterestIncome": "None", "otherNonOperatingIncome": "None", "depreciation": "None", "depreciationAndAmortization": "151000000", "incomeBeforeTax": "383000000", "incomeTaxExpense": "76000000", "interestAndDebtExpense": "None", "netIncomeFromContinuingOperations": "None", "comprehensiveIncomeNetOfTax": "None", "ebit": "382000000", "ebitda": "533000000", "netIncome": "307000000"}, {"fiscalDateEnding": "2022-09-30", "reportedCurrency": "None", "grossProfit": "1149000000", "totalRevenue": "2009000000", "costOfRevenue": "860000000", "costofGoodsAndServicesSold": "860000000", "operatingIncome": "423000000", "sellingGeneralAndAdministrative": "None", "researchAndDevelopment": "183000000", "operatingExpenses": "726000000", "investmentIncomeNet": "None", "netInterestIncome": "None", "interestIncome": "None", "interestExpense": "None", "nonInterestIncome": "None", "otherNonOperatingIncome": "None", "depreciation": "None", "depreciationAndAmortization": "142000000", "incomeBeforeTax": "423000000", "incomeTaxExpense": "88000000", "interestAndDebtExpense": "None", "netIncomeFromContinuingOperations": "None", "comprehensiveIncomeNetOfTax": "None", "ebit": "423000000", "ebitda": "565000000", "netIncome": "335000000"}, {"fiscalDateEnding": "2022-06-30", "reportedCurrency": "None", "grossProfit": "1218500000", "totalRevenue": "2058000000", "costOfRevenue": "839500000", "costofGoodsAndServicesSold": "839500000", "operatingIncome": "442500000", "sellingGeneralAndAdministrative": "None", "researchAndDevelopment": "199000000", "operatingExpenses": "775500000", "investmentIncomeNet": "None", "netInterestIncome": "None", "interestIncome": "None", "interestExpense": "None", "nonInterestIncome": "None", "otherNonOperatingIncome": "None", "depreciation": "None", "depreciationAndAmortization": "142500000", "incomeBeforeTax": "443000000", "incomeTaxExpense": "92500000", "interestAndDebtExpense": "None", "netIncomeFromContinuingOperations": "None", "comprehensiveIncomeNetOfTax": "None", "ebit": "442500000", "ebitda": "585000000", "netIncome": "350500000"}, {"fiscalDateEnding": "2022-03-31", "reportedCurrency": "None", "grossProfit": "1218500000", "totalRevenue": "2058000000", "costOfRevenue": "839500000", "costofGoodsAndServicesSold": "839500000", "operatingIncome": "442500000", "sellingGeneralAndAdministrative": "None", "researchAndDevelopment": "199000000", "operatingExpenses": "775500000", "investmentIncomeNet": "None", "netInterestIncome": "None", "interestIncome": "None", "interestExpense": "None", "nonInterestIncome": "None", "otherNonOperatingIncome": "None", "depreciation": "None", "depreciationAndAmortization": "142500000", "incomeBeforeTax": "443000000", "incomeTaxExpense": "92500000", "interestAndDebtExpense": "None", "netIncomeFromContinuingOperations": "None", "comprehensiveIncomeNetOfTax": "None", "ebit": "442500000", "ebitda": "585000000", "netIncome": "350500000"}]}