{"symbol": "IR", "annualReports": [{"fiscalDateEnding": "2024-12-31", "reportedCurrency": "USD", "grossProfit": "3170000000", "totalRevenue": "7235000000", "costOfRevenue": "4065000000", "costofGoodsAndServicesSold": "4065000000", "operatingIncome": "1300100000", "sellingGeneralAndAdministrative": "1344400000", "researchAndDevelopment": "None", "operatingExpenses": "1869900000", "investmentIncomeNet": "None", "netInterestIncome": "-213200000", "interestIncome": "None", "interestExpense": "213200000", "nonInterestIncome": "None", "otherNonOperatingIncome": "None", "depreciation": "None", "depreciationAndAmortization": "482000000", "incomeBeforeTax": "1132800000", "incomeTaxExpense": "262500000", "interestAndDebtExpense": "None", "netIncomeFromContinuingOperations": "846300000", "comprehensiveIncomeNetOfTax": "None", "ebit": "1346000000", "ebitda": "1828000000", "netIncome": "838600000"}, {"fiscalDateEnding": "2023-12-31", "reportedCurrency": "USD", "grossProfit": "2882200000", "totalRevenue": "6876100000", "costOfRevenue": "3993900000", "costofGoodsAndServicesSold": "3993900000", "operatingIncome": "1164300000", "sellingGeneralAndAdministrative": "1217900000", "researchAndDevelopment": "108000000", "operatingExpenses": "1717900000", "investmentIncomeNet": "None", "netInterestIncome": "-156700000", "interestIncome": "None", "interestExpense": "156700000", "nonInterestIncome": "None", "otherNonOperatingIncome": "None", "depreciation": "None", "depreciationAndAmortization": "459100000", "incomeBeforeTax": "1031100000", "incomeTaxExpense": "240000000", "interestAndDebtExpense": "None", "netIncomeFromContinuingOperations": "785100000", "comprehensiveIncomeNetOfTax": "None", "ebit": "1187800000", "ebitda": "1646900000", "netIncome": "778700000"}, {"fiscalDateEnding": "2022-12-31", "reportedCurrency": "USD", "grossProfit": "2325600000", "totalRevenue": "5916300000", "costOfRevenue": "3590700000", "costofGoodsAndServicesSold": "3590700000", "operatingIncome": "817300000", "sellingGeneralAndAdministrative": "2545900000", "researchAndDevelopment": "91000000", "operatingExpenses": "1508300000", "investmentIncomeNet": "None", "netInterestIncome": "-103200000", "interestIncome": "103200000", "interestExpense": "103200000", "nonInterestIncome": "None", "otherNonOperatingIncome": "-23300000", "depreciation": "None", "depreciationAndAmortization": "432800000", "incomeBeforeTax": "742200000", "incomeTaxExpense": "149600000", "interestAndDebtExpense": "None", "netIncomeFromContinuingOperations": "1796200000", "comprehensiveIncomeNetOfTax": "None", "ebit": "879400000", "ebitda": "1312200000", "netIncome": "604700000"}, {"fiscalDateEnding": "2021-12-31", "reportedCurrency": "USD", "grossProfit": "1988500000", "totalRevenue": "5152400000", "costOfRevenue": "3163900000", "costofGoodsAndServicesSold": "3163900000", "operatingIncome": "565700000", "sellingGeneralAndAdministrative": "2446300000", "researchAndDevelopment": "74000000", "operatingExpenses": "1422800000", "investmentIncomeNet": "None", "netInterestIncome": "-87700000", "interestIncome": "87700000", "interestExpense": "87700000", "nonInterestIncome": "None", "otherNonOperatingIncome": "1100000", "depreciation": "None", "depreciationAndAmortization": "422100000", "incomeBeforeTax": "513000000", "incomeTaxExpense": "-21800000", "interestAndDebtExpense": "None", "netIncomeFromContinuingOperations": "1457200000", "comprehensiveIncomeNetOfTax": "None", "ebit": "622400000", "ebitda": "1044500000", "netIncome": "562500000"}, {"fiscalDateEnding": "2020-12-31", "reportedCurrency": "USD", "grossProfit": "1613400000", "totalRevenue": "4910200000", "costOfRevenue": "3296800000", "costofGoodsAndServicesSold": "3296800000", "operatingIncome": "85700000", "sellingGeneralAndAdministrative": "2270600000", "researchAndDevelopment": "58000000", "operatingExpenses": "1507800000", "investmentIncomeNet": "None", "netInterestIncome": "-111100000", "interestIncome": "111100000", "interestExpense": "111100000", "nonInterestIncome": "None", "otherNonOperatingIncome": "4100000", "depreciation": "None", "depreciationAndAmortization": "412500000", "incomeBeforeTax": "-19400000", "incomeTaxExpense": "13000000", "interestAndDebtExpense": "None", "netIncomeFromContinuingOperations": "991400000", "comprehensiveIncomeNetOfTax": "None", "ebit": "274400000", "ebitda": "686900000", "netIncome": "-32400000"}, {"fiscalDateEnding": "2019-12-31", "reportedCurrency": "USD", "grossProfit": "911700000", "totalRevenue": "2451900000", "costOfRevenue": "1540200000", "costofGoodsAndServicesSold": "1540200000", "operatingIncome": "275300000", "sellingGeneralAndAdministrative": "400000", "researchAndDevelopment": "25000000", "operatingExpenses": "636400000", "investmentIncomeNet": "None", "netInterestIncome": "-88900000", "interestIncome": "88900000", "interestExpense": "88900000", "nonInterestIncome": "None", "otherNonOperatingIncome": "-33000000", "depreciation": "None", "depreciationAndAmortization": "178100000", "incomeBeforeTax": "190900000", "incomeTaxExpense": "31800000", "interestAndDebtExpense": "None", "netIncomeFromContinuingOperations": "1387900000", "comprehensiveIncomeNetOfTax": "None", "ebit": "264200000", "ebitda": "442300000", "netIncome": "159100000"}, {"fiscalDateEnding": "2018-12-31", "reportedCurrency": "USD", "grossProfit": "1012500000", "totalRevenue": "2689800000", "costOfRevenue": "1677300000", "costofGoodsAndServicesSold": "1677300000", "operatingIncome": "443000000", "sellingGeneralAndAdministrative": "434600000", "researchAndDevelopment": "24000000", "operatingExpenses": "569500000", "investmentIncomeNet": "None", "netInterestIncome": "-99600000", "interestIncome": "99600000", "interestExpense": "99600000", "nonInterestIncome": "None", "otherNonOperatingIncome": "-36400000", "depreciation": "None", "depreciationAndAmortization": "180400000", "incomeBeforeTax": "349500000", "incomeTaxExpense": "80100000", "interestAndDebtExpense": "None", "netIncomeFromContinuingOperations": "1379000000", "comprehensiveIncomeNetOfTax": "None", "ebit": "449700000", "ebitda": "630100000", "netIncome": "269400000"}, {"fiscalDateEnding": "2017-12-31", "reportedCurrency": "USD", "grossProfit": "897900000", "totalRevenue": "2375400000", "costOfRevenue": "1477500000", "costofGoodsAndServicesSold": "1477500000", "operatingIncome": "108700000", "sellingGeneralAndAdministrative": "194200000", "researchAndDevelopment": "26000000", "operatingExpenses": "787600000", "investmentIncomeNet": "None", "netInterestIncome": "-140700000", "interestIncome": "140700000", "interestExpense": "140700000", "nonInterestIncome": "None", "otherNonOperatingIncome": "-31600000", "depreciation": "None", "depreciationAndAmortization": "174700000", "incomeBeforeTax": "-112700000", "incomeTaxExpense": "-131200000", "interestAndDebtExpense": "None", "netIncomeFromContinuingOperations": "1337700000", "comprehensiveIncomeNetOfTax": "None", "ebit": "7400000", "ebitda": "182100000", "netIncome": "18400000"}, {"fiscalDateEnding": "2016-12-31", "reportedCurrency": "USD", "grossProfit": "716731000", "totalRevenue": "1939436000", "costOfRevenue": "1222705000", "costofGoodsAndServicesSold": "1222705000", "operatingIncome": "104344000", "sellingGeneralAndAdministrative": "2606500000", "researchAndDevelopment": "22000000", "operatingExpenses": "560104000", "investmentIncomeNet": "None", "netInterestIncome": "-170338000", "interestIncome": "170338000", "interestExpense": "170338000", "nonInterestIncome": "None", "otherNonOperatingIncome": "389700000", "depreciation": "None", "depreciationAndAmortization": "172725000", "incomeBeforeTax": "-63150000", "incomeTaxExpense": "-31860000", "interestAndDebtExpense": "None", "netIncomeFromContinuingOperations": "1459800000", "comprehensiveIncomeNetOfTax": "None", "ebit": "95795000", "ebitda": "268520000", "netIncome": "-36620000"}, {"fiscalDateEnding": "2015-12-31", "reportedCurrency": "USD", "grossProfit": "779100000", "totalRevenue": "2126900000", "costOfRevenue": "1347800000", "costofGoodsAndServicesSold": "1347800000", "operatingIncome": "-205400000", "sellingGeneralAndAdministrative": "2541100000", "researchAndDevelopment": "26000000", "operatingExpenses": "557300000", "investmentIncomeNet": "None", "netInterestIncome": "None", "interestIncome": "162861000", "interestExpense": "162900000", "nonInterestIncome": "None", "otherNonOperatingIncome": "12900000", "depreciation": "None", "depreciationAndAmortization": "163000000", "incomeBeforeTax": "-366700000", "incomeTaxExpense": "-14700000", "interestAndDebtExpense": "None", "netIncomeFromContinuingOperations": "707100000", "comprehensiveIncomeNetOfTax": "None", "ebit": "-204801000", "ebitda": "-41801000", "netIncome": "-351200000"}, {"fiscalDateEnding": "2014-12-31", "reportedCurrency": "USD", "grossProfit": "936781000", "totalRevenue": "2570005000", "costOfRevenue": "1633224000", "costofGoodsAndServicesSold": "1633224000", "operatingIncome": "48233000", "sellingGeneralAndAdministrative": "2503900000", "researchAndDevelopment": "26000000", "operatingExpenses": "605640000", "investmentIncomeNet": "None", "netInterestIncome": "None", "interestIncome": "None", "interestExpense": "164376000", "nonInterestIncome": "None", "otherNonOperatingIncome": "30000000", "depreciation": "None", "depreciationAndAmortization": "160350000", "incomeBeforeTax": "-112929000", "incomeTaxExpense": "22996000", "interestAndDebtExpense": "None", "netIncomeFromContinuingOperations": "915700000", "comprehensiveIncomeNetOfTax": "None", "ebit": "321018000", "ebitda": "481368000", "netIncome": "-135023000"}, {"fiscalDateEnding": "2013-12-31", "reportedCurrency": "USD", "grossProfit": "3675000000", "totalRevenue": "12350500000", "costOfRevenue": "8675500000", "costofGoodsAndServicesSold": "8675500000", "operatingIncome": "1105000000", "sellingGeneralAndAdministrative": "2570000000", "researchAndDevelopment": "218200000", "operatingExpenses": "2570000000", "investmentIncomeNet": "None", "netInterestIncome": "None", "interestIncome": "None", "interestExpense": "0", "nonInterestIncome": "None", "otherNonOperatingIncome": "3400000", "depreciation": "None", "depreciationAndAmortization": "None", "incomeBeforeTax": "829600000", "incomeTaxExpense": "227400000", "interestAndDebtExpense": "None", "netIncomeFromContinuingOperations": "640600000", "comprehensiveIncomeNetOfTax": "None", "ebit": "1108400000", "ebitda": "None", "netIncome": "618800000"}, {"fiscalDateEnding": "2012-12-31", "reportedCurrency": "USD", "grossProfit": "808387000", "totalRevenue": "2355525000", "costOfRevenue": "1547138000", "costofGoodsAndServicesSold": "1547138000", "operatingIncome": "401108000", "sellingGeneralAndAdministrative": "2776000000", "researchAndDevelopment": "39500000", "operatingExpenses": "432118999", "investmentIncomeNet": "None", "netInterestIncome": "None", "interestIncome": "None", "interestExpense": "0", "nonInterestIncome": "None", "otherNonOperatingIncome": "25000000", "depreciation": "None", "depreciationAndAmortization": "63778000", "incomeBeforeTax": "361562000", "incomeTaxExpense": "97069000", "interestAndDebtExpense": "None", "netIncomeFromContinuingOperations": "1049700000", "comprehensiveIncomeNetOfTax": "None", "ebit": "401108000", "ebitda": "464886000", "netIncome": "263266000"}, {"fiscalDateEnding": "2011-12-31", "reportedCurrency": "USD", "grossProfit": "4288400000", "totalRevenue": "14782000000", "costOfRevenue": "10493600000", "costofGoodsAndServicesSold": "10493600000", "operatingIncome": "860300000", "sellingGeneralAndAdministrative": "2781200000", "researchAndDevelopment": "257300000", "operatingExpenses": "3428100000", "investmentIncomeNet": "None", "netInterestIncome": "None", "interestIncome": "None", "interestExpense": "0", "nonInterestIncome": "None", "otherNonOperatingIncome": "33000000", "depreciation": "None", "depreciationAndAmortization": "None", "incomeBeforeTax": "613300000", "incomeTaxExpense": "187200000", "interestAndDebtExpense": "None", "netIncomeFromContinuingOperations": "426100000", "comprehensiveIncomeNetOfTax": "None", "ebit": "893300000", "ebitda": "None", "netIncome": "343200000"}, {"fiscalDateEnding": "2010-12-31", "reportedCurrency": "USD", "grossProfit": "3920600000", "totalRevenue": "14079100000", "costOfRevenue": "10158500000", "costofGoodsAndServicesSold": "10158500000", "operatingIncome": "1247500000", "sellingGeneralAndAdministrative": "2673100000", "researchAndDevelopment": "244000000", "operatingExpenses": "2673100000", "investmentIncomeNet": "None", "netInterestIncome": "None", "interestIncome": "None", "interestExpense": "0", "nonInterestIncome": "None", "otherNonOperatingIncome": "42300000", "depreciation": "None", "depreciationAndAmortization": "None", "incomeBeforeTax": "1006600000", "incomeTaxExpense": "224800000", "interestAndDebtExpense": "None", "netIncomeFromContinuingOperations": "781800000", "comprehensiveIncomeNetOfTax": "None", "ebit": "1289800000", "ebitda": "None", "netIncome": "642200000"}, {"fiscalDateEnding": "2009-12-31", "reportedCurrency": "USD", "grossProfit": "3550200000", "totalRevenue": "13195300000", "costOfRevenue": "9645100000", "costofGoodsAndServicesSold": "9645100000", "operatingIncome": "841600000", "sellingGeneralAndAdministrative": "2708600000", "researchAndDevelopment": "257400000", "operatingExpenses": "2708600000", "investmentIncomeNet": "None", "netInterestIncome": "None", "interestIncome": "None", "interestExpense": "0", "nonInterestIncome": "None", "otherNonOperatingIncome": "19700000", "depreciation": "None", "depreciationAndAmortization": "None", "incomeBeforeTax": "559100000", "incomeTaxExpense": "71300000", "interestAndDebtExpense": "None", "netIncomeFromContinuingOperations": "487800000", "comprehensiveIncomeNetOfTax": "None", "ebit": "861300000", "ebitda": "None", "netIncome": "451300000"}, {"fiscalDateEnding": "2008-12-31", "reportedCurrency": "USD", "grossProfit": "3963500000", "totalRevenue": "13227400000", "costOfRevenue": "9263900000", "costofGoodsAndServicesSold": "9263900000", "operatingIncome": "1408000000", "sellingGeneralAndAdministrative": "2128000000", "researchAndDevelopment": "131600000", "operatingExpenses": "None", "investmentIncomeNet": "None", "netInterestIncome": "None", "interestIncome": "None", "interestExpense": "0", "nonInterestIncome": "None", "otherNonOperatingIncome": "None", "depreciation": "None", "depreciationAndAmortization": "None", "incomeBeforeTax": "None", "incomeTaxExpense": "None", "interestAndDebtExpense": "None", "netIncomeFromContinuingOperations": "None", "comprehensiveIncomeNetOfTax": "None", "ebit": "None", "ebitda": "None", "netIncome": "None"}, {"fiscalDateEnding": "2007-12-31", "reportedCurrency": "USD", "grossProfit": "2653400000", "totalRevenue": "8763100000", "costOfRevenue": "6109700000", "costofGoodsAndServicesSold": "6109700000", "operatingIncome": "1086500000", "sellingGeneralAndAdministrative": "1429400000", "researchAndDevelopment": "128600000", "operatingExpenses": "None", "investmentIncomeNet": "None", "netInterestIncome": "None", "interestIncome": "None", "interestExpense": "0", "nonInterestIncome": "None", "otherNonOperatingIncome": "None", "depreciation": "None", "depreciationAndAmortization": "None", "incomeBeforeTax": "951800000", "incomeTaxExpense": "204400000", "interestAndDebtExpense": "None", "netIncomeFromContinuingOperations": "None", "comprehensiveIncomeNetOfTax": "None", "ebit": "None", "ebitda": "None", "netIncome": "3966700000"}, {"fiscalDateEnding": "2006-12-31", "reportedCurrency": "USD", "grossProfit": "3174500000", "totalRevenue": "11409300000", "costOfRevenue": "8234800000", "costofGoodsAndServicesSold": "8234800000", "operatingIncome": "1440800000", "sellingGeneralAndAdministrative": "1544300000", "researchAndDevelopment": "175500000", "operatingExpenses": "None", "investmentIncomeNet": "None", "netInterestIncome": "None", "interestIncome": "None", "interestExpense": "0", "nonInterestIncome": "None", "otherNonOperatingIncome": "None", "depreciation": "None", "depreciationAndAmortization": "None", "incomeBeforeTax": "1314900000", "incomeTaxExpense": "231700000", "interestAndDebtExpense": "None", "netIncomeFromContinuingOperations": "None", "comprehensiveIncomeNetOfTax": "None", "ebit": "None", "ebitda": "None", "netIncome": "1032500000"}, {"fiscalDateEnding": "2005-12-31", "reportedCurrency": "USD", "grossProfit": "2968800000", "totalRevenue": "10546900000", "costOfRevenue": "7578100000", "costofGoodsAndServicesSold": "7578100000", "operatingIncome": "1361800000", "sellingGeneralAndAdministrative": "1441000000", "researchAndDevelopment": "162400000", "operatingExpenses": "None", "investmentIncomeNet": "None", "netInterestIncome": "None", "interestIncome": "None", "interestExpense": "0", "nonInterestIncome": "None", "otherNonOperatingIncome": "None", "depreciation": "None", "depreciationAndAmortization": "None", "incomeBeforeTax": "1270500000", "incomeTaxExpense": "204700000", "interestAndDebtExpense": "None", "netIncomeFromContinuingOperations": "None", "comprehensiveIncomeNetOfTax": "None", "ebit": "None", "ebitda": "None", "netIncome": "1054200000"}], "quarterlyReports": [{"fiscalDateEnding": "2024-12-31", "reportedCurrency": "USD", "grossProfit": "815400000", "totalRevenue": "1898600000", "costOfRevenue": "1083200000", "costofGoodsAndServicesSold": "1083200000", "operatingIncome": "378800000", "sellingGeneralAndAdministrative": "331700000", "researchAndDevelopment": "None", "operatingExpenses": "436600000", "investmentIncomeNet": "None", "netInterestIncome": "-61800000", "interestIncome": "None", "interestExpense": "61800000", "nonInterestIncome": "None", "otherNonOperatingIncome": "None", "depreciation": "None", "depreciationAndAmortization": "123600000", "incomeBeforeTax": "325100000", "incomeTaxExpense": "88200000", "interestAndDebtExpense": "None", "netIncomeFromContinuingOperations": "231900000", "comprehensiveIncomeNetOfTax": "None", "ebit": "386900000", "ebitda": "510500000", "netIncome": "229800000"}, {"fiscalDateEnding": "2024-09-30", "reportedCurrency": "USD", "grossProfit": "815000000", "totalRevenue": "1861000000", "costOfRevenue": "1046000000", "costofGoodsAndServicesSold": "1046000000", "operatingIncome": "356300000", "sellingGeneralAndAdministrative": "334300000", "researchAndDevelopment": "None", "operatingExpenses": "334300000", "investmentIncomeNet": "None", "netInterestIncome": "-63800000", "interestIncome": "None", "interestExpense": "63800000", "nonInterestIncome": "None", "otherNonOperatingIncome": "None", "depreciation": "None", "depreciationAndAmortization": "124300000", "incomeBeforeTax": "302000000", "incomeTaxExpense": "73800000", "interestAndDebtExpense": "None", "netIncomeFromContinuingOperations": "223400000", "comprehensiveIncomeNetOfTax": "None", "ebit": "373300000", "ebitda": "497600000", "netIncome": "221600000"}, {"fiscalDateEnding": "2024-06-30", "reportedCurrency": "USD", "grossProfit": "702100000", "totalRevenue": "1805300000", "costOfRevenue": "1103200000", "costofGoodsAndServicesSold": "1103200000", "operatingIncome": "360400000", "sellingGeneralAndAdministrative": "342100000", "researchAndDevelopment": "None", "operatingExpenses": "341700000", "investmentIncomeNet": "None", "netInterestIncome": "-50800000", "interestIncome": "None", "interestExpense": "50800000", "nonInterestIncome": "None", "otherNonOperatingIncome": "None", "depreciation": "None", "depreciationAndAmortization": "116900000", "incomeBeforeTax": "236100000", "incomeTaxExpense": "46100000", "interestAndDebtExpense": "None", "netIncomeFromContinuingOperations": "186500000", "comprehensiveIncomeNetOfTax": "None", "ebit": "360800000", "ebitda": "477700000", "netIncome": "185000000"}, {"fiscalDateEnding": "2024-03-31", "reportedCurrency": "USD", "grossProfit": "746300000", "totalRevenue": "1670100000", "costOfRevenue": "923800000", "costofGoodsAndServicesSold": "923800000", "operatingIncome": "293200000", "sellingGeneralAndAdministrative": "336300000", "researchAndDevelopment": "None", "operatingExpenses": "336300000", "investmentIncomeNet": "None", "netInterestIncome": "-36800000", "interestIncome": "None", "interestExpense": "36800000", "nonInterestIncome": "None", "otherNonOperatingIncome": "None", "depreciation": "None", "depreciationAndAmortization": "117200000", "incomeBeforeTax": "269600000", "incomeTaxExpense": "54400000", "interestAndDebtExpense": "None", "netIncomeFromContinuingOperations": "204500000", "comprehensiveIncomeNetOfTax": "None", "ebit": "317900000", "ebitda": "435100000", "netIncome": "202200000"}, {"fiscalDateEnding": "2023-12-31", "reportedCurrency": "USD", "grossProfit": "688000000", "totalRevenue": "1821400000", "costOfRevenue": "1133400000", "costofGoodsAndServicesSold": "1133400000", "operatingIncome": "333200000", "sellingGeneralAndAdministrative": "641900000", "researchAndDevelopment": "108000000", "operatingExpenses": "354800000", "investmentIncomeNet": "None", "netInterestIncome": "-37400000", "interestIncome": "None", "interestExpense": "37400000", "nonInterestIncome": "None", "otherNonOperatingIncome": "None", "depreciation": "None", "depreciationAndAmortization": "116700000", "incomeBeforeTax": "307400000", "incomeTaxExpense": "71100000", "interestAndDebtExpense": "None", "netIncomeFromContinuingOperations": "231500000", "comprehensiveIncomeNetOfTax": "None", "ebit": "344800000", "ebitda": "461500000", "netIncome": "229800000"}, {"fiscalDateEnding": "2023-09-30", "reportedCurrency": "USD", "grossProfit": "739300000", "totalRevenue": "1738900000", "costOfRevenue": "999600000", "costofGoodsAndServicesSold": "999600000", "operatingIncome": "318400000", "sellingGeneralAndAdministrative": "315200000", "researchAndDevelopment": "None", "operatingExpenses": "315200000", "investmentIncomeNet": "None", "netInterestIncome": "-39600000", "interestIncome": "39600000", "interestExpense": "39600000", "nonInterestIncome": "None", "otherNonOperatingIncome": "None", "depreciation": "None", "depreciationAndAmortization": "115700000", "incomeBeforeTax": "273800000", "incomeTaxExpense": "60300000", "interestAndDebtExpense": "None", "netIncomeFromContinuingOperations": "209600000", "comprehensiveIncomeNetOfTax": "None", "ebit": "331400000", "ebitda": "447100000", "netIncome": "208300000"}, {"fiscalDateEnding": "2023-06-30", "reportedCurrency": "USD", "grossProfit": "697500000", "totalRevenue": "1686500000", "costOfRevenue": "989000000", "costofGoodsAndServicesSold": "989000000", "operatingIncome": "272400000", "sellingGeneralAndAdministrative": "699000000", "researchAndDevelopment": "None", "operatingExpenses": "425100000", "investmentIncomeNet": "None", "netInterestIncome": "-40800000", "interestIncome": "40800000", "interestExpense": "40800000", "nonInterestIncome": "None", "otherNonOperatingIncome": "-57400000", "depreciation": "None", "depreciationAndAmortization": "111800000", "incomeBeforeTax": "238900000", "incomeTaxExpense": "60500000", "interestAndDebtExpense": "None", "netIncomeFromContinuingOperations": "596800000", "comprehensiveIncomeNetOfTax": "None", "ebit": "293600000", "ebitda": "405400000", "netIncome": "179500000"}, {"fiscalDateEnding": "2023-03-31", "reportedCurrency": "USD", "grossProfit": "664200000", "totalRevenue": "1629300000", "costOfRevenue": "965100000", "costofGoodsAndServicesSold": "965100000", "operatingIncome": "240300000", "sellingGeneralAndAdministrative": "686700000", "researchAndDevelopment": "None", "operatingExpenses": "423900000", "investmentIncomeNet": "None", "netInterestIncome": "-38900000", "interestIncome": "38900000", "interestExpense": "38900000", "nonInterestIncome": "None", "otherNonOperatingIncome": "-9400000", "depreciation": "None", "depreciationAndAmortization": "114000000", "incomeBeforeTax": "211000000", "incomeTaxExpense": "48100000", "interestAndDebtExpense": "None", "netIncomeFromContinuingOperations": "316600000", "comprehensiveIncomeNetOfTax": "None", "ebit": "249900000", "ebitda": "363900000", "netIncome": "161100000"}, {"fiscalDateEnding": "2022-12-31", "reportedCurrency": "USD", "grossProfit": "654400000", "totalRevenue": "1623700000", "costOfRevenue": "969300000", "costofGoodsAndServicesSold": "969300000", "operatingIncome": "272900000", "sellingGeneralAndAdministrative": "541500000", "researchAndDevelopment": "91000000", "operatingExpenses": "381500000", "investmentIncomeNet": "None", "netInterestIncome": "-34400000", "interestIncome": "34400000", "interestExpense": "34400000", "nonInterestIncome": "None", "otherNonOperatingIncome": "-2300000", "depreciation": "None", "depreciationAndAmortization": "104000000", "incomeBeforeTax": "245900000", "incomeTaxExpense": "45000000", "interestAndDebtExpense": "None", "netIncomeFromContinuingOperations": "449000000", "comprehensiveIncomeNetOfTax": "None", "ebit": "274800000", "ebitda": "378800000", "netIncome": "217400000"}, {"fiscalDateEnding": "2022-09-30", "reportedCurrency": "USD", "grossProfit": "575300000", "totalRevenue": "1515700000", "costOfRevenue": "940400000", "costofGoodsAndServicesSold": "940400000", "operatingIncome": "190000000", "sellingGeneralAndAdministrative": "693300000", "researchAndDevelopment": "None", "operatingExpenses": "385300000", "investmentIncomeNet": "None", "netInterestIncome": "-26600000", "interestIncome": "26600000", "interestExpense": "26600000", "nonInterestIncome": "None", "otherNonOperatingIncome": "-18700000", "depreciation": "None", "depreciationAndAmortization": "115000000", "incomeBeforeTax": "173200000", "incomeTaxExpense": "30300000", "interestAndDebtExpense": "None", "netIncomeFromContinuingOperations": "560300000", "comprehensiveIncomeNetOfTax": "None", "ebit": "199800000", "ebitda": "314800000", "netIncome": "145100000"}, {"fiscalDateEnding": "2022-06-30", "reportedCurrency": "USD", "grossProfit": "569800000", "totalRevenue": "1439900000", "costOfRevenue": "870100000", "costofGoodsAndServicesSold": "870100000", "operatingIncome": "197400000", "sellingGeneralAndAdministrative": "612800000", "researchAndDevelopment": "None", "operatingExpenses": "372400000", "investmentIncomeNet": "None", "netInterestIncome": "-23200000", "interestIncome": "23200000", "interestExpense": "23200000", "nonInterestIncome": "None", "otherNonOperatingIncome": "-1600000", "depreciation": "None", "depreciationAndAmortization": "104500000", "incomeBeforeTax": "180500000", "incomeTaxExpense": "41900000", "interestAndDebtExpense": "None", "netIncomeFromContinuingOperations": "516500000", "comprehensiveIncomeNetOfTax": "None", "ebit": "211600000", "ebitda": "316100000", "netIncome": "138500000"}, {"fiscalDateEnding": "2022-03-31", "reportedCurrency": "USD", "grossProfit": "526100000", "totalRevenue": "1337000000", "costOfRevenue": "810900000", "costofGoodsAndServicesSold": "810900000", "operatingIncome": "157000000", "sellingGeneralAndAdministrative": "600800000", "researchAndDevelopment": "None", "operatingExpenses": "369100000", "investmentIncomeNet": "None", "netInterestIncome": "-19000000", "interestIncome": "19000000", "interestExpense": "19000000", "nonInterestIncome": "None", "otherNonOperatingIncome": "-700000", "depreciation": "None", "depreciationAndAmortization": "108500000", "incomeBeforeTax": "142600000", "incomeTaxExpense": "32400000", "interestAndDebtExpense": "None", "netIncomeFromContinuingOperations": "270400000", "comprehensiveIncomeNetOfTax": "None", "ebit": "161600000", "ebitda": "270100000", "netIncome": "103700000"}, {"fiscalDateEnding": "2021-12-31", "reportedCurrency": "USD", "grossProfit": "509400000", "totalRevenue": "1418800000", "costOfRevenue": "909400000", "costofGoodsAndServicesSold": "909400000", "operatingIncome": "140400000", "sellingGeneralAndAdministrative": "526600000", "researchAndDevelopment": "74000000", "operatingExpenses": "369000000", "investmentIncomeNet": "None", "netInterestIncome": "-19400000", "interestIncome": "19400000", "interestExpense": "19400000", "nonInterestIncome": "None", "otherNonOperatingIncome": "14900000", "depreciation": "None", "depreciationAndAmortization": "110700000", "incomeBeforeTax": "124900000", "incomeTaxExpense": "-47600000", "interestAndDebtExpense": "None", "netIncomeFromContinuingOperations": "329100000", "comprehensiveIncomeNetOfTax": "None", "ebit": "144300000", "ebitda": "255000000", "netIncome": "293000000"}, {"fiscalDateEnding": "2021-09-30", "reportedCurrency": "USD", "grossProfit": "514300000", "totalRevenue": "1325000000", "costOfRevenue": "810700000", "costofGoodsAndServicesSold": "810700000", "operatingIncome": "163900000", "sellingGeneralAndAdministrative": "620800000", "researchAndDevelopment": "None", "operatingExpenses": "350400000", "investmentIncomeNet": "None", "netInterestIncome": "-22500000", "interestIncome": "22500000", "interestExpense": "22500000", "nonInterestIncome": "None", "otherNonOperatingIncome": "-6900000", "depreciation": "None", "depreciationAndAmortization": "102500000", "incomeBeforeTax": "135900000", "incomeTaxExpense": "2700000", "interestAndDebtExpense": "None", "netIncomeFromContinuingOperations": "422000000", "comprehensiveIncomeNetOfTax": "None", "ebit": "181800000", "ebitda": "284300000", "netIncome": "126000000"}, {"fiscalDateEnding": "2021-06-30", "reportedCurrency": "USD", "grossProfit": "512700000", "totalRevenue": "1279100000", "costOfRevenue": "766400000", "costofGoodsAndServicesSold": "766400000", "operatingIncome": "140100000", "sellingGeneralAndAdministrative": "267200000", "researchAndDevelopment": "None", "operatingExpenses": "372600000", "investmentIncomeNet": "None", "netInterestIncome": "-22700000", "interestIncome": "22700000", "interestExpense": "22700000", "nonInterestIncome": "None", "otherNonOperatingIncome": "300000", "depreciation": "None", "depreciationAndAmortization": "88800000", "incomeBeforeTax": "151500000", "incomeTaxExpense": "12500000", "interestAndDebtExpense": "None", "netIncomeFromContinuingOperations": "138300000", "comprehensiveIncomeNetOfTax": "None", "ebit": "174200000", "ebitda": "263000000", "netIncome": "233900000"}, {"fiscalDateEnding": "2021-03-31", "reportedCurrency": "USD", "grossProfit": "515400000", "totalRevenue": "1369800000", "costOfRevenue": "854400000", "costofGoodsAndServicesSold": "854400000", "operatingIncome": "149700000", "sellingGeneralAndAdministrative": "270700000", "researchAndDevelopment": "None", "operatingExpenses": "365700000", "investmentIncomeNet": "None", "netInterestIncome": "-23100000", "interestIncome": "23100000", "interestExpense": "23100000", "nonInterestIncome": "None", "otherNonOperatingIncome": "-7200000", "depreciation": "None", "depreciationAndAmortization": "119000000", "incomeBeforeTax": "129100000", "incomeTaxExpense": "17500000", "interestAndDebtExpense": "None", "netIncomeFromContinuingOperations": "111600000", "comprehensiveIncomeNetOfTax": "None", "ebit": "152200000", "ebitda": "271200000", "netIncome": "-90400000"}, {"fiscalDateEnding": "2020-12-31", "reportedCurrency": "USD", "grossProfit": "526900000", "totalRevenue": "1510700000", "costOfRevenue": "983800000", "costofGoodsAndServicesSold": "983800000", "operatingIncome": "130400000", "sellingGeneralAndAdministrative": "559900000", "researchAndDevelopment": "58000000", "operatingExpenses": "396500000", "investmentIncomeNet": "None", "netInterestIncome": "-24400000", "interestIncome": "24400000", "interestExpense": "24400000", "nonInterestIncome": "None", "otherNonOperatingIncome": "-11400000", "depreciation": "None", "depreciationAndAmortization": "141300000", "incomeBeforeTax": "108900000", "incomeTaxExpense": "-42200000", "interestAndDebtExpense": "None", "netIncomeFromContinuingOperations": "250200000", "comprehensiveIncomeNetOfTax": "None", "ebit": "133300000", "ebitda": "274600000", "netIncome": "151600000"}, {"fiscalDateEnding": "2020-09-30", "reportedCurrency": "USD", "grossProfit": "482000000", "totalRevenue": "1335200000", "costOfRevenue": "853200000", "costofGoodsAndServicesSold": "853200000", "operatingIncome": "74300000", "sellingGeneralAndAdministrative": "567800000", "researchAndDevelopment": "None", "operatingExpenses": "387800000", "investmentIncomeNet": "None", "netInterestIncome": "-28800000", "interestIncome": "28800000", "interestExpense": "28800000", "nonInterestIncome": "None", "otherNonOperatingIncome": "None", "depreciation": "None", "depreciationAndAmortization": "117300000", "incomeBeforeTax": "48100000", "incomeTaxExpense": "18200000", "interestAndDebtExpense": "None", "netIncomeFromContinuingOperations": "410100000", "comprehensiveIncomeNetOfTax": "None", "ebit": "115100000", "ebitda": "232400000", "netIncome": "29500000"}, {"fiscalDateEnding": "2020-06-30", "reportedCurrency": "USD", "grossProfit": "360000000", "totalRevenue": "1264400000", "costOfRevenue": "904400000", "costofGoodsAndServicesSold": "904400000", "operatingIncome": "-52200000", "sellingGeneralAndAdministrative": "300000", "researchAndDevelopment": "None", "operatingExpenses": "363400000", "investmentIncomeNet": "None", "netInterestIncome": "-30800000", "interestIncome": "30800000", "interestExpense": "30800000", "nonInterestIncome": "None", "otherNonOperatingIncome": "3000000", "depreciation": "None", "depreciationAndAmortization": "115600000", "incomeBeforeTax": "-80700000", "incomeTaxExpense": "95800000", "interestAndDebtExpense": "None", "netIncomeFromContinuingOperations": "278300000", "comprehensiveIncomeNetOfTax": "None", "ebit": "-28900000", "ebitda": "86700000", "netIncome": "-177600000"}, {"fiscalDateEnding": "2020-03-31", "reportedCurrency": "USD", "grossProfit": "244500000", "totalRevenue": "799900000", "costOfRevenue": "555400000", "costofGoodsAndServicesSold": "555400000", "operatingIncome": "-66800000", "sellingGeneralAndAdministrative": "400000", "researchAndDevelopment": "None", "operatingExpenses": "311300000", "investmentIncomeNet": "None", "netInterestIncome": "-27100000", "interestIncome": "27100000", "interestExpense": "27100000", "nonInterestIncome": "None", "otherNonOperatingIncome": "12500000", "depreciation": "None", "depreciationAndAmortization": "63200000", "incomeBeforeTax": "-95700000", "incomeTaxExpense": "-58900000", "interestAndDebtExpense": "None", "netIncomeFromContinuingOperations": "52800000", "comprehensiveIncomeNetOfTax": "None", "ebit": "-64800000", "ebitda": "-1600000", "netIncome": "-36800000"}, {"fiscalDateEnding": "2019-12-31", "reportedCurrency": "USD", "grossProfit": "225300000", "totalRevenue": "605800000", "costOfRevenue": "380500000", "costofGoodsAndServicesSold": "380500000", "operatingIncome": "47600000", "sellingGeneralAndAdministrative": "16400000", "researchAndDevelopment": "25000000", "operatingExpenses": "177700000", "investmentIncomeNet": "None", "netInterestIncome": "-20900000", "interestIncome": "20900000", "interestExpense": "20900000", "nonInterestIncome": "None", "otherNonOperatingIncome": "-10400000", "depreciation": "None", "depreciationAndAmortization": "45200000", "incomeBeforeTax": "28300000", "incomeTaxExpense": "2500000", "interestAndDebtExpense": "None", "netIncomeFromContinuingOperations": "277200000", "comprehensiveIncomeNetOfTax": "None", "ebit": "79500000", "ebitda": "124700000", "netIncome": "25700000"}, {"fiscalDateEnding": "2019-09-30", "reportedCurrency": "USD", "grossProfit": "221500000", "totalRevenue": "596700000", "costOfRevenue": "375200000", "costofGoodsAndServicesSold": "375200000", "operatingIncome": "72900000", "sellingGeneralAndAdministrative": "16700000", "researchAndDevelopment": "None", "operatingExpenses": "148600000", "investmentIncomeNet": "None", "netInterestIncome": "-23200000", "interestIncome": "23200000", "interestExpense": "23200000", "nonInterestIncome": "None", "otherNonOperatingIncome": "-7200000", "depreciation": "None", "depreciationAndAmortization": "43000000", "incomeBeforeTax": "50300000", "incomeTaxExpense": "9000000", "interestAndDebtExpense": "None", "netIncomeFromContinuingOperations": "439000000", "comprehensiveIncomeNetOfTax": "None", "ebit": "95800000", "ebitda": "138800000", "netIncome": "41300000"}, {"fiscalDateEnding": "2019-06-30", "reportedCurrency": "USD", "grossProfit": "234400000", "totalRevenue": "629100000", "costOfRevenue": "394700000", "costofGoodsAndServicesSold": "394700000", "operatingIncome": "74600000", "sellingGeneralAndAdministrative": "7100000", "researchAndDevelopment": "None", "operatingExpenses": "159800000", "investmentIncomeNet": "None", "netInterestIncome": "-22400000", "interestIncome": "22400000", "interestExpense": "22400000", "nonInterestIncome": "None", "otherNonOperatingIncome": "3400000", "depreciation": "None", "depreciationAndAmortization": "44400000", "incomeBeforeTax": "53200000", "incomeTaxExpense": "8300000", "interestAndDebtExpense": "None", "netIncomeFromContinuingOperations": "465900000", "comprehensiveIncomeNetOfTax": "None", "ebit": "93100000", "ebitda": "137500000", "netIncome": "44900000"}, {"fiscalDateEnding": "2019-03-31", "reportedCurrency": "USD", "grossProfit": "230500000", "totalRevenue": "620300000", "costOfRevenue": "389800000", "costofGoodsAndServicesSold": "389800000", "operatingIncome": "80200000", "sellingGeneralAndAdministrative": "9300000", "researchAndDevelopment": "None", "operatingExpenses": "149600000", "investmentIncomeNet": "None", "netInterestIncome": "-22400000", "interestIncome": "22400000", "interestExpense": "22400000", "nonInterestIncome": "None", "otherNonOperatingIncome": "-18800000", "depreciation": "None", "depreciationAndAmortization": "45500000", "incomeBeforeTax": "59100000", "incomeTaxExpense": "12000000", "interestAndDebtExpense": "None", "netIncomeFromContinuingOperations": "205800000", "comprehensiveIncomeNetOfTax": "None", "ebit": "81000000", "ebitda": "126500000", "netIncome": "47100000"}, {"fiscalDateEnding": "2018-12-31", "reportedCurrency": "USD", "grossProfit": "268900000", "totalRevenue": "712700000", "costOfRevenue": "443800000", "costofGoodsAndServicesSold": "443800000", "operatingIncome": "134100000", "sellingGeneralAndAdministrative": "104200000", "researchAndDevelopment": "24000000", "operatingExpenses": "134800000", "investmentIncomeNet": "None", "netInterestIncome": "None", "interestIncome": "None", "interestExpense": "23100000", "nonInterestIncome": "None", "otherNonOperatingIncome": "-20400000", "depreciation": "None", "depreciationAndAmortization": "45800000", "incomeBeforeTax": "111400000", "incomeTaxExpense": "16900000", "interestAndDebtExpense": "None", "netIncomeFromContinuingOperations": "255900000", "comprehensiveIncomeNetOfTax": "None", "ebit": "132400000", "ebitda": "178200000", "netIncome": "94500000"}, {"fiscalDateEnding": "2018-09-30", "reportedCurrency": "USD", "grossProfit": "262400000", "totalRevenue": "689300000", "costOfRevenue": "426900000", "costofGoodsAndServicesSold": "426900000", "operatingIncome": "117700000", "sellingGeneralAndAdministrative": "1100000", "researchAndDevelopment": "0", "operatingExpenses": "144700000", "investmentIncomeNet": "None", "netInterestIncome": "None", "interestIncome": "None", "interestExpense": "24400000", "nonInterestIncome": "None", "otherNonOperatingIncome": "-8500000", "depreciation": "None", "depreciationAndAmortization": "44400000", "incomeBeforeTax": "94800000", "incomeTaxExpense": "22600000", "interestAndDebtExpense": "None", "netIncomeFromContinuingOperations": "531100000", "comprehensiveIncomeNetOfTax": "None", "ebit": "124100000", "ebitda": "168500000", "netIncome": "72200000"}, {"fiscalDateEnding": "2018-06-30", "reportedCurrency": "USD", "grossProfit": "249300000", "totalRevenue": "668200000", "costOfRevenue": "418900000", "costofGoodsAndServicesSold": "418900000", "operatingIncome": "101400000", "sellingGeneralAndAdministrative": "800000", "researchAndDevelopment": "0", "operatingExpenses": "147900000", "investmentIncomeNet": "None", "netInterestIncome": "None", "interestIncome": "None", "interestExpense": "26100000", "nonInterestIncome": "None", "otherNonOperatingIncome": "-3500000", "depreciation": "None", "depreciationAndAmortization": "45200000", "incomeBeforeTax": "77500000", "incomeTaxExpense": "17200000", "interestAndDebtExpense": "None", "netIncomeFromContinuingOperations": "458500000", "comprehensiveIncomeNetOfTax": "None", "ebit": "103100000", "ebitda": "148300000", "netIncome": "60300000"}, {"fiscalDateEnding": "2018-03-31", "reportedCurrency": "USD", "grossProfit": "231900000", "totalRevenue": "619600000", "costOfRevenue": "387700000", "costofGoodsAndServicesSold": "387700000", "operatingIncome": "89800000", "sellingGeneralAndAdministrative": "2700000", "researchAndDevelopment": "0", "operatingExpenses": "142100000", "investmentIncomeNet": "None", "netInterestIncome": "None", "interestIncome": "None", "interestExpense": "26000000", "nonInterestIncome": "None", "otherNonOperatingIncome": "-4000000", "depreciation": "None", "depreciationAndAmortization": "45000000", "incomeBeforeTax": "65800000", "incomeTaxExpense": "23400000", "interestAndDebtExpense": "None", "netIncomeFromContinuingOperations": "133500000", "comprehensiveIncomeNetOfTax": "None", "ebit": "91000000", "ebitda": "136000000", "netIncome": "42400000"}, {"fiscalDateEnding": "2017-12-31", "reportedCurrency": "USD", "grossProfit": "253500000", "totalRevenue": "665000000", "costOfRevenue": "411500000", "costofGoodsAndServicesSold": "411500000", "operatingIncome": "77700000", "sellingGeneralAndAdministrative": "156200000", "researchAndDevelopment": "26000000", "operatingExpenses": "174200000", "investmentIncomeNet": "None", "netInterestIncome": "None", "interestIncome": "None", "interestExpense": "25200000", "nonInterestIncome": "None", "otherNonOperatingIncome": "-7800000", "depreciation": "None", "depreciationAndAmortization": "46900000", "incomeBeforeTax": "53700000", "incomeTaxExpense": "-90100000", "interestAndDebtExpense": "None", "netIncomeFromContinuingOperations": "488000000", "comprehensiveIncomeNetOfTax": "None", "ebit": "83000000", "ebitda": "129900000", "netIncome": "143600000"}, {"fiscalDateEnding": "2017-09-30", "reportedCurrency": "USD", "grossProfit": "253900000", "totalRevenue": "649600000", "costOfRevenue": "395700000", "costofGoodsAndServicesSold": "395700000", "operatingIncome": "95900000", "sellingGeneralAndAdministrative": "9800000", "researchAndDevelopment": "0", "operatingExpenses": "158000000", "investmentIncomeNet": "None", "netInterestIncome": "None", "interestIncome": "None", "interestExpense": "30100000", "nonInterestIncome": "None", "otherNonOperatingIncome": "-7600000", "depreciation": "None", "depreciationAndAmortization": "43400000", "incomeBeforeTax": "32400000", "incomeTaxExpense": "4400000", "interestAndDebtExpense": "None", "netIncomeFromContinuingOperations": "368200000", "comprehensiveIncomeNetOfTax": "None", "ebit": "100500000", "ebitda": "143900000", "netIncome": "28000000"}, {"fiscalDateEnding": "2017-06-30", "reportedCurrency": "USD", "grossProfit": "215900000", "totalRevenue": "579100000", "costOfRevenue": "363200000", "costofGoodsAndServicesSold": "363200000", "operatingIncome": "-101600000", "sellingGeneralAndAdministrative": "156200000", "researchAndDevelopment": "0", "operatingExpenses": "317500000", "investmentIncomeNet": "None", "netInterestIncome": "None", "interestIncome": "None", "interestExpense": "39500000", "nonInterestIncome": "None", "otherNonOperatingIncome": "-11500000", "depreciation": "None", "depreciationAndAmortization": "30500000", "incomeBeforeTax": "-190200000", "incomeTaxExpense": "-43900000", "interestAndDebtExpense": "None", "netIncomeFromContinuingOperations": "353900000", "comprehensiveIncomeNetOfTax": "None", "ebit": "-142097000", "ebitda": "-111597000", "netIncome": "-146300000"}, {"fiscalDateEnding": "2017-03-31", "reportedCurrency": "USD", "grossProfit": "174550000", "totalRevenue": "481667000", "costOfRevenue": "307117000", "costofGoodsAndServicesSold": "307117000", "operatingIncome": "36651000", "sellingGeneralAndAdministrative": "659500000", "researchAndDevelopment": "0", "operatingExpenses": "135576000", "investmentIncomeNet": "None", "netInterestIncome": "None", "interestIncome": "None", "interestExpense": "45863000", "nonInterestIncome": "None", "otherNonOperatingIncome": "-4700000", "depreciation": "None", "depreciationAndAmortization": "39663000", "incomeBeforeTax": "-8586000", "incomeTaxExpense": "-1619000", "interestAndDebtExpense": "None", "netIncomeFromContinuingOperations": "127600000", "comprehensiveIncomeNetOfTax": "None", "ebit": "32189000", "ebitda": "71852000", "netIncome": "-7015000"}, {"fiscalDateEnding": "2016-12-31", "reportedCurrency": "USD", "grossProfit": "222231000", "totalRevenue": "577836000", "costOfRevenue": "355605000", "costofGoodsAndServicesSold": "355605000", "operatingIncome": "38544000", "sellingGeneralAndAdministrative": "660600000", "researchAndDevelopment": "22000000", "operatingExpenses": "132904000", "investmentIncomeNet": "None", "netInterestIncome": "None", "interestIncome": "None", "interestExpense": "41638000", "nonInterestIncome": "None", "otherNonOperatingIncome": "-25000000", "depreciation": "None", "depreciationAndAmortization": "45825000", "incomeBeforeTax": "-2850000", "incomeTaxExpense": "1440000", "interestAndDebtExpense": "None", "netIncomeFromContinuingOperations": "204200000", "comprehensiveIncomeNetOfTax": "None", "ebit": "46787999", "ebitda": "92612999", "netIncome": "-10220000"}, {"fiscalDateEnding": "2016-09-30", "reportedCurrency": "USD", "grossProfit": "164200000", "totalRevenue": "462600000", "costOfRevenue": "298400000", "costofGoodsAndServicesSold": "298400000", "operatingIncome": "20200000", "sellingGeneralAndAdministrative": "645900000", "researchAndDevelopment": "0", "operatingExpenses": "144000000", "investmentIncomeNet": "None", "netInterestIncome": "None", "interestIncome": "None", "interestExpense": "43000000", "nonInterestIncome": "None", "otherNonOperatingIncome": "1700000", "depreciation": "None", "depreciationAndAmortization": "42900000", "incomeBeforeTax": "-22100000", "incomeTaxExpense": "-9100000", "interestAndDebtExpense": "None", "netIncomeFromContinuingOperations": "367700000", "comprehensiveIncomeNetOfTax": "None", "ebit": "18599999", "ebitda": "61499999", "netIncome": "-12900000"}, {"fiscalDateEnding": "2016-06-30", "reportedCurrency": "USD", "grossProfit": "171500000", "totalRevenue": "462000000", "costOfRevenue": "290500000", "costofGoodsAndServicesSold": "290500000", "operatingIncome": "26000000", "sellingGeneralAndAdministrative": "670700000", "researchAndDevelopment": "0", "operatingExpenses": "139100000", "investmentIncomeNet": "None", "netInterestIncome": "None", "interestIncome": "None", "interestExpense": "42700000", "nonInterestIncome": "None", "otherNonOperatingIncome": "403000000", "depreciation": "None", "depreciationAndAmortization": "42757000", "incomeBeforeTax": "-15000000", "incomeTaxExpense": "-10900000", "interestAndDebtExpense": "None", "netIncomeFromContinuingOperations": "759200000", "comprehensiveIncomeNetOfTax": "None", "ebit": "32400000", "ebitda": "75157000", "netIncome": "-3900000"}, {"fiscalDateEnding": "2016-03-31", "reportedCurrency": "USD", "grossProfit": "158807000", "totalRevenue": "437050000", "costOfRevenue": "278243000", "costofGoodsAndServicesSold": "278243000", "operatingIncome": "19557000", "sellingGeneralAndAdministrative": "629800000", "researchAndDevelopment": "0", "operatingExpenses": "134954000", "investmentIncomeNet": "None", "netInterestIncome": "None", "interestIncome": "None", "interestExpense": "43041000", "nonInterestIncome": "None", "otherNonOperatingIncome": "10000000", "depreciation": "None", "depreciationAndAmortization": "41243000", "incomeBeforeTax": "-23121000", "incomeTaxExpense": "-13226000", "interestAndDebtExpense": "None", "netIncomeFromContinuingOperations": "128700000", "comprehensiveIncomeNetOfTax": "None", "ebit": "23853000", "ebitda": "65096000", "netIncome": "-9620000"}, {"fiscalDateEnding": "2015-12-31", "reportedCurrency": "USD", "grossProfit": "984800000", "totalRevenue": "3325800000", "costOfRevenue": "2341000000", "costofGoodsAndServicesSold": "2341000000", "operatingIncome": "359300000", "sellingGeneralAndAdministrative": "625500000", "researchAndDevelopment": "205900000", "operatingExpenses": "625500000", "investmentIncomeNet": "None", "netInterestIncome": "None", "interestIncome": "None", "interestExpense": "56300000", "nonInterestIncome": "None", "otherNonOperatingIncome": "5100000", "depreciation": "None", "depreciationAndAmortization": "None", "incomeBeforeTax": "308100000", "incomeTaxExpense": "73300000", "interestAndDebtExpense": "None", "netIncomeFromContinuingOperations": "239400000", "comprehensiveIncomeNetOfTax": "None", "ebit": "364400000", "ebitda": "None", "netIncome": "233500000"}, {"fiscalDateEnding": "2015-09-30", "reportedCurrency": "USD", "grossProfit": "1107500000", "totalRevenue": "3486900000", "costOfRevenue": "2379400000", "costofGoodsAndServicesSold": "2379400000", "operatingIncome": "475400000", "sellingGeneralAndAdministrative": "632100000", "researchAndDevelopment": "0", "operatingExpenses": "619900000", "investmentIncomeNet": "None", "netInterestIncome": "None", "interestIncome": "None", "interestExpense": "55800000", "nonInterestIncome": "None", "otherNonOperatingIncome": "12200000", "depreciation": "None", "depreciationAndAmortization": "89733244", "incomeBeforeTax": "431800000", "incomeTaxExpense": "113800000", "interestAndDebtExpense": "None", "netIncomeFromContinuingOperations": "318000000", "comprehensiveIncomeNetOfTax": "None", "ebit": "475400000", "ebitda": "565133244", "netIncome": "312900000"}, {"fiscalDateEnding": "2015-06-30", "reportedCurrency": "USD", "grossProfit": "1105700000", "totalRevenue": "3600200000", "costOfRevenue": "2494500000", "costofGoodsAndServicesSold": "2494500000", "operatingIncome": "452200000", "sellingGeneralAndAdministrative": "653500000", "researchAndDevelopment": "0", "operatingExpenses": "653500000", "investmentIncomeNet": "None", "netInterestIncome": "None", "interestIncome": "None", "interestExpense": "55800000", "nonInterestIncome": "None", "otherNonOperatingIncome": "22000000", "depreciation": "None", "depreciationAndAmortization": "None", "incomeBeforeTax": "418400000", "incomeTaxExpense": "334200000", "interestAndDebtExpense": "None", "netIncomeFromContinuingOperations": "87000000", "comprehensiveIncomeNetOfTax": "None", "ebit": "474200000", "ebitda": "None", "netIncome": "78900000"}, {"fiscalDateEnding": "2015-03-31", "reportedCurrency": "USD", "grossProfit": "801100000", "totalRevenue": "2887800000", "costOfRevenue": "2086700000", "costofGoodsAndServicesSold": "2086700000", "operatingIncome": "171100000", "sellingGeneralAndAdministrative": "630000000", "researchAndDevelopment": "0", "operatingExpenses": "630000000", "investmentIncomeNet": "None", "netInterestIncome": "None", "interestIncome": "None", "interestExpense": "55100000", "nonInterestIncome": "None", "otherNonOperatingIncome": "-26400000", "depreciation": "None", "depreciationAndAmortization": "None", "incomeBeforeTax": "89600000", "incomeTaxExpense": "31200000", "interestAndDebtExpense": "None", "netIncomeFromContinuingOperations": "62700000", "comprehensiveIncomeNetOfTax": "None", "ebit": "144700000", "ebitda": "None", "netIncome": "51300000"}, {"fiscalDateEnding": "2014-12-31", "reportedCurrency": "USD", "grossProfit": "979500000", "totalRevenue": "3240600000", "costOfRevenue": "2261100000", "costofGoodsAndServicesSold": "2261100000", "operatingIncome": "346400000", "sellingGeneralAndAdministrative": "633100000", "researchAndDevelopment": "212300000", "operatingExpenses": "633100000", "investmentIncomeNet": "None", "netInterestIncome": "None", "interestIncome": "None", "interestExpense": "68000000", "nonInterestIncome": "None", "otherNonOperatingIncome": "9600000", "depreciation": "None", "depreciationAndAmortization": "None", "incomeBeforeTax": "288000000", "incomeTaxExpense": "74500000", "interestAndDebtExpense": "None", "netIncomeFromContinuingOperations": "216600000", "comprehensiveIncomeNetOfTax": "None", "ebit": "356000000", "ebitda": "None", "netIncome": "255400000"}, {"fiscalDateEnding": "2014-09-30", "reportedCurrency": "USD", "grossProfit": "1058000000", "totalRevenue": "3385000000", "costOfRevenue": "2327000000", "costofGoodsAndServicesSold": "2327000000", "operatingIncome": "440000000", "sellingGeneralAndAdministrative": "618000000", "researchAndDevelopment": "0", "operatingExpenses": "608400000", "investmentIncomeNet": "None", "netInterestIncome": "None", "interestIncome": "None", "interestExpense": "52300000", "nonInterestIncome": "None", "otherNonOperatingIncome": "9600000", "depreciation": "None", "depreciationAndAmortization": "-440000000", "incomeBeforeTax": "397300000", "incomeTaxExpense": "94100000", "interestAndDebtExpense": "None", "netIncomeFromContinuingOperations": "303200000", "comprehensiveIncomeNetOfTax": "None", "ebit": "392400000", "ebitda": "-47600000", "netIncome": "298300000"}, {"fiscalDateEnding": "2014-06-30", "reportedCurrency": "USD", "grossProfit": "1103000000", "totalRevenue": "3542900000", "costOfRevenue": "2439900000", "costofGoodsAndServicesSold": "2439900000", "operatingIncome": "463300000", "sellingGeneralAndAdministrative": "639700000", "researchAndDevelopment": "0", "operatingExpenses": "639700000", "investmentIncomeNet": "None", "netInterestIncome": "None", "interestIncome": "None", "interestExpense": "53000000", "nonInterestIncome": "None", "otherNonOperatingIncome": "8600000", "depreciation": "None", "depreciationAndAmortization": "None", "incomeBeforeTax": "418900000", "incomeTaxExpense": "108000000", "interestAndDebtExpense": "None", "netIncomeFromContinuingOperations": "315200000", "comprehensiveIncomeNetOfTax": "None", "ebit": "471900000", "ebitda": "None", "netIncome": "306000000"}, {"fiscalDateEnding": "2014-03-31", "reportedCurrency": "USD", "grossProfit": "768100000", "totalRevenue": "2722900000", "costOfRevenue": "1954800000", "costofGoodsAndServicesSold": "1954800000", "operatingIncome": "155000000", "sellingGeneralAndAdministrative": "613100000", "researchAndDevelopment": "0", "operatingExpenses": "613100000", "investmentIncomeNet": "None", "netInterestIncome": "None", "interestIncome": "None", "interestExpense": "52000000", "nonInterestIncome": "None", "otherNonOperatingIncome": "2200000", "depreciation": "None", "depreciationAndAmortization": "None", "incomeBeforeTax": "105200000", "incomeTaxExpense": "30400000", "interestAndDebtExpense": "None", "netIncomeFromContinuingOperations": "80700000", "comprehensiveIncomeNetOfTax": "None", "ebit": "157200000", "ebitda": "None", "netIncome": "79000000"}, {"fiscalDateEnding": "2013-12-31", "reportedCurrency": "USD", "grossProfit": "256000000", "totalRevenue": "1555900000", "costOfRevenue": "1299900000", "costofGoodsAndServicesSold": "1299900000", "operatingIncome": "51900000", "sellingGeneralAndAdministrative": "315500000", "researchAndDevelopment": "218200000", "operatingExpenses": "204100000", "investmentIncomeNet": "None", "netInterestIncome": "None", "interestIncome": "None", "interestExpense": "505600000", "nonInterestIncome": "None", "otherNonOperatingIncome": "6100000", "depreciation": "None", "depreciationAndAmortization": "None", "incomeBeforeTax": "6000000", "incomeTaxExpense": "5500000", "interestAndDebtExpense": "None", "netIncomeFromContinuingOperations": "36300000", "comprehensiveIncomeNetOfTax": "None", "ebit": "58000000", "ebitda": "None", "netIncome": "47700000"}, {"fiscalDateEnding": "2013-09-30", "reportedCurrency": "USD", "grossProfit": "1244800000", "totalRevenue": "3749500000", "costOfRevenue": "2504700000", "costofGoodsAndServicesSold": "2504700000", "operatingIncome": "388800000", "sellingGeneralAndAdministrative": "756800000", "researchAndDevelopment": "0", "operatingExpenses": "868200000", "investmentIncomeNet": "None", "netInterestIncome": "None", "interestIncome": "None", "interestExpense": "103400000", "nonInterestIncome": "None", "otherNonOperatingIncome": "6000000", "depreciation": "None", "depreciationAndAmortization": "None", "incomeBeforeTax": "282700000", "incomeTaxExpense": "115900000", "interestAndDebtExpense": "None", "netIncomeFromContinuingOperations": "183400000", "comprehensiveIncomeNetOfTax": "None", "ebit": "382600000", "ebitda": "None", "netIncome": "165900000"}, {"fiscalDateEnding": "2013-06-30", "reportedCurrency": "USD", "grossProfit": "1253900000", "totalRevenue": "3932700000", "costOfRevenue": "2678800000", "costofGoodsAndServicesSold": "2678800000", "operatingIncome": "483000000", "sellingGeneralAndAdministrative": "770900000", "researchAndDevelopment": "0", "operatingExpenses": "770900000", "investmentIncomeNet": "None", "netInterestIncome": "None", "interestIncome": "None", "interestExpense": "62400000", "nonInterestIncome": "None", "otherNonOperatingIncome": "-1700000", "depreciation": "None", "depreciationAndAmortization": "None", "incomeBeforeTax": "418900000", "incomeTaxExpense": "98200000", "interestAndDebtExpense": "None", "netIncomeFromContinuingOperations": "319100000", "comprehensiveIncomeNetOfTax": "None", "ebit": "481300000", "ebitda": "None", "netIncome": "317200000"}, {"fiscalDateEnding": "2013-03-31", "reportedCurrency": "USD", "grossProfit": "173946000", "totalRevenue": "513541000", "costOfRevenue": "339595000", "costofGoodsAndServicesSold": "339595000", "operatingIncome": "71461000", "sellingGeneralAndAdministrative": "726800000", "researchAndDevelopment": "0", "operatingExpenses": "109261000", "investmentIncomeNet": "None", "netInterestIncome": "None", "interestIncome": "None", "interestExpense": "61000000", "nonInterestIncome": "None", "otherNonOperatingIncome": "-7000000", "depreciation": "None", "depreciationAndAmortization": "14896000", "incomeBeforeTax": "62008000", "incomeTaxExpense": "16122000", "interestAndDebtExpense": "None", "netIncomeFromContinuingOperations": "101800000", "comprehensiveIncomeNetOfTax": "None", "ebit": "71461000", "ebitda": "86357000", "netIncome": "45683000"}, {"fiscalDateEnding": "2012-12-31", "reportedCurrency": "USD", "grossProfit": "202028000", "totalRevenue": "589671000", "costOfRevenue": "387643000", "costofGoodsAndServicesSold": "387643000", "operatingIncome": "104679000", "sellingGeneralAndAdministrative": "692200000", "researchAndDevelopment": "39500000", "operatingExpenses": "105470999", "investmentIncomeNet": "None", "netInterestIncome": "None", "interestIncome": "None", "interestExpense": "61400000", "nonInterestIncome": "None", "otherNonOperatingIncome": "3700000", "depreciation": "None", "depreciationAndAmortization": "14923000", "incomeBeforeTax": "93391000", "incomeTaxExpense": "23987000", "interestAndDebtExpense": "None", "netIncomeFromContinuingOperations": "240900000", "comprehensiveIncomeNetOfTax": "None", "ebit": "104679000", "ebitda": "119602000", "netIncome": "69064000"}, {"fiscalDateEnding": "2012-09-30", "reportedCurrency": "USD", "grossProfit": "187922000", "totalRevenue": "548484000", "costOfRevenue": "360562000", "costofGoodsAndServicesSold": "360562000", "operatingIncome": "89106000", "sellingGeneralAndAdministrative": "690600000", "researchAndDevelopment": "0", "operatingExpenses": "97618000", "investmentIncomeNet": "None", "netInterestIncome": "None", "interestIncome": "None", "interestExpense": "3739000", "nonInterestIncome": "None", "otherNonOperatingIncome": "17400000", "depreciation": "None", "depreciationAndAmortization": "14358000", "incomeBeforeTax": "86565000", "incomeTaxExpense": "22194000", "interestAndDebtExpense": "None", "netIncomeFromContinuingOperations": "339300000", "comprehensiveIncomeNetOfTax": "None", "ebit": "89106000", "ebitda": "103464000", "netIncome": "64102999"}, {"fiscalDateEnding": "2012-06-30", "reportedCurrency": "USD", "grossProfit": "1177300000", "totalRevenue": "3821300000", "costOfRevenue": "2644000000", "costofGoodsAndServicesSold": "2644000000", "operatingIncome": "477900000", "sellingGeneralAndAdministrative": "703600000", "researchAndDevelopment": "0", "operatingExpenses": "699400000", "investmentIncomeNet": "None", "netInterestIncome": "None", "interestIncome": "None", "interestExpense": "62100000", "nonInterestIncome": "None", "otherNonOperatingIncome": "4100000", "depreciation": "None", "depreciationAndAmortization": "None", "incomeBeforeTax": "419900000", "incomeTaxExpense": "7100000", "interestAndDebtExpense": "None", "netIncomeFromContinuingOperations": "365100000", "comprehensiveIncomeNetOfTax": "None", "ebit": "482000000", "ebitda": "None", "netIncome": "365800000"}, {"fiscalDateEnding": "2012-03-31", "reportedCurrency": "USD", "grossProfit": "901300000", "totalRevenue": "3150700000", "costOfRevenue": "2249400000", "costofGoodsAndServicesSold": "2249400000", "operatingIncome": "212000000", "sellingGeneralAndAdministrative": "689600000", "researchAndDevelopment": "0", "operatingExpenses": "689300000", "investmentIncomeNet": "None", "netInterestIncome": "None", "interestIncome": "None", "interestExpense": "69400000", "nonInterestIncome": "None", "otherNonOperatingIncome": "-200000", "depreciation": "None", "depreciationAndAmortization": "None", "incomeBeforeTax": "142400000", "incomeTaxExpense": "6600000", "interestAndDebtExpense": "None", "netIncomeFromContinuingOperations": "104400000", "comprehensiveIncomeNetOfTax": "None", "ebit": "211800000", "ebitda": "None", "netIncome": "95600000"}, {"fiscalDateEnding": "2011-12-31", "reportedCurrency": "USD", "grossProfit": "1059700000", "totalRevenue": "3823300000", "costOfRevenue": "2763600000", "costofGoodsAndServicesSold": "2763600000", "operatingIncome": "-26800000", "sellingGeneralAndAdministrative": "704400000", "researchAndDevelopment": "257300000", "operatingExpenses": "1086500000", "investmentIncomeNet": "None", "netInterestIncome": "None", "interestIncome": "None", "interestExpense": "70400000", "nonInterestIncome": "None", "otherNonOperatingIncome": "2100000", "depreciation": "None", "depreciationAndAmortization": "None", "incomeBeforeTax": "-95100000", "incomeTaxExpense": "18200000", "interestAndDebtExpense": "None", "netIncomeFromContinuingOperations": "-117700000", "comprehensiveIncomeNetOfTax": "None", "ebit": "-24700000", "ebitda": "None", "netIncome": "242300000"}, {"fiscalDateEnding": "2011-09-30", "reportedCurrency": "USD", "grossProfit": "1156700000", "totalRevenue": "3928500000", "costOfRevenue": "2771800000", "costofGoodsAndServicesSold": "2771800000", "operatingIncome": "179700000", "sellingGeneralAndAdministrative": "712200000", "researchAndDevelopment": "0", "operatingExpenses": "977000000", "investmentIncomeNet": "None", "netInterestIncome": "None", "interestIncome": "None", "interestExpense": "69700000", "nonInterestIncome": "None", "otherNonOperatingIncome": "21300000", "depreciation": "None", "depreciationAndAmortization": "None", "incomeBeforeTax": "131300000", "incomeTaxExpense": "28400000", "interestAndDebtExpense": "None", "netIncomeFromContinuingOperations": "102100000", "comprehensiveIncomeNetOfTax": "None", "ebit": "201000000", "ebitda": "None", "netIncome": "86200000"}, {"fiscalDateEnding": "2011-06-30", "reportedCurrency": "USD", "grossProfit": "1183800000", "totalRevenue": "3892200000", "costOfRevenue": "2708400000", "costofGoodsAndServicesSold": "2708400000", "operatingIncome": "475500000", "sellingGeneralAndAdministrative": "708300000", "researchAndDevelopment": "0", "operatingExpenses": "708300000", "investmentIncomeNet": "None", "netInterestIncome": "None", "interestIncome": "None", "interestExpense": "71600000", "nonInterestIncome": "None", "otherNonOperatingIncome": "4500000", "depreciation": "None", "depreciationAndAmortization": "None", "incomeBeforeTax": "408400000", "incomeTaxExpense": "99800000", "interestAndDebtExpense": "None", "netIncomeFromContinuingOperations": "314500000", "comprehensiveIncomeNetOfTax": "None", "ebit": "480000000", "ebitda": "None", "netIncome": "92300000"}, {"fiscalDateEnding": "2011-03-31", "reportedCurrency": "USD", "grossProfit": "888200000", "totalRevenue": "3138000000", "costOfRevenue": "2249800000", "costofGoodsAndServicesSold": "2249800000", "operatingIncome": "231900000", "sellingGeneralAndAdministrative": "656300000", "researchAndDevelopment": "0", "operatingExpenses": "656300000", "investmentIncomeNet": "None", "netInterestIncome": "None", "interestIncome": "None", "interestExpense": "68300000", "nonInterestIncome": "None", "otherNonOperatingIncome": "5100000", "depreciation": "None", "depreciationAndAmortization": "None", "incomeBeforeTax": "168700000", "incomeTaxExpense": "41500000", "interestAndDebtExpense": "None", "netIncomeFromContinuingOperations": "127200000", "comprehensiveIncomeNetOfTax": "None", "ebit": "237000000", "ebitda": "None", "netIncome": "-77600000"}, {"fiscalDateEnding": "2010-12-31", "reportedCurrency": "USD", "grossProfit": "1014000000", "totalRevenue": "3692000000", "costOfRevenue": "2678000000", "costofGoodsAndServicesSold": "2678000000", "operatingIncome": "322800000", "sellingGeneralAndAdministrative": "691200000", "researchAndDevelopment": "244000000", "operatingExpenses": "691200000", "investmentIncomeNet": "None", "netInterestIncome": "None", "interestIncome": "None", "interestExpense": "70700000", "nonInterestIncome": "None", "otherNonOperatingIncome": "11800000", "depreciation": "None", "depreciationAndAmortization": "None", "incomeBeforeTax": "263900000", "incomeTaxExpense": "37800000", "interestAndDebtExpense": "None", "netIncomeFromContinuingOperations": "226100000", "comprehensiveIncomeNetOfTax": "None", "ebit": "334600000", "ebitda": "None", "netIncome": "212200000"}, {"fiscalDateEnding": "2010-09-30", "reportedCurrency": "USD", "grossProfit": "1078900000", "totalRevenue": "3730300000", "costOfRevenue": "2651400000", "costofGoodsAndServicesSold": "2651400000", "operatingIncome": "408200000", "sellingGeneralAndAdministrative": "670700000", "researchAndDevelopment": "0", "operatingExpenses": "670700000", "investmentIncomeNet": "None", "netInterestIncome": "None", "interestIncome": "None", "interestExpense": "70200000", "nonInterestIncome": "None", "otherNonOperatingIncome": "11200000", "depreciation": "None", "depreciationAndAmortization": "None", "incomeBeforeTax": "349200000", "incomeTaxExpense": "72100000", "interestAndDebtExpense": "None", "netIncomeFromContinuingOperations": "277100000", "comprehensiveIncomeNetOfTax": "None", "ebit": "419400000", "ebitda": "None", "netIncome": "232200000"}, {"fiscalDateEnding": "2010-06-30", "reportedCurrency": "USD", "grossProfit": "1047600000", "totalRevenue": "3703400000", "costOfRevenue": "2655800000", "costofGoodsAndServicesSold": "2655800000", "operatingIncome": "383000000", "sellingGeneralAndAdministrative": "664600000", "researchAndDevelopment": "0", "operatingExpenses": "664600000", "investmentIncomeNet": "None", "netInterestIncome": "None", "interestIncome": "None", "interestExpense": "71100000", "nonInterestIncome": "None", "otherNonOperatingIncome": "11200000", "depreciation": "None", "depreciationAndAmortization": "None", "incomeBeforeTax": "323100000", "incomeTaxExpense": "60900000", "interestAndDebtExpense": "None", "netIncomeFromContinuingOperations": "262200000", "comprehensiveIncomeNetOfTax": "None", "ebit": "394200000", "ebitda": "None", "netIncome": "196400000"}, {"fiscalDateEnding": "2010-03-31", "reportedCurrency": "USD", "grossProfit": "780100000", "totalRevenue": "2953400000", "costOfRevenue": "2173300000", "costofGoodsAndServicesSold": "2173300000", "operatingIncome": "133500000", "sellingGeneralAndAdministrative": "646600000", "researchAndDevelopment": "0", "operatingExpenses": "646600000", "investmentIncomeNet": "None", "netInterestIncome": "None", "interestIncome": "None", "interestExpense": "71200000", "nonInterestIncome": "None", "otherNonOperatingIncome": "8100000", "depreciation": "None", "depreciationAndAmortization": "None", "incomeBeforeTax": "70400000", "incomeTaxExpense": "54000000", "interestAndDebtExpense": "None", "netIncomeFromContinuingOperations": "16400000", "comprehensiveIncomeNetOfTax": "None", "ebit": "141600000", "ebitda": "None", "netIncome": "1400000"}, {"fiscalDateEnding": "2009-12-31", "reportedCurrency": "USD", "grossProfit": "4027000000", "totalRevenue": "3281000000", "costOfRevenue": "2350100000", "costofGoodsAndServicesSold": "2350100000", "operatingIncome": "276800000", "sellingGeneralAndAdministrative": "654100000", "researchAndDevelopment": "255000000", "operatingExpenses": "0", "investmentIncomeNet": "None", "netInterestIncome": "None", "interestIncome": "None", "interestExpense": "76200000", "nonInterestIncome": "None", "otherNonOperatingIncome": "None", "depreciation": "None", "depreciationAndAmortization": "None", "incomeBeforeTax": "153800000", "incomeTaxExpense": "17300000", "interestAndDebtExpense": "None", "netIncomeFromContinuingOperations": "0", "comprehensiveIncomeNetOfTax": "None", "ebit": "0", "ebitda": "None", "netIncome": "139400000"}, {"fiscalDateEnding": "2009-09-30", "reportedCurrency": "USD", "grossProfit": "996100000", "totalRevenue": "3482700000", "costOfRevenue": "2486600000", "costofGoodsAndServicesSold": "2486600000", "operatingIncome": "318300000", "sellingGeneralAndAdministrative": "677800000", "researchAndDevelopment": "0", "operatingExpenses": "677800000", "investmentIncomeNet": "None", "netInterestIncome": "None", "interestIncome": "None", "interestExpense": "76500000", "nonInterestIncome": "None", "otherNonOperatingIncome": "500000", "depreciation": "None", "depreciationAndAmortization": "None", "incomeBeforeTax": "242300000", "incomeTaxExpense": "11400000", "interestAndDebtExpense": "None", "netIncomeFromContinuingOperations": "230900000", "comprehensiveIncomeNetOfTax": "None", "ebit": "318800000", "ebitda": "None", "netIncome": "216600000"}, {"fiscalDateEnding": "2009-06-30", "reportedCurrency": "USD", "grossProfit": "933400000", "totalRevenue": "3473800000", "costOfRevenue": "2540400000", "costofGoodsAndServicesSold": "2540400000", "operatingIncome": "250600000", "sellingGeneralAndAdministrative": "682800000", "researchAndDevelopment": "0", "operatingExpenses": "682800000", "investmentIncomeNet": "None", "netInterestIncome": "None", "interestIncome": "None", "interestExpense": "81900000", "nonInterestIncome": "None", "otherNonOperatingIncome": "3400000", "depreciation": "None", "depreciationAndAmortization": "None", "incomeBeforeTax": "172100000", "incomeTaxExpense": "32800000", "interestAndDebtExpense": "None", "netIncomeFromContinuingOperations": "139300000", "comprehensiveIncomeNetOfTax": "None", "ebit": "254000000", "ebitda": "None", "netIncome": "122100000"}, {"fiscalDateEnding": "2009-03-31", "reportedCurrency": "USD", "grossProfit": "0", "totalRevenue": "2917900000", "costOfRevenue": "2184000000", "costofGoodsAndServicesSold": "2184000000", "operatingIncome": "70300000", "sellingGeneralAndAdministrative": "663600000", "researchAndDevelopment": "0", "operatingExpenses": "0", "investmentIncomeNet": "None", "netInterestIncome": "None", "interestIncome": "None", "interestExpense": "67300000", "nonInterestIncome": "None", "otherNonOperatingIncome": "None", "depreciation": "None", "depreciationAndAmortization": "None", "incomeBeforeTax": "5200000", "incomeTaxExpense": "12400000", "interestAndDebtExpense": "None", "netIncomeFromContinuingOperations": "0", "comprehensiveIncomeNetOfTax": "None", "ebit": "0", "ebitda": "None", "netIncome": "0"}, {"fiscalDateEnding": "2008-12-31", "reportedCurrency": "USD", "grossProfit": "3963500000", "totalRevenue": "3670100000", "costOfRevenue": "2627400000", "costofGoodsAndServicesSold": "2627400000", "operatingIncome": "280800000", "sellingGeneralAndAdministrative": "638600000", "researchAndDevelopment": "131600000", "operatingExpenses": "0", "investmentIncomeNet": "None", "netInterestIncome": "None", "interestIncome": "None", "interestExpense": "89000000", "nonInterestIncome": "None", "otherNonOperatingIncome": "None", "depreciation": "None", "depreciationAndAmortization": "None", "incomeBeforeTax": "-265500000", "incomeTaxExpense": "-26300000", "interestAndDebtExpense": "None", "netIncomeFromContinuingOperations": "0", "comprehensiveIncomeNetOfTax": "None", "ebit": "0", "ebitda": "None", "netIncome": "-227700000"}, {"fiscalDateEnding": "2008-09-30", "reportedCurrency": "USD", "grossProfit": "0", "totalRevenue": "4313200000", "costOfRevenue": "3005200000", "costofGoodsAndServicesSold": "3005200000", "operatingIncome": "469100000", "sellingGeneralAndAdministrative": "636300000", "researchAndDevelopment": "0", "operatingExpenses": "0", "investmentIncomeNet": "None", "netInterestIncome": "None", "interestIncome": "None", "interestExpense": "83700000", "nonInterestIncome": "None", "otherNonOperatingIncome": "None", "depreciation": "None", "depreciationAndAmortization": "None", "incomeBeforeTax": "265500000", "incomeTaxExpense": "26300000", "interestAndDebtExpense": "None", "netIncomeFromContinuingOperations": "0", "comprehensiveIncomeNetOfTax": "None", "ebit": "0", "ebitda": "None", "netIncome": "227700000"}, {"fiscalDateEnding": "2008-06-30", "reportedCurrency": "USD", "grossProfit": "0", "totalRevenue": "3080800000", "costOfRevenue": "2105500000", "costofGoodsAndServicesSold": "2105500000", "operatingIncome": "407300000", "sellingGeneralAndAdministrative": "478900000", "researchAndDevelopment": "0", "operatingExpenses": "0", "investmentIncomeNet": "None", "netInterestIncome": "None", "interestIncome": "None", "interestExpense": "45200000", "nonInterestIncome": "None", "otherNonOperatingIncome": "None", "depreciation": "None", "depreciationAndAmortization": "None", "incomeBeforeTax": "348700000", "incomeTaxExpense": "79700000", "interestAndDebtExpense": "None", "netIncomeFromContinuingOperations": "0", "comprehensiveIncomeNetOfTax": "None", "ebit": "0", "ebitda": "None", "netIncome": "256100000"}, {"fiscalDateEnding": "2008-03-31", "reportedCurrency": "USD", "grossProfit": "0", "totalRevenue": "2163300000", "costOfRevenue": "1500200000", "costofGoodsAndServicesSold": "1500200000", "operatingIncome": "250800000", "sellingGeneralAndAdministrative": "374200000", "researchAndDevelopment": "0", "operatingExpenses": "0", "investmentIncomeNet": "None", "netInterestIncome": "None", "interestIncome": "None", "interestExpense": "27500000", "nonInterestIncome": "None", "otherNonOperatingIncome": "None", "depreciation": "None", "depreciationAndAmortization": "None", "incomeBeforeTax": "262700000", "incomeTaxExpense": "47200000", "interestAndDebtExpense": "None", "netIncomeFromContinuingOperations": "0", "comprehensiveIncomeNetOfTax": "None", "ebit": "0", "ebitda": "None", "netIncome": "181600000"}, {"fiscalDateEnding": "2007-12-31", "reportedCurrency": "USD", "grossProfit": "2653400000", "totalRevenue": "2323300000", "costOfRevenue": "1607900000", "costofGoodsAndServicesSold": "1607900000", "operatingIncome": "313200000", "sellingGeneralAndAdministrative": "362400000", "researchAndDevelopment": "128600000", "operatingExpenses": "0", "investmentIncomeNet": "None", "netInterestIncome": "None", "interestIncome": "None", "interestExpense": "36400000", "nonInterestIncome": "None", "otherNonOperatingIncome": "None", "depreciation": "None", "depreciationAndAmortization": "None", "incomeBeforeTax": "280100000", "incomeTaxExpense": "106500000", "interestAndDebtExpense": "None", "netIncomeFromContinuingOperations": "0", "comprehensiveIncomeNetOfTax": "None", "ebit": "0", "ebitda": "None", "netIncome": "2518500000"}, {"fiscalDateEnding": "2007-09-30", "reportedCurrency": "USD", "grossProfit": "0", "totalRevenue": "2239000000", "costOfRevenue": "1565500000", "costofGoodsAndServicesSold": "1565500000", "operatingIncome": "290600000", "sellingGeneralAndAdministrative": "354500000", "researchAndDevelopment": "0", "operatingExpenses": "0", "investmentIncomeNet": "None", "netInterestIncome": "None", "interestIncome": "None", "interestExpense": "33300000", "nonInterestIncome": "None", "otherNonOperatingIncome": "None", "depreciation": "None", "depreciationAndAmortization": "None", "incomeBeforeTax": "239900000", "incomeTaxExpense": "37800000", "interestAndDebtExpense": "None", "netIncomeFromContinuingOperations": "0", "comprehensiveIncomeNetOfTax": "None", "ebit": "0", "ebitda": "None", "netIncome": "266600000"}, {"fiscalDateEnding": "2007-06-30", "reportedCurrency": "USD", "grossProfit": "0", "totalRevenue": "2224600000", "costOfRevenue": "1555000000", "costofGoodsAndServicesSold": "1555000000", "operatingIncome": "274100000", "sellingGeneralAndAdministrative": "360900000", "researchAndDevelopment": "0", "operatingExpenses": "0", "investmentIncomeNet": "None", "netInterestIncome": "None", "interestIncome": "None", "interestExpense": "30800000", "nonInterestIncome": "None", "otherNonOperatingIncome": "None", "depreciation": "None", "depreciationAndAmortization": "None", "incomeBeforeTax": "255800000", "incomeTaxExpense": "43900000", "interestAndDebtExpense": "None", "netIncomeFromContinuingOperations": "0", "comprehensiveIncomeNetOfTax": "None", "ebit": "0", "ebitda": "None", "netIncome": "964100000"}, {"fiscalDateEnding": "2007-03-31", "reportedCurrency": "USD", "grossProfit": "0", "totalRevenue": "1976200000", "costOfRevenue": "1380000000", "costofGoodsAndServicesSold": "1380000000", "operatingIncome": "208600000", "sellingGeneralAndAdministrative": "351600000", "researchAndDevelopment": "0", "operatingExpenses": "0", "investmentIncomeNet": "None", "netInterestIncome": "None", "interestIncome": "None", "interestExpense": "35700000", "nonInterestIncome": "None", "otherNonOperatingIncome": "None", "depreciation": "None", "depreciationAndAmortization": "None", "incomeBeforeTax": "176000000", "incomeTaxExpense": "16200000", "interestAndDebtExpense": "None", "netIncomeFromContinuingOperations": "0", "comprehensiveIncomeNetOfTax": "None", "ebit": "0", "ebitda": "None", "netIncome": "217500000"}, {"fiscalDateEnding": "2006-12-31", "reportedCurrency": "USD", "grossProfit": "3174500000", "totalRevenue": "2143000000", "costOfRevenue": "1504500000", "costofGoodsAndServicesSold": "1504500000", "operatingIncome": "279100000", "sellingGeneralAndAdministrative": "324600000", "researchAndDevelopment": "126700000", "operatingExpenses": "0", "investmentIncomeNet": "None", "netInterestIncome": "None", "interestIncome": "None", "interestExpense": "36000000", "nonInterestIncome": "None", "otherNonOperatingIncome": "None", "depreciation": "None", "depreciationAndAmortization": "None", "incomeBeforeTax": "238200000", "incomeTaxExpense": "28100000", "interestAndDebtExpense": "None", "netIncomeFromContinuingOperations": "0", "comprehensiveIncomeNetOfTax": "None", "ebit": "0", "ebitda": "None", "netIncome": "221900000"}, {"fiscalDateEnding": "2006-09-30", "reportedCurrency": "USD", "grossProfit": "0", "totalRevenue": "2038000000", "costOfRevenue": "1426800000", "costofGoodsAndServicesSold": "1426800000", "operatingIncome": "269000000", "sellingGeneralAndAdministrative": "303700000", "researchAndDevelopment": "0", "operatingExpenses": "0", "investmentIncomeNet": "None", "netInterestIncome": "None", "interestIncome": "None", "interestExpense": "31600000", "nonInterestIncome": "None", "otherNonOperatingIncome": "None", "depreciation": "None", "depreciationAndAmortization": "None", "incomeBeforeTax": "234900000", "incomeTaxExpense": "34600000", "interestAndDebtExpense": "None", "netIncomeFromContinuingOperations": "0", "comprehensiveIncomeNetOfTax": "None", "ebit": "0", "ebitda": "None", "netIncome": "243900000"}, {"fiscalDateEnding": "2006-06-30", "reportedCurrency": "USD", "grossProfit": "0", "totalRevenue": "2048000000", "costOfRevenue": "2688300000", "costofGoodsAndServicesSold": "2688300000", "operatingIncome": "450400000", "sellingGeneralAndAdministrative": "332400000", "researchAndDevelopment": "0", "operatingExpenses": "0", "investmentIncomeNet": "None", "netInterestIncome": "None", "interestIncome": "None", "interestExpense": "30800000", "nonInterestIncome": "None", "otherNonOperatingIncome": "None", "depreciation": "None", "depreciationAndAmortization": "None", "incomeBeforeTax": "215500000", "incomeTaxExpense": "18400000", "interestAndDebtExpense": "None", "netIncomeFromContinuingOperations": "0", "comprehensiveIncomeNetOfTax": "None", "ebit": "0", "ebitda": "None", "netIncome": "313500000"}, {"fiscalDateEnding": "2006-03-31", "reportedCurrency": "USD", "grossProfit": "0", "totalRevenue": "1804700000", "costOfRevenue": "0", "costofGoodsAndServicesSold": "0", "operatingIncome": "0", "sellingGeneralAndAdministrative": "306100000", "researchAndDevelopment": "0", "operatingExpenses": "0", "investmentIncomeNet": "None", "netInterestIncome": "None", "interestIncome": "None", "interestExpense": "35200000", "nonInterestIncome": "None", "otherNonOperatingIncome": "None", "depreciation": "None", "depreciationAndAmortization": "None", "incomeBeforeTax": "169000000", "incomeTaxExpense": "11500000", "interestAndDebtExpense": "None", "netIncomeFromContinuingOperations": "0", "comprehensiveIncomeNetOfTax": "None", "ebit": "0", "ebitda": "None", "netIncome": "253200000"}, {"fiscalDateEnding": "2005-12-31", "reportedCurrency": "USD", "grossProfit": "2968800000", "totalRevenue": "2713300000", "costOfRevenue": "1942100000", "costofGoodsAndServicesSold": "1942100000", "operatingIncome": "345700000", "sellingGeneralAndAdministrative": "373900000", "researchAndDevelopment": "162400000", "operatingExpenses": "0", "investmentIncomeNet": "None", "netInterestIncome": "None", "interestIncome": "None", "interestExpense": "34500000", "nonInterestIncome": "None", "otherNonOperatingIncome": "None", "depreciation": "None", "depreciationAndAmortization": "None", "incomeBeforeTax": "324500000", "incomeTaxExpense": "51600000", "interestAndDebtExpense": "None", "netIncomeFromContinuingOperations": "0", "comprehensiveIncomeNetOfTax": "None", "ebit": "0", "ebitda": "None", "netIncome": "291500000"}, {"fiscalDateEnding": "2005-09-30", "reportedCurrency": "USD", "grossProfit": "0", "totalRevenue": "2615300000", "costOfRevenue": "1874500000", "costofGoodsAndServicesSold": "1874500000", "operatingIncome": "340100000", "sellingGeneralAndAdministrative": "354600000", "researchAndDevelopment": "0", "operatingExpenses": "0", "investmentIncomeNet": "None", "netInterestIncome": "None", "interestIncome": "None", "interestExpense": "35600000", "nonInterestIncome": "None", "otherNonOperatingIncome": "None", "depreciation": "None", "depreciationAndAmortization": "None", "incomeBeforeTax": "314100000", "incomeTaxExpense": "58000000", "interestAndDebtExpense": "None", "netIncomeFromContinuingOperations": "0", "comprehensiveIncomeNetOfTax": "None", "ebit": "0", "ebitda": "None", "netIncome": "254200000"}, {"fiscalDateEnding": "2005-06-30", "reportedCurrency": "USD", "grossProfit": "0", "totalRevenue": "2759500000", "costOfRevenue": "1973400000", "costofGoodsAndServicesSold": "1973400000", "operatingIncome": "379100000", "sellingGeneralAndAdministrative": "361300000", "researchAndDevelopment": "0", "operatingExpenses": "0", "investmentIncomeNet": "None", "netInterestIncome": "None", "interestIncome": "None", "interestExpense": "37600000", "nonInterestIncome": "None", "otherNonOperatingIncome": "None", "depreciation": "None", "depreciationAndAmortization": "None", "incomeBeforeTax": "351600000", "incomeTaxExpense": "59800000", "interestAndDebtExpense": "None", "netIncomeFromContinuingOperations": "0", "comprehensiveIncomeNetOfTax": "None", "ebit": "0", "ebitda": "None", "netIncome": "285400000"}, {"fiscalDateEnding": "2005-03-31", "reportedCurrency": "USD", "grossProfit": "0", "totalRevenue": "2458800000", "costOfRevenue": "1758400000", "costofGoodsAndServicesSold": "1758400000", "operatingIncome": "296900000", "sellingGeneralAndAdministrative": "351200000", "researchAndDevelopment": "0", "operatingExpenses": "0", "investmentIncomeNet": "None", "netInterestIncome": "None", "interestIncome": "None", "interestExpense": "36600000", "nonInterestIncome": "None", "otherNonOperatingIncome": "None", "depreciation": "None", "depreciationAndAmortization": "None", "incomeBeforeTax": "267600000", "incomeTaxExpense": "35300000", "interestAndDebtExpense": "None", "netIncomeFromContinuingOperations": "0", "comprehensiveIncomeNetOfTax": "None", "ebit": "0", "ebitda": "None", "netIncome": "223100000"}, {"fiscalDateEnding": "2004-12-31", "reportedCurrency": "USD", "grossProfit": "2688100000", "totalRevenue": "2459000000", "costOfRevenue": "1730400000", "costofGoodsAndServicesSold": "1730400000", "operatingIncome": "297900000", "sellingGeneralAndAdministrative": "383400000", "researchAndDevelopment": "149200000", "operatingExpenses": "0", "investmentIncomeNet": "None", "netInterestIncome": "None", "interestIncome": "None", "interestExpense": "37000000", "nonInterestIncome": "None", "otherNonOperatingIncome": "None", "depreciation": "None", "depreciationAndAmortization": "None", "incomeBeforeTax": "261700000", "incomeTaxExpense": "39400000", "interestAndDebtExpense": "None", "netIncomeFromContinuingOperations": "0", "comprehensiveIncomeNetOfTax": "None", "ebit": "0", "ebitda": "None", "netIncome": "515200000"}]}