{"symbol": "IT", "annualReports": [{"fiscalDateEnding": "2024-12-31", "reportedCurrency": "USD", "grossProfit": "6267411000", "totalRevenue": "6267411000", "costOfRevenue": "2023022000", "costofGoodsAndServicesSold": "2023022000", "operatingIncome": "1156287000", "sellingGeneralAndAdministrative": "2884814000", "researchAndDevelopment": "2023022000", "operatingExpenses": "4907836000", "investmentIncomeNet": "None", "netInterestIncome": "-69488000", "interestIncome": "61558000", "interestExpense": "131046000", "nonInterestIncome": "None", "otherNonOperatingIncome": "None", "depreciation": "None", "depreciationAndAmortization": "202315000", "incomeBeforeTax": "1387374000", "incomeTaxExpense": "133659000", "interestAndDebtExpense": "None", "netIncomeFromContinuingOperations": "1253715000", "comprehensiveIncomeNetOfTax": "None", "ebit": "1518420000", "ebitda": "1720735000", "netIncome": "1253715000"}, {"fiscalDateEnding": "2023-12-31", "reportedCurrency": "USD", "grossProfit": "4003716000", "totalRevenue": "5906956000", "costOfRevenue": "1903240000", "costofGoodsAndServicesSold": "1903240000", "operatingIncome": "1236894000", "sellingGeneralAndAdministrative": "2701542000", "researchAndDevelopment": "47800000", "operatingExpenses": "2766822000", "investmentIncomeNet": "None", "netInterestIncome": "-94246000", "interestIncome": "38526000", "interestExpense": "132772000", "nonInterestIncome": "None", "otherNonOperatingIncome": "None", "depreciation": "None", "depreciationAndAmortization": "191103000", "incomeBeforeTax": "1147129000", "incomeTaxExpense": "264663000", "interestAndDebtExpense": "None", "netIncomeFromContinuingOperations": "882466000", "comprehensiveIncomeNetOfTax": "None", "ebit": "1279901000", "ebitda": "1471004000", "netIncome": "882466000"}, {"fiscalDateEnding": "2022-12-31", "reportedCurrency": "USD", "grossProfit": "3782024000", "totalRevenue": "5475829000", "costOfRevenue": "1693805000", "costofGoodsAndServicesSold": "1693805000", "operatingIncome": "1100087000", "sellingGeneralAndAdministrative": "2480944000", "researchAndDevelopment": "1693771000", "operatingExpenses": "2672810000", "investmentIncomeNet": "None", "netInterestIncome": "-121299000", "interestIncome": "69300000", "interestExpense": "121299000", "nonInterestIncome": "None", "otherNonOperatingIncome": "53292000", "depreciation": "None", "depreciationAndAmortization": "262031999", "incomeBeforeTax": "1027172000", "incomeTaxExpense": "219387000", "interestAndDebtExpense": "None", "netIncomeFromContinuingOperations": "807799000", "comprehensiveIncomeNetOfTax": "None", "ebit": "1083312001", "ebitda": "1345344000", "netIncome": "807799000"}, {"fiscalDateEnding": "2021-12-31", "reportedCurrency": "USD", "grossProfit": "3289833000", "totalRevenue": "4733939000", "costOfRevenue": "1444106000", "costofGoodsAndServicesSold": "1444106000", "operatingIncome": "915747000", "sellingGeneralAndAdministrative": "2003348000", "researchAndDevelopment": "1444093000", "operatingExpenses": "2368073000", "investmentIncomeNet": "None", "netInterestIncome": "-116638000", "interestIncome": "116600000", "interestExpense": "116638000", "nonInterestIncome": "None", "otherNonOperatingIncome": "20322000", "depreciation": "None", "depreciationAndAmortization": "287530000", "incomeBeforeTax": "969873000", "incomeTaxExpense": "176272000", "interestAndDebtExpense": "None", "netIncomeFromContinuingOperations": "793560000", "comprehensiveIncomeNetOfTax": "None", "ebit": "1059322000", "ebitda": "1346852000", "netIncome": "793560000"}, {"fiscalDateEnding": "2020-12-31", "reportedCurrency": "USD", "grossProfit": "2754348000", "totalRevenue": "4099444000", "costOfRevenue": "1345096000", "costofGoodsAndServicesSold": "1345096000", "operatingIncome": "490120000", "sellingGeneralAndAdministrative": "2038963000", "researchAndDevelopment": "1345024000", "operatingExpenses": "2257990000", "investmentIncomeNet": "None", "netInterestIncome": "-113582000", "interestIncome": "113300000", "interestExpense": "113582000", "nonInterestIncome": "None", "otherNonOperatingIncome": "-48381000", "depreciation": "None", "depreciationAndAmortization": "300835000", "incomeBeforeTax": "326078000", "incomeTaxExpense": "59340000", "interestAndDebtExpense": "None", "netIncomeFromContinuingOperations": "266745000", "comprehensiveIncomeNetOfTax": "None", "ebit": "464849000", "ebitda": "765684000", "netIncome": "266745000"}, {"fiscalDateEnding": "2019-12-31", "reportedCurrency": "USD", "grossProfit": "2694753000", "totalRevenue": "4245321000", "costOfRevenue": "1550568000", "costofGoodsAndServicesSold": "1550568000", "operatingIncome": "370087000", "sellingGeneralAndAdministrative": "2103424000", "researchAndDevelopment": "1550568000", "operatingExpenses": "2315203000", "investmentIncomeNet": "None", "netInterestIncome": "-99805000", "interestIncome": "3026000", "interestExpense": "102831000", "nonInterestIncome": "None", "otherNonOperatingIncome": "8483000", "depreciation": "None", "depreciationAndAmortization": "298245000", "incomeBeforeTax": "275739000", "incomeTaxExpense": "42449000", "interestAndDebtExpense": "None", "netIncomeFromContinuingOperations": "233290000", "comprehensiveIncomeNetOfTax": "None", "ebit": "379486000", "ebitda": "677731000", "netIncome": "233290000"}, {"fiscalDateEnding": "2018-12-31", "reportedCurrency": "USD", "grossProfit": "2506654000", "totalRevenue": "3975454000", "costOfRevenue": "1468800000", "costofGoodsAndServicesSold": "1468800000", "operatingIncome": "259715000", "sellingGeneralAndAdministrative": "1884141000", "researchAndDevelopment": "1468800000", "operatingExpenses": "2139742000", "investmentIncomeNet": "None", "netInterestIncome": "-124208000", "interestIncome": "2566000", "interestExpense": "126774000", "nonInterestIncome": "None", "otherNonOperatingIncome": "48180000", "depreciation": "None", "depreciationAndAmortization": "255601000", "incomeBeforeTax": "181121000", "incomeTaxExpense": "58665000", "interestAndDebtExpense": "None", "netIncomeFromContinuingOperations": "122456000", "comprehensiveIncomeNetOfTax": "None", "ebit": "308398000", "ebitda": "563999000", "netIncome": "122456000"}, {"fiscalDateEnding": "2017-12-31", "reportedCurrency": "USD", "grossProfit": "1991296000", "totalRevenue": "3311494000", "costOfRevenue": "1320198000", "costofGoodsAndServicesSold": "1320198000", "operatingIncome": "-6329000", "sellingGeneralAndAdministrative": "1599004000", "researchAndDevelopment": "1320198000", "operatingExpenses": "1839175000", "investmentIncomeNet": "None", "netInterestIncome": "-124936000", "interestIncome": "3011000", "interestExpense": "124936000", "nonInterestIncome": "None", "otherNonOperatingIncome": "6459000", "depreciation": "None", "depreciationAndAmortization": "240171000", "incomeBeforeTax": "-127817000", "incomeTaxExpense": "-131096000", "interestAndDebtExpense": "None", "netIncomeFromContinuingOperations": "3279000", "comprehensiveIncomeNetOfTax": "None", "ebit": "-13154000", "ebitda": "227017000", "netIncome": "3279000"}, {"fiscalDateEnding": "2016-12-31", "reportedCurrency": "USD", "grossProfit": "1498892000", "totalRevenue": "2444540000", "costOfRevenue": "945648000", "costofGoodsAndServicesSold": "945648000", "operatingIncome": "305141000", "sellingGeneralAndAdministrative": "1089184000", "researchAndDevelopment": "945648000", "operatingExpenses": "1151153000", "investmentIncomeNet": "None", "netInterestIncome": "-25116000", "interestIncome": "2449000", "interestExpense": "25116000", "nonInterestIncome": "None", "otherNonOperatingIncome": "10855000", "depreciation": "None", "depreciationAndAmortization": "61969000", "incomeBeforeTax": "288431000", "incomeTaxExpense": "94849000", "interestAndDebtExpense": "None", "netIncomeFromContinuingOperations": "193582000", "comprehensiveIncomeNetOfTax": "None", "ebit": "303824000", "ebitda": "365793000", "netIncome": "193582000"}, {"fiscalDateEnding": "2015-12-31", "reportedCurrency": "USD", "grossProfit": "1323980000", "totalRevenue": "2163056000", "costOfRevenue": "839076000", "costofGoodsAndServicesSold": "839076000", "operatingIncome": "287997000", "sellingGeneralAndAdministrative": "962677000", "researchAndDevelopment": "839076000", "operatingExpenses": "1009808000", "investmentIncomeNet": "None", "netInterestIncome": "None", "interestIncome": "20781900", "interestExpense": "20782000", "nonInterestIncome": "None", "otherNonOperatingIncome": "6762000", "depreciation": "None", "depreciationAndAmortization": "47131000", "incomeBeforeTax": "272211000", "incomeTaxExpense": "96576000", "interestAndDebtExpense": "None", "netIncomeFromContinuingOperations": "175635000", "comprehensiveIncomeNetOfTax": "None", "ebit": "281242000", "ebitda": "328373000", "netIncome": "175635000"}, {"fiscalDateEnding": "2014-12-31", "reportedCurrency": "USD", "grossProfit": "1223508000", "totalRevenue": "2021441000", "costOfRevenue": "797933000", "costofGoodsAndServicesSold": "797933000", "operatingIncome": "286162000", "sellingGeneralAndAdministrative": "876067000", "researchAndDevelopment": "797933000", "operatingExpenses": "915479000", "investmentIncomeNet": "None", "netInterestIncome": "None", "interestIncome": "None", "interestExpense": "10887000", "nonInterestIncome": "None", "otherNonOperatingIncome": "821000", "depreciation": "None", "depreciationAndAmortization": "39412000", "incomeBeforeTax": "274683000", "incomeTaxExpense": "90917000", "interestAndDebtExpense": "None", "netIncomeFromContinuingOperations": "183766000", "comprehensiveIncomeNetOfTax": "None", "ebit": "308029000", "ebitda": "347441000", "netIncome": "183766000"}, {"fiscalDateEnding": "2013-12-31", "reportedCurrency": "USD", "grossProfit": "1070729000", "totalRevenue": "1784213000", "costOfRevenue": "713484000", "costofGoodsAndServicesSold": "713484000", "operatingIncome": "275492000", "sellingGeneralAndAdministrative": "760458000", "researchAndDevelopment": "713484000", "operatingExpenses": "794900000", "investmentIncomeNet": "None", "netInterestIncome": "None", "interestIncome": "None", "interestExpense": "8837000", "nonInterestIncome": "None", "otherNonOperatingIncome": "1335000", "depreciation": "None", "depreciationAndAmortization": "34442000", "incomeBeforeTax": "266439000", "incomeTaxExpense": "83638000", "interestAndDebtExpense": "None", "netIncomeFromContinuingOperations": "182801000", "comprehensiveIncomeNetOfTax": "None", "ebit": "272827000", "ebitda": "307269000", "netIncome": "182801000"}, {"fiscalDateEnding": "2012-12-31", "reportedCurrency": "USD", "grossProfit": "956741000", "totalRevenue": "1615808000", "costOfRevenue": "659067000", "costofGoodsAndServicesSold": "659067000", "operatingIncome": "245707000", "sellingGeneralAndAdministrative": "678843000", "researchAndDevelopment": "659067000", "operatingExpenses": "708614000", "investmentIncomeNet": "None", "netInterestIncome": "None", "interestIncome": "None", "interestExpense": "8859000", "nonInterestIncome": "None", "otherNonOperatingIncome": "1046000", "depreciation": "None", "depreciationAndAmortization": "29771000", "incomeBeforeTax": "235596000", "incomeTaxExpense": "69693000", "interestAndDebtExpense": "None", "netIncomeFromContinuingOperations": "165903000", "comprehensiveIncomeNetOfTax": "None", "ebit": "241901000", "ebitda": "271672000", "netIncome": "165903000"}, {"fiscalDateEnding": "2011-12-31", "reportedCurrency": "USD", "grossProfit": "859833000", "totalRevenue": "1468588000", "costOfRevenue": "608755000", "costofGoodsAndServicesSold": "608755000", "operatingIncome": "214062000", "sellingGeneralAndAdministrative": "613707000", "researchAndDevelopment": "608755000", "operatingExpenses": "645771000", "investmentIncomeNet": "None", "netInterestIncome": "None", "interestIncome": "None", "interestExpense": "11216000", "nonInterestIncome": "None", "otherNonOperatingIncome": "-662000", "depreciation": "None", "depreciationAndAmortization": "32064000", "incomeBeforeTax": "202184000", "incomeTaxExpense": "65282000", "interestAndDebtExpense": "None", "netIncomeFromContinuingOperations": "136902000", "comprehensiveIncomeNetOfTax": "None", "ebit": "209300000", "ebitda": "241364000", "netIncome": "136902000"}, {"fiscalDateEnding": "2010-12-31", "reportedCurrency": "USD", "grossProfit": "736216000", "totalRevenue": "1288454000", "costOfRevenue": "552238000", "costofGoodsAndServicesSold": "552238000", "operatingIncome": "149265000", "sellingGeneralAndAdministrative": "543174000", "researchAndDevelopment": "552238000", "operatingExpenses": "579048000", "investmentIncomeNet": "None", "netInterestIncome": "None", "interestIncome": "None", "interestExpense": "16772000", "nonInterestIncome": "None", "otherNonOperatingIncome": "1592000", "depreciation": "None", "depreciationAndAmortization": "35874000", "incomeBeforeTax": "134085000", "incomeTaxExpense": "37800000", "interestAndDebtExpense": "None", "netIncomeFromContinuingOperations": "96285000", "comprehensiveIncomeNetOfTax": "None", "ebit": "140157000", "ebitda": "176031000", "netIncome": "96285000"}, {"fiscalDateEnding": "2009-12-31", "reportedCurrency": "USD", "grossProfit": "641437000", "totalRevenue": "1139800000", "costOfRevenue": "498363000", "costofGoodsAndServicesSold": "498363000", "operatingIncome": "134477000", "sellingGeneralAndAdministrative": "477003000", "researchAndDevelopment": "498363000", "operatingExpenses": "504026000", "investmentIncomeNet": "None", "netInterestIncome": "None", "interestIncome": "None", "interestExpense": "16032000", "nonInterestIncome": "None", "otherNonOperatingIncome": "None", "depreciation": "None", "depreciationAndAmortization": "27023000", "incomeBeforeTax": "115526000", "incomeTaxExpense": "32562000", "interestAndDebtExpense": "None", "netIncomeFromContinuingOperations": "None", "comprehensiveIncomeNetOfTax": "None", "ebit": "132388000", "ebitda": "159411000", "netIncome": "82964000"}, {"fiscalDateEnding": "2008-12-31", "reportedCurrency": "USD", "grossProfit": "724228000", "totalRevenue": "1279065000", "costOfRevenue": "554837000", "costofGoodsAndServicesSold": "554837000", "operatingIncome": "164368000", "sellingGeneralAndAdministrative": "532365000", "researchAndDevelopment": "554837000", "operatingExpenses": "559860000", "investmentIncomeNet": "None", "netInterestIncome": "None", "interestIncome": "None", "interestExpense": "19269000", "nonInterestIncome": "None", "otherNonOperatingIncome": "None", "depreciation": "None", "depreciationAndAmortization": "27495000", "incomeBeforeTax": "144741000", "incomeTaxExpense": "47593000", "interestAndDebtExpense": "None", "netIncomeFromContinuingOperations": "None", "comprehensiveIncomeNetOfTax": "None", "ebit": "167131000", "ebitda": "194626000", "netIncome": "103871000"}, {"fiscalDateEnding": "2007-12-31", "reportedCurrency": "USD", "grossProfit": "643923000", "totalRevenue": "1189198000", "costOfRevenue": "545275000", "costofGoodsAndServicesSold": "545275000", "operatingIncome": "133122000", "sellingGeneralAndAdministrative": "475328000", "researchAndDevelopment": "545275000", "operatingExpenses": "510801000", "investmentIncomeNet": "None", "netInterestIncome": "None", "interestIncome": "None", "interestExpense": "18961000", "nonInterestIncome": "None", "otherNonOperatingIncome": "None", "depreciation": "None", "depreciationAndAmortization": "27752000", "incomeBeforeTax": "114161000", "incomeTaxExpense": "40608000", "interestAndDebtExpense": "None", "netIncomeFromContinuingOperations": "None", "comprehensiveIncomeNetOfTax": "None", "ebit": "137864000", "ebitda": "165616000", "netIncome": "73553000"}, {"fiscalDateEnding": "2006-12-31", "reportedCurrency": "USD", "grossProfit": "554991000", "totalRevenue": "1060321000", "costOfRevenue": "505330000", "costofGoodsAndServicesSold": "505330000", "operatingIncome": "103250000", "sellingGeneralAndAdministrative": "416094000", "researchAndDevelopment": "505330000", "operatingExpenses": "451741000", "investmentIncomeNet": "None", "netInterestIncome": "None", "interestIncome": "None", "interestExpense": "17378000", "nonInterestIncome": "None", "otherNonOperatingIncome": "None", "depreciation": "None", "depreciationAndAmortization": "35824000", "incomeBeforeTax": "85872000", "incomeTaxExpense": "27680000", "interestAndDebtExpense": "None", "netIncomeFromContinuingOperations": "None", "comprehensiveIncomeNetOfTax": "None", "ebit": "67426000", "ebitda": "103250000", "netIncome": "58192000"}, {"fiscalDateEnding": "2005-12-31", "reportedCurrency": "USD", "grossProfit": "502393000", "totalRevenue": "989004000", "costOfRevenue": "486611000", "costofGoodsAndServicesSold": "486611000", "operatingIncome": "25280000", "sellingGeneralAndAdministrative": "397252000", "researchAndDevelopment": "486611000", "operatingExpenses": "477113000", "investmentIncomeNet": "None", "netInterestIncome": "None", "interestIncome": "None", "interestExpense": "19842000", "nonInterestIncome": "None", "otherNonOperatingIncome": "None", "depreciation": "None", "depreciationAndAmortization": "37152000", "incomeBeforeTax": "5438000", "incomeTaxExpense": "7875000", "interestAndDebtExpense": "None", "netIncomeFromContinuingOperations": "None", "comprehensiveIncomeNetOfTax": "None", "ebit": "-11872000", "ebitda": "25280000", "netIncome": "-2437000"}], "quarterlyReports": [{"fiscalDateEnding": "2024-12-31", "reportedCurrency": "USD", "grossProfit": "1140194000", "totalRevenue": "1715119000", "costOfRevenue": "574925000", "costofGoodsAndServicesSold": "574925000", "operatingIncome": "317795000", "sellingGeneralAndAdministrative": "771181000", "researchAndDevelopment": "None", "operatingExpenses": "822399000", "investmentIncomeNet": "None", "netInterestIncome": "-12318000", "interestIncome": "None", "interestExpense": "73876000", "nonInterestIncome": "None", "otherNonOperatingIncome": "None", "depreciation": "None", "depreciationAndAmortization": "51222000", "incomeBeforeTax": "301648000", "incomeTaxExpense": "-96925000", "interestAndDebtExpense": "None", "netIncomeFromContinuingOperations": "398573000", "comprehensiveIncomeNetOfTax": "None", "ebit": "375524000", "ebitda": "426746000", "netIncome": "398573000"}, {"fiscalDateEnding": "2024-09-30", "reportedCurrency": "USD", "grossProfit": "1008964000", "totalRevenue": "1484306000", "costOfRevenue": "475342000", "costofGoodsAndServicesSold": "475342000", "operatingIncome": "245824000", "sellingGeneralAndAdministrative": "711729000", "researchAndDevelopment": "475342000", "operatingExpenses": "763140000", "investmentIncomeNet": "None", "netInterestIncome": "-17961000", "interestIncome": "None", "interestExpense": "17961000", "nonInterestIncome": "None", "otherNonOperatingIncome": "None", "depreciation": "None", "depreciationAndAmortization": "51252000", "incomeBeforeTax": "526872000", "incomeTaxExpense": "111823000", "interestAndDebtExpense": "None", "netIncomeFromContinuingOperations": "415049000", "comprehensiveIncomeNetOfTax": "None", "ebit": "556331000", "ebitda": "607583000", "netIncome": "415049000"}, {"fiscalDateEnding": "2024-06-30", "reportedCurrency": "USD", "grossProfit": "1031212000", "totalRevenue": "1595060000", "costOfRevenue": "563848000", "costofGoodsAndServicesSold": "563848000", "operatingIncome": "307334000", "sellingGeneralAndAdministrative": "712071000", "researchAndDevelopment": "513314000", "operatingExpenses": "723878000", "investmentIncomeNet": "None", "netInterestIncome": "-19990000", "interestIncome": "None", "interestExpense": "19990000", "nonInterestIncome": "None", "otherNonOperatingIncome": "None", "depreciation": "None", "depreciationAndAmortization": "66673000", "incomeBeforeTax": "299297000", "incomeTaxExpense": "69749000", "interestAndDebtExpense": "None", "netIncomeFromContinuingOperations": "229548000", "comprehensiveIncomeNetOfTax": "None", "ebit": "314417000", "ebitda": "381090000", "netIncome": "229548000"}, {"fiscalDateEnding": "2024-03-31", "reportedCurrency": "USD", "grossProfit": "1013485000", "totalRevenue": "1472926000", "costOfRevenue": "459441000", "costofGoodsAndServicesSold": "459441000", "operatingIncome": "274821000", "sellingGeneralAndAdministrative": "689833000", "researchAndDevelopment": "459441000", "operatingExpenses": "739209000", "investmentIncomeNet": "None", "netInterestIncome": "-19219000", "interestIncome": "None", "interestExpense": "19219000", "nonInterestIncome": "None", "otherNonOperatingIncome": "None", "depreciation": "None", "depreciationAndAmortization": "65334999", "incomeBeforeTax": "259557000", "incomeTaxExpense": "49012000", "interestAndDebtExpense": "None", "netIncomeFromContinuingOperations": "210545000", "comprehensiveIncomeNetOfTax": "None", "ebit": "258793001", "ebitda": "324128000", "netIncome": "210545000"}, {"fiscalDateEnding": "2023-12-31", "reportedCurrency": "USD", "grossProfit": "1056276000", "totalRevenue": "1586118000", "costOfRevenue": "529842000", "costofGoodsAndServicesSold": "529842000", "operatingIncome": "303928000", "sellingGeneralAndAdministrative": "703757000", "researchAndDevelopment": "47800000", "operatingExpenses": "754745000", "investmentIncomeNet": "None", "netInterestIncome": "-20477000", "interestIncome": "None", "interestExpense": "59003000", "nonInterestIncome": "None", "otherNonOperatingIncome": "None", "depreciation": "None", "depreciationAndAmortization": "66766000", "incomeBeforeTax": "277254000", "incomeTaxExpense": "68623000", "interestAndDebtExpense": "None", "netIncomeFromContinuingOperations": "208631000", "comprehensiveIncomeNetOfTax": "None", "ebit": "238685000", "ebitda": "305451000", "netIncome": "208631000"}, {"fiscalDateEnding": "2023-09-30", "reportedCurrency": "USD", "grossProfit": "957943000", "totalRevenue": "1408784000", "costOfRevenue": "450841000", "costofGoodsAndServicesSold": "450841000", "operatingIncome": "249180000", "sellingGeneralAndAdministrative": "660227000", "researchAndDevelopment": "450841000", "operatingExpenses": "714149000", "investmentIncomeNet": "None", "netInterestIncome": "-21800000", "interestIncome": "21820000", "interestExpense": "21820000", "nonInterestIncome": "None", "otherNonOperatingIncome": "None", "depreciation": "None", "depreciationAndAmortization": "48536000", "incomeBeforeTax": "224474000", "incomeTaxExpense": "44465000", "interestAndDebtExpense": "None", "netIncomeFromContinuingOperations": "180000000", "comprehensiveIncomeNetOfTax": "None", "ebit": "249180000", "ebitda": "297716000", "netIncome": "180009000"}, {"fiscalDateEnding": "2023-06-30", "reportedCurrency": "USD", "grossProfit": "1015767000", "totalRevenue": "1503185000", "costOfRevenue": "487418000", "costofGoodsAndServicesSold": "487418000", "operatingIncome": "298986000", "sellingGeneralAndAdministrative": "684074000", "researchAndDevelopment": "487418000", "operatingExpenses": "733585000", "investmentIncomeNet": "None", "netInterestIncome": "-24558000", "interestIncome": "24558000", "interestExpense": "24558000", "nonInterestIncome": "None", "otherNonOperatingIncome": "5575000", "depreciation": "None", "depreciationAndAmortization": "64325999", "incomeBeforeTax": "264124000", "incomeTaxExpense": "66081000", "interestAndDebtExpense": "None", "netIncomeFromContinuingOperations": "198043000", "comprehensiveIncomeNetOfTax": "None", "ebit": "281240001", "ebitda": "345566000", "netIncome": "198043000"}, {"fiscalDateEnding": "2023-03-31", "reportedCurrency": "USD", "grossProfit": "973730000", "totalRevenue": "1408869000", "costOfRevenue": "435139000", "costofGoodsAndServicesSold": "435139000", "operatingIncome": "407957000", "sellingGeneralAndAdministrative": "514697000", "researchAndDevelopment": "435139000", "operatingExpenses": "565773000", "investmentIncomeNet": "None", "netInterestIncome": "-27400000", "interestIncome": "27391000", "interestExpense": "27391000", "nonInterestIncome": "None", "otherNonOperatingIncome": "-2366000", "depreciation": "None", "depreciationAndAmortization": "46631000", "incomeBeforeTax": "381277000", "incomeTaxExpense": "85494000", "interestAndDebtExpense": "None", "netIncomeFromContinuingOperations": "295783000", "comprehensiveIncomeNetOfTax": "None", "ebit": "408668000", "ebitda": "455299000", "netIncome": "295783000"}, {"fiscalDateEnding": "2022-12-31", "reportedCurrency": "USD", "grossProfit": "1029300000", "totalRevenue": "1504700000", "costOfRevenue": "475400000", "costofGoodsAndServicesSold": "475400000", "operatingIncome": "332300000", "sellingGeneralAndAdministrative": "645098000", "researchAndDevelopment": "1269236000", "operatingExpenses": "693700000", "investmentIncomeNet": "None", "netInterestIncome": "-29900000", "interestIncome": "28900000", "interestExpense": "29900000", "nonInterestIncome": "None", "otherNonOperatingIncome": "6608000", "depreciation": "None", "depreciationAndAmortization": "66099999", "incomeBeforeTax": "304100000", "incomeTaxExpense": "47300000", "interestAndDebtExpense": "None", "netIncomeFromContinuingOperations": "256814000", "comprehensiveIncomeNetOfTax": "None", "ebit": "321509001", "ebitda": "387609000", "netIncome": "256814000"}, {"fiscalDateEnding": "2022-09-30", "reportedCurrency": "USD", "grossProfit": "915031000", "totalRevenue": "1331868000", "costOfRevenue": "416837000", "costofGoodsAndServicesSold": "416837000", "operatingIncome": "253418000", "sellingGeneralAndAdministrative": "613031000", "researchAndDevelopment": "416837000", "operatingExpenses": "660282000", "investmentIncomeNet": "None", "netInterestIncome": "-30286000", "interestIncome": "19086000", "interestExpense": "30286000", "nonInterestIncome": "None", "otherNonOperatingIncome": "8930000", "depreciation": "None", "depreciationAndAmortization": "64571000", "incomeBeforeTax": "232062000", "incomeTaxExpense": "58517000", "interestAndDebtExpense": "None", "netIncomeFromContinuingOperations": "173545000", "comprehensiveIncomeNetOfTax": "None", "ebit": "255868000", "ebitda": "320439000", "netIncome": "173545000"}, {"fiscalDateEnding": "2022-06-30", "reportedCurrency": "USD", "grossProfit": "952000000", "totalRevenue": "1376500000", "costOfRevenue": "424500000", "costofGoodsAndServicesSold": "424500000", "operatingIncome": "297100000", "sellingGeneralAndAdministrative": "604911000", "researchAndDevelopment": "424535000", "operatingExpenses": "652600000", "investmentIncomeNet": "None", "netInterestIncome": "-29719000", "interestIncome": "19019000", "interestExpense": "29700000", "nonInterestIncome": "None", "otherNonOperatingIncome": "8548000", "depreciation": "None", "depreciationAndAmortization": "65078999", "incomeBeforeTax": "275900000", "incomeTaxExpense": "71000000", "interestAndDebtExpense": "None", "netIncomeFromContinuingOperations": "204925000", "comprehensiveIncomeNetOfTax": "None", "ebit": "293596001", "ebitda": "358675000", "netIncome": "204900000"}, {"fiscalDateEnding": "2022-03-31", "reportedCurrency": "USD", "grossProfit": "885707000", "totalRevenue": "1262740000", "costOfRevenue": "377033000", "costofGoodsAndServicesSold": "377033000", "operatingIncome": "217247000", "sellingGeneralAndAdministrative": "617904000", "researchAndDevelopment": "377033000", "operatingExpenses": "666253000", "investmentIncomeNet": "None", "netInterestIncome": "-31394000", "interestIncome": "1494000", "interestExpense": "31394000", "nonInterestIncome": "None", "otherNonOperatingIncome": "29206000", "depreciation": "None", "depreciationAndAmortization": "66300000", "incomeBeforeTax": "215059000", "incomeTaxExpense": "42544000", "interestAndDebtExpense": "None", "netIncomeFromContinuingOperations": "172515000", "comprehensiveIncomeNetOfTax": "None", "ebit": "239287000", "ebitda": "305587000", "netIncome": "172515000"}, {"fiscalDateEnding": "2021-12-31", "reportedCurrency": "USD", "grossProfit": "906700000", "totalRevenue": "1306300000", "costOfRevenue": "399600000", "costofGoodsAndServicesSold": "399600000", "operatingIncome": "185400000", "sellingGeneralAndAdministrative": "650569000", "researchAndDevelopment": "34600000", "operatingExpenses": "719000000", "investmentIncomeNet": "None", "netInterestIncome": "-31500000", "interestIncome": "31500000", "interestExpense": "31500000", "nonInterestIncome": "None", "otherNonOperatingIncome": "8303000", "depreciation": "None", "depreciationAndAmortization": "70563000", "incomeBeforeTax": "177100000", "incomeTaxExpense": "-32300000", "interestAndDebtExpense": "None", "netIncomeFromContinuingOperations": "209359000", "comprehensiveIncomeNetOfTax": "None", "ebit": "211534000", "ebitda": "282097000", "netIncome": "209400000"}, {"fiscalDateEnding": "2021-09-30", "reportedCurrency": "USD", "grossProfit": "797100000", "totalRevenue": "1156300000", "costOfRevenue": "359200000", "costofGoodsAndServicesSold": "359200000", "operatingIncome": "230200000", "sellingGeneralAndAdministrative": "512573000", "researchAndDevelopment": "359237000", "operatingExpenses": "565100000", "investmentIncomeNet": "None", "netInterestIncome": "-31599000", "interestIncome": "31199000", "interestExpense": "31600000", "nonInterestIncome": "None", "otherNonOperatingIncome": "211000", "depreciation": "None", "depreciationAndAmortization": "71381000", "incomeBeforeTax": "198800000", "incomeTaxExpense": "50000000", "interestAndDebtExpense": "None", "netIncomeFromContinuingOperations": "148865000", "comprehensiveIncomeNetOfTax": "None", "ebit": "223052000", "ebitda": "294433000", "netIncome": "148800000"}, {"fiscalDateEnding": "2021-06-30", "reportedCurrency": "USD", "grossProfit": "816517000", "totalRevenue": "1167319000", "costOfRevenue": "350802000", "costofGoodsAndServicesSold": "350802000", "operatingIncome": "274714000", "sellingGeneralAndAdministrative": "488496000", "researchAndDevelopment": "350802000", "operatingExpenses": "540501000", "investmentIncomeNet": "None", "netInterestIncome": "-27390000", "interestIncome": "31390000", "interestExpense": "27390000", "nonInterestIncome": "None", "otherNonOperatingIncome": "-3682000", "depreciation": "None", "depreciationAndAmortization": "70691000", "incomeBeforeTax": "379187000", "incomeTaxExpense": "107951000", "interestAndDebtExpense": "None", "netIncomeFromContinuingOperations": "271236000", "comprehensiveIncomeNetOfTax": "None", "ebit": "399294000", "ebitda": "469985000", "netIncome": "271236000"}, {"fiscalDateEnding": "2021-03-31", "reportedCurrency": "USD", "grossProfit": "769571000", "totalRevenue": "1104038000", "costOfRevenue": "334467000", "costofGoodsAndServicesSold": "334467000", "operatingIncome": "225412000", "sellingGeneralAndAdministrative": "487255000", "researchAndDevelopment": "334467000", "operatingExpenses": "543519000", "investmentIncomeNet": "None", "netInterestIncome": "-26149000", "interestIncome": "10349000", "interestExpense": "26149000", "nonInterestIncome": "None", "otherNonOperatingIncome": "15490000", "depreciation": "None", "depreciationAndAmortization": "74839000", "incomeBeforeTax": "214753000", "incomeTaxExpense": "50653000", "interestAndDebtExpense": "None", "netIncomeFromContinuingOperations": "164100000", "comprehensiveIncomeNetOfTax": "None", "ebit": "233870000", "ebitda": "308709000", "netIncome": "164100000"}, {"fiscalDateEnding": "2020-12-31", "reportedCurrency": "USD", "grossProfit": "761300000", "totalRevenue": "1112800000", "costOfRevenue": "351500000", "costofGoodsAndServicesSold": "351500000", "operatingIncome": "178100000", "sellingGeneralAndAdministrative": "496639000", "researchAndDevelopment": "28900000", "operatingExpenses": "582400000", "investmentIncomeNet": "None", "netInterestIncome": "-26400000", "interestIncome": "113300000", "interestExpense": "26400000", "nonInterestIncome": "None", "otherNonOperatingIncome": "6478000", "depreciation": "None", "depreciationAndAmortization": "56300000", "incomeBeforeTax": "156100000", "incomeTaxExpense": "36500000", "interestAndDebtExpense": "None", "netIncomeFromContinuingOperations": "119607000", "comprehensiveIncomeNetOfTax": "None", "ebit": "184690000", "ebitda": "240990000", "netIncome": "119600000"}, {"fiscalDateEnding": "2020-09-30", "reportedCurrency": "USD", "grossProfit": "664851000", "totalRevenue": "994618000", "costOfRevenue": "329767000", "costofGoodsAndServicesSold": "329767000", "operatingIncome": "87650000", "sellingGeneralAndAdministrative": "521508000", "researchAndDevelopment": "329767000", "operatingExpenses": "575479000", "investmentIncomeNet": "None", "netInterestIncome": "-30538000", "interestIncome": "30538000", "interestExpense": "30538000", "nonInterestIncome": "None", "otherNonOperatingIncome": "-42945000", "depreciation": "None", "depreciationAndAmortization": "53971000", "incomeBeforeTax": "14167000", "incomeTaxExpense": "-2797000", "interestAndDebtExpense": "None", "netIncomeFromContinuingOperations": "16964000", "comprehensiveIncomeNetOfTax": "None", "ebit": "89372000", "ebitda": "143343000", "netIncome": "16964000"}, {"fiscalDateEnding": "2020-06-30", "reportedCurrency": "USD", "grossProfit": "650584000", "totalRevenue": "973135000", "costOfRevenue": "322551000", "costofGoodsAndServicesSold": "322551000", "operatingIncome": "99651000", "sellingGeneralAndAdministrative": "494840000", "researchAndDevelopment": "322551000", "operatingExpenses": "548776000", "investmentIncomeNet": "None", "netInterestIncome": "-30296000", "interestIncome": "30296000", "interestExpense": "30296000", "nonInterestIncome": "None", "otherNonOperatingIncome": "-10399000", "depreciation": "None", "depreciationAndAmortization": "53936000", "incomeBeforeTax": "58956000", "incomeTaxExpense": "3879000", "interestAndDebtExpense": "None", "netIncomeFromContinuingOperations": "55077000", "comprehensiveIncomeNetOfTax": "None", "ebit": "101808000", "ebitda": "155744000", "netIncome": "55077000"}, {"fiscalDateEnding": "2020-03-31", "reportedCurrency": "USD", "grossProfit": "677613000", "totalRevenue": "1018891000", "costOfRevenue": "341278000", "costofGoodsAndServicesSold": "341278000", "operatingIncome": "124718000", "sellingGeneralAndAdministrative": "496639000", "researchAndDevelopment": "341278000", "operatingExpenses": "551335000", "investmentIncomeNet": "None", "netInterestIncome": "-26349000", "interestIncome": "13750000", "interestExpense": "26349000", "nonInterestIncome": "None", "otherNonOperatingIncome": "-1515000", "depreciation": "None", "depreciationAndAmortization": "54696000", "incomeBeforeTax": "96854000", "incomeTaxExpense": "21757000", "interestAndDebtExpense": "None", "netIncomeFromContinuingOperations": "75097000", "comprehensiveIncomeNetOfTax": "None", "ebit": "126278000", "ebitda": "180974000", "netIncome": "75097000"}, {"fiscalDateEnding": "2019-12-31", "reportedCurrency": "USD", "grossProfit": "752625000", "totalRevenue": "1203493000", "costOfRevenue": "450868000", "costofGoodsAndServicesSold": "450868000", "operatingIncome": "136139000", "sellingGeneralAndAdministrative": "557519000", "researchAndDevelopment": "20000000", "operatingExpenses": "611179000", "investmentIncomeNet": "None", "netInterestIncome": "-26136000", "interestIncome": "23560000", "interestExpense": "26136000", "nonInterestIncome": "None", "otherNonOperatingIncome": "1530000", "depreciation": "None", "depreciationAndAmortization": "53660000", "incomeBeforeTax": "110582000", "incomeTaxExpense": "42881000", "interestAndDebtExpense": "None", "netIncomeFromContinuingOperations": "67701000", "comprehensiveIncomeNetOfTax": "None", "ebit": "139744000", "ebitda": "193404000", "netIncome": "67701000"}, {"fiscalDateEnding": "2019-09-30", "reportedCurrency": "USD", "grossProfit": "635446000", "totalRevenue": "1000502000", "costOfRevenue": "365056000", "costofGoodsAndServicesSold": "365056000", "operatingIncome": "69147000", "sellingGeneralAndAdministrative": "512159000", "researchAndDevelopment": "365056000", "operatingExpenses": "564557000", "investmentIncomeNet": "None", "netInterestIncome": "-24073000", "interestIncome": "28440000", "interestExpense": "24073000", "nonInterestIncome": "None", "otherNonOperatingIncome": "8024000", "depreciation": "None", "depreciationAndAmortization": "73534000", "incomeBeforeTax": "53098000", "incomeTaxExpense": "11710000", "interestAndDebtExpense": "None", "netIncomeFromContinuingOperations": "41388000", "comprehensiveIncomeNetOfTax": "None", "ebit": "78675000", "ebitda": "152209000", "netIncome": "41388000"}, {"fiscalDateEnding": "2019-06-30", "reportedCurrency": "USD", "grossProfit": "682883000", "totalRevenue": "1070882000", "costOfRevenue": "387999000", "costofGoodsAndServicesSold": "387999000", "operatingIncome": "116002000", "sellingGeneralAndAdministrative": "514976000", "researchAndDevelopment": "387999000", "operatingExpenses": "567239000", "investmentIncomeNet": "None", "netInterestIncome": "-24749000", "interestIncome": "27284000", "interestExpense": "24749000", "nonInterestIncome": "None", "otherNonOperatingIncome": "-247000", "depreciation": "None", "depreciationAndAmortization": "73880000", "incomeBeforeTax": "91006000", "incomeTaxExpense": "-12400000", "interestAndDebtExpense": "None", "netIncomeFromContinuingOperations": "103406000", "comprehensiveIncomeNetOfTax": "None", "ebit": "117995000", "ebitda": "191875000", "netIncome": "103406000"}, {"fiscalDateEnding": "2019-03-31", "reportedCurrency": "USD", "grossProfit": "623799000", "totalRevenue": "970444000", "costOfRevenue": "346645000", "costofGoodsAndServicesSold": "346645000", "operatingIncome": "48799000", "sellingGeneralAndAdministrative": "518770000", "researchAndDevelopment": "346645000", "operatingExpenses": "572228000", "investmentIncomeNet": "None", "netInterestIncome": "-24847000", "interestIncome": "23009000", "interestExpense": "24847000", "nonInterestIncome": "None", "otherNonOperatingIncome": "-824000", "depreciation": "None", "depreciationAndAmortization": "74397000", "incomeBeforeTax": "21053000", "incomeTaxExpense": "258000", "interestAndDebtExpense": "None", "netIncomeFromContinuingOperations": "20795000", "comprehensiveIncomeNetOfTax": "None", "ebit": "48171000", "ebitda": "122568000", "netIncome": "20795000"}, {"fiscalDateEnding": "2018-12-31", "reportedCurrency": "USD", "grossProfit": "681036000", "totalRevenue": "1088878000", "costOfRevenue": "407842000", "costofGoodsAndServicesSold": "407842000", "operatingIncome": "129606000", "sellingGeneralAndAdministrative": "488056000", "researchAndDevelopment": "13200000", "operatingExpenses": "540576000", "investmentIncomeNet": "None", "netInterestIncome": "None", "interestIncome": "None", "interestExpense": "24561000", "nonInterestIncome": "None", "otherNonOperatingIncome": "46988000", "depreciation": "None", "depreciationAndAmortization": "52520000", "incomeBeforeTax": "110966000", "incomeTaxExpense": "26946000", "interestAndDebtExpense": "None", "netIncomeFromContinuingOperations": "84020000", "comprehensiveIncomeNetOfTax": "None", "ebit": "135959000", "ebitda": "188479000", "netIncome": "84020000"}, {"fiscalDateEnding": "2018-09-30", "reportedCurrency": "USD", "grossProfit": "585562000", "totalRevenue": "921674000", "costOfRevenue": "336112000", "costofGoodsAndServicesSold": "336112000", "operatingIncome": "52724000", "sellingGeneralAndAdministrative": "447537000", "researchAndDevelopment": "336112000", "operatingExpenses": "515724000", "investmentIncomeNet": "None", "netInterestIncome": "None", "interestIncome": "None", "interestExpense": "26984000", "nonInterestIncome": "None", "otherNonOperatingIncome": "-827000", "depreciation": "None", "depreciationAndAmortization": "68187000", "incomeBeforeTax": "37953000", "incomeTaxExpense": "26200000", "interestAndDebtExpense": "None", "netIncomeFromContinuingOperations": "11753000", "comprehensiveIncomeNetOfTax": "None", "ebit": "69838000", "ebitda": "138025000", "netIncome": "11753000"}, {"fiscalDateEnding": "2018-06-30", "reportedCurrency": "USD", "grossProfit": "633699000", "totalRevenue": "1001336000", "costOfRevenue": "367637000", "costofGoodsAndServicesSold": "367637000", "operatingIncome": "86096000", "sellingGeneralAndAdministrative": "460803000", "researchAndDevelopment": "367637000", "operatingExpenses": "527641000", "investmentIncomeNet": "None", "netInterestIncome": "None", "interestIncome": "None", "interestExpense": "37604000", "nonInterestIncome": "None", "otherNonOperatingIncome": "1120000", "depreciation": "None", "depreciationAndAmortization": "66838000", "incomeBeforeTax": "75072000", "incomeTaxExpense": "28802000", "interestAndDebtExpense": "None", "netIncomeFromContinuingOperations": "46270000", "comprehensiveIncomeNetOfTax": "None", "ebit": "106058000", "ebitda": "172896000", "netIncome": "46270000"}, {"fiscalDateEnding": "2018-03-31", "reportedCurrency": "USD", "grossProfit": "606356000", "totalRevenue": "963565000", "costOfRevenue": "357209000", "costofGoodsAndServicesSold": "357209000", "operatingIncome": "-8711000", "sellingGeneralAndAdministrative": "487745000", "researchAndDevelopment": "357209000", "operatingExpenses": "555801000", "investmentIncomeNet": "None", "netInterestIncome": "None", "interestIncome": "None", "interestExpense": "35059000", "nonInterestIncome": "None", "otherNonOperatingIncome": "899000", "depreciation": "None", "depreciationAndAmortization": "68056000", "incomeBeforeTax": "-42871000", "incomeTaxExpense": "-23284000", "interestAndDebtExpense": "None", "netIncomeFromContinuingOperations": "-19587000", "comprehensiveIncomeNetOfTax": "None", "ebit": "-8757000", "ebitda": "59299000", "netIncome": "-19587000"}, {"fiscalDateEnding": "2017-12-31", "reportedCurrency": "USD", "grossProfit": "616131000", "totalRevenue": "1014509000", "costOfRevenue": "398378000", "costofGoodsAndServicesSold": "398378000", "operatingIncome": "62894000", "sellingGeneralAndAdministrative": "465371000", "researchAndDevelopment": "9900000", "operatingExpenses": "536891000", "investmentIncomeNet": "None", "netInterestIncome": "None", "interestIncome": "None", "interestExpense": "36312000", "nonInterestIncome": "None", "otherNonOperatingIncome": "4806000", "depreciation": "None", "depreciationAndAmortization": "71520000", "incomeBeforeTax": "28377000", "incomeTaxExpense": "-78930000", "interestAndDebtExpense": "None", "netIncomeFromContinuingOperations": "107277000", "comprehensiveIncomeNetOfTax": "None", "ebit": "60781000", "ebitda": "132301000", "netIncome": "107307000"}, {"fiscalDateEnding": "2017-09-30", "reportedCurrency": "USD", "grossProfit": "495878000", "totalRevenue": "828085000", "costOfRevenue": "332207000", "costofGoodsAndServicesSold": "332207000", "operatingIncome": "-24349000", "sellingGeneralAndAdministrative": "421163000", "researchAndDevelopment": "332207000", "operatingExpenses": "489727000", "investmentIncomeNet": "None", "netInterestIncome": "None", "interestIncome": "None", "interestExpense": "38762000", "nonInterestIncome": "None", "otherNonOperatingIncome": "1171000", "depreciation": "None", "depreciationAndAmortization": "68564000", "incomeBeforeTax": "-61940000", "incomeTaxExpense": "-13760000", "interestAndDebtExpense": "None", "netIncomeFromContinuingOperations": "-48180000", "comprehensiveIncomeNetOfTax": "None", "ebit": "-26625000", "ebitda": "41939000", "netIncome": "-48180000"}, {"fiscalDateEnding": "2017-06-30", "reportedCurrency": "USD", "grossProfit": "491727000", "totalRevenue": "843731000", "costOfRevenue": "352004000", "costofGoodsAndServicesSold": "352004000", "operatingIncome": "-98388000", "sellingGeneralAndAdministrative": "408226000", "researchAndDevelopment": "352004000", "operatingExpenses": "491783000", "investmentIncomeNet": "None", "netInterestIncome": "None", "interestIncome": "None", "interestExpense": "43956000", "nonInterestIncome": "None", "otherNonOperatingIncome": "-407000", "depreciation": "None", "depreciationAndAmortization": "83557000", "incomeBeforeTax": "-142751000", "incomeTaxExpense": "-50470000", "interestAndDebtExpense": "None", "netIncomeFromContinuingOperations": "-92251000", "comprehensiveIncomeNetOfTax": "None", "ebit": "-102524000", "ebitda": "-18967000", "netIncome": "-92281000"}, {"fiscalDateEnding": "2017-03-31", "reportedCurrency": "USD", "grossProfit": "387560000", "totalRevenue": "625169000", "costOfRevenue": "237609000", "costofGoodsAndServicesSold": "237609000", "operatingIncome": "53514000", "sellingGeneralAndAdministrative": "304244000", "researchAndDevelopment": "237609000", "operatingExpenses": "320774000", "investmentIncomeNet": "None", "netInterestIncome": "None", "interestIncome": "None", "interestExpense": "5906000", "nonInterestIncome": "None", "otherNonOperatingIncome": "889000", "depreciation": "None", "depreciationAndAmortization": "16530000", "incomeBeforeTax": "48497000", "incomeTaxExpense": "12064000", "interestAndDebtExpense": "None", "netIncomeFromContinuingOperations": "36433000", "comprehensiveIncomeNetOfTax": "None", "ebit": "66786000", "ebitda": "83316000", "netIncome": "36433000"}, {"fiscalDateEnding": "2016-12-31", "reportedCurrency": "USD", "grossProfit": "424154000", "totalRevenue": "703217000", "costOfRevenue": "279063000", "costofGoodsAndServicesSold": "279063000", "operatingIncome": "108687000", "sellingGeneralAndAdministrative": "289862000", "researchAndDevelopment": "8800000", "operatingExpenses": "305827000", "investmentIncomeNet": "None", "netInterestIncome": "None", "interestIncome": "None", "interestExpense": "5822000", "nonInterestIncome": "None", "otherNonOperatingIncome": "5769000", "depreciation": "None", "depreciationAndAmortization": "15965000", "incomeBeforeTax": "106185000", "incomeTaxExpense": "39700000", "interestAndDebtExpense": "None", "netIncomeFromContinuingOperations": "75020000", "comprehensiveIncomeNetOfTax": "None", "ebit": "112007000", "ebitda": "127972000", "netIncome": "66485000"}, {"fiscalDateEnding": "2016-09-30", "reportedCurrency": "USD", "grossProfit": "350937000", "totalRevenue": "574059000", "costOfRevenue": "223122000", "costofGoodsAndServicesSold": "223122000", "operatingIncome": "48726000", "sellingGeneralAndAdministrative": "269902000", "researchAndDevelopment": "223122000", "operatingExpenses": "285654000", "investmentIncomeNet": "None", "netInterestIncome": "None", "interestIncome": "None", "interestExpense": "5932000", "nonInterestIncome": "None", "otherNonOperatingIncome": "1954000", "depreciation": "None", "depreciationAndAmortization": "15752000", "incomeBeforeTax": "44748000", "incomeTaxExpense": "14264000", "interestAndDebtExpense": "None", "netIncomeFromContinuingOperations": "30484000", "comprehensiveIncomeNetOfTax": "None", "ebit": "65283000", "ebitda": "81035000", "netIncome": "30484000"}, {"fiscalDateEnding": "2016-06-30", "reportedCurrency": "USD", "grossProfit": "378576000", "totalRevenue": "609998000", "costOfRevenue": "231422000", "costofGoodsAndServicesSold": "231422000", "operatingIncome": "83299000", "sellingGeneralAndAdministrative": "272009000", "researchAndDevelopment": "231422000", "operatingExpenses": "287244000", "investmentIncomeNet": "None", "netInterestIncome": "None", "interestIncome": "None", "interestExpense": "7356000", "nonInterestIncome": "None", "otherNonOperatingIncome": "1248000", "depreciation": "None", "depreciationAndAmortization": "15235000", "incomeBeforeTax": "77191000", "incomeTaxExpense": "29280000", "interestAndDebtExpense": "None", "netIncomeFromContinuingOperations": "47911000", "comprehensiveIncomeNetOfTax": "None", "ebit": "91332000", "ebitda": "106567000", "netIncome": "47911000"}, {"fiscalDateEnding": "2016-03-31", "reportedCurrency": "USD", "grossProfit": "345225000", "totalRevenue": "557266000", "costOfRevenue": "212041000", "costofGoodsAndServicesSold": "212041000", "operatingIncome": "64429000", "sellingGeneralAndAdministrative": "257411000", "researchAndDevelopment": "212041000", "operatingExpenses": "272428000", "investmentIncomeNet": "None", "netInterestIncome": "None", "interestIncome": "None", "interestExpense": "6006000", "nonInterestIncome": "None", "otherNonOperatingIncome": "1884000", "depreciation": "None", "depreciationAndAmortization": "15017000", "incomeBeforeTax": "60307000", "incomeTaxExpense": "20140000", "interestAndDebtExpense": "None", "netIncomeFromContinuingOperations": "40167000", "comprehensiveIncomeNetOfTax": "None", "ebit": "72797000", "ebitda": "87814000", "netIncome": "40167000"}, {"fiscalDateEnding": "2015-12-31", "reportedCurrency": "USD", "grossProfit": "386551000", "totalRevenue": "643768000", "costOfRevenue": "257217000", "costofGoodsAndServicesSold": "257217000", "operatingIncome": "101621000", "sellingGeneralAndAdministrative": "258809000", "researchAndDevelopment": "8199999", "operatingExpenses": "274018000", "investmentIncomeNet": "None", "netInterestIncome": "None", "interestIncome": "None", "interestExpense": "6013000", "nonInterestIncome": "None", "otherNonOperatingIncome": "2825000", "depreciation": "None", "depreciationAndAmortization": "15209000", "incomeBeforeTax": "96667000", "incomeTaxExpense": "30904000", "interestAndDebtExpense": "None", "netIncomeFromContinuingOperations": "65763000", "comprehensiveIncomeNetOfTax": "None", "ebit": "104446000", "ebitda": "119655000", "netIncome": "65763000"}, {"fiscalDateEnding": "2015-09-30", "reportedCurrency": "USD", "grossProfit": "306564000", "totalRevenue": "500166000", "costOfRevenue": "193602000", "costofGoodsAndServicesSold": "193602000", "operatingIncome": "52474000", "sellingGeneralAndAdministrative": "236355000", "researchAndDevelopment": "0", "operatingExpenses": "247602000", "investmentIncomeNet": "None", "netInterestIncome": "None", "interestIncome": "None", "interestExpense": "6049000", "nonInterestIncome": "None", "otherNonOperatingIncome": "5367000", "depreciation": "None", "depreciationAndAmortization": "12188000", "incomeBeforeTax": "51792000", "incomeTaxExpense": "21426000", "interestAndDebtExpense": "None", "netIncomeFromContinuingOperations": "30366000", "comprehensiveIncomeNetOfTax": "None", "ebit": "58962000", "ebitda": "71150000", "netIncome": "30366000"}, {"fiscalDateEnding": "2015-06-30", "reportedCurrency": "USD", "grossProfit": "337441000", "totalRevenue": "547936000", "costOfRevenue": "210495000", "costofGoodsAndServicesSold": "210495000", "operatingIncome": "85220000", "sellingGeneralAndAdministrative": "229522000", "researchAndDevelopment": "0", "operatingExpenses": "248538000", "investmentIncomeNet": "None", "netInterestIncome": "None", "interestIncome": "None", "interestExpense": "5240000", "nonInterestIncome": "None", "otherNonOperatingIncome": "None", "depreciation": "None", "depreciationAndAmortization": "9606000", "incomeBeforeTax": "79512000", "incomeTaxExpense": "28357000", "interestAndDebtExpense": "None", "netIncomeFromContinuingOperations": "0", "comprehensiveIncomeNetOfTax": "None", "ebit": "85693000", "ebitda": "95299000", "netIncome": "51155000"}, {"fiscalDateEnding": "2015-03-31", "reportedCurrency": "USD", "grossProfit": "293424000", "totalRevenue": "471186000", "costOfRevenue": "177762000", "costofGoodsAndServicesSold": "177762000", "operatingIncome": "48682000", "sellingGeneralAndAdministrative": "229522000", "researchAndDevelopment": "None", "operatingExpenses": "239650000", "investmentIncomeNet": "None", "netInterestIncome": "None", "interestIncome": "None", "interestExpense": "3480000", "nonInterestIncome": "None", "otherNonOperatingIncome": "-962000", "depreciation": "None", "depreciationAndAmortization": "10128000", "incomeBeforeTax": "44240000", "incomeTaxExpense": "15889000", "interestAndDebtExpense": "None", "netIncomeFromContinuingOperations": "28351000", "comprehensiveIncomeNetOfTax": "None", "ebit": "53774000", "ebitda": "63902000", "netIncome": "28351000"}, {"fiscalDateEnding": "2014-12-31", "reportedCurrency": "USD", "grossProfit": "348104000", "totalRevenue": "583979000", "costOfRevenue": "235875000", "costofGoodsAndServicesSold": "235875000", "operatingIncome": "95840000", "sellingGeneralAndAdministrative": "235888000", "researchAndDevelopment": "8199999", "operatingExpenses": "246412000", "investmentIncomeNet": "None", "netInterestIncome": "None", "interestIncome": "None", "interestExpense": "3301000", "nonInterestIncome": "None", "otherNonOperatingIncome": "1162000", "depreciation": "None", "depreciationAndAmortization": "10524000", "incomeBeforeTax": "92288000", "incomeTaxExpense": "33144000", "interestAndDebtExpense": "None", "netIncomeFromContinuingOperations": "6712000", "comprehensiveIncomeNetOfTax": "None", "ebit": "97002000", "ebitda": "107526000", "netIncome": "59144000"}, {"fiscalDateEnding": "2014-09-30", "reportedCurrency": "USD", "grossProfit": "282881000", "totalRevenue": "470940000", "costOfRevenue": "188059000", "costofGoodsAndServicesSold": "188059000", "operatingIncome": "49391000", "sellingGeneralAndAdministrative": "217025000", "researchAndDevelopment": "0", "operatingExpenses": "227475000", "investmentIncomeNet": "None", "netInterestIncome": "None", "interestIncome": "None", "interestExpense": "2656000", "nonInterestIncome": "None", "otherNonOperatingIncome": "-287000", "depreciation": "None", "depreciationAndAmortization": "10450000", "incomeBeforeTax": "46448000", "incomeTaxExpense": "12602000", "interestAndDebtExpense": "None", "netIncomeFromContinuingOperations": "33846000", "comprehensiveIncomeNetOfTax": "None", "ebit": "49104000", "ebitda": "59554000", "netIncome": "33846000"}, {"fiscalDateEnding": "2014-06-30", "reportedCurrency": "USD", "grossProfit": "316642000", "totalRevenue": "519820000", "costOfRevenue": "203178000", "costofGoodsAndServicesSold": "203178000", "operatingIncome": "81761000", "sellingGeneralAndAdministrative": "218537000", "researchAndDevelopment": "203178000", "operatingExpenses": "228237000", "investmentIncomeNet": "None", "netInterestIncome": "None", "interestIncome": "None", "interestExpense": "2680000", "nonInterestIncome": "None", "otherNonOperatingIncome": "175000", "depreciation": "None", "depreciationAndAmortization": "9700000", "incomeBeforeTax": "79256000", "incomeTaxExpense": "26216000", "interestAndDebtExpense": "None", "netIncomeFromContinuingOperations": "105472000", "comprehensiveIncomeNetOfTax": "None", "ebit": "88405000", "ebitda": "98105000", "netIncome": "53040000"}, {"fiscalDateEnding": "2014-03-31", "reportedCurrency": "USD", "grossProfit": "275881000", "totalRevenue": "446702000", "costOfRevenue": "170821000", "costofGoodsAndServicesSold": "170821000", "operatingIncome": "59170000", "sellingGeneralAndAdministrative": "204617000", "researchAndDevelopment": "170821000", "operatingExpenses": "213355000", "investmentIncomeNet": "None", "netInterestIncome": "None", "interestIncome": "None", "interestExpense": "2250000", "nonInterestIncome": "None", "otherNonOperatingIncome": "-229000", "depreciation": "None", "depreciationAndAmortization": "8738000", "incomeBeforeTax": "56691000", "incomeTaxExpense": "18955000", "interestAndDebtExpense": "None", "netIncomeFromContinuingOperations": "37736000", "comprehensiveIncomeNetOfTax": "None", "ebit": "62526000", "ebitda": "71264000", "netIncome": "37736000"}, {"fiscalDateEnding": "2013-12-31", "reportedCurrency": "USD", "grossProfit": "310599000", "totalRevenue": "520707000", "costOfRevenue": "210108000", "costofGoodsAndServicesSold": "210108000", "operatingIncome": "88757000", "sellingGeneralAndAdministrative": "212805000", "researchAndDevelopment": "8199999", "operatingExpenses": "221783000", "investmentIncomeNet": "None", "netInterestIncome": "None", "interestIncome": "None", "interestExpense": "2133000", "nonInterestIncome": "None", "otherNonOperatingIncome": "1399000", "depreciation": "None", "depreciationAndAmortization": "8978000", "incomeBeforeTax": "86472000", "incomeTaxExpense": "25054000", "interestAndDebtExpense": "None", "netIncomeFromContinuingOperations": "61418000", "comprehensiveIncomeNetOfTax": "None", "ebit": "90156000", "ebitda": "99134000", "netIncome": "61418000"}, {"fiscalDateEnding": "2013-09-30", "reportedCurrency": "USD", "grossProfit": "248970000", "totalRevenue": "410705000", "costOfRevenue": "161735000", "costofGoodsAndServicesSold": "161735000", "operatingIncome": "58743000", "sellingGeneralAndAdministrative": "181546000", "researchAndDevelopment": "161735000", "operatingExpenses": "190155000", "investmentIncomeNet": "None", "netInterestIncome": "None", "interestIncome": "None", "interestExpense": "2124000", "nonInterestIncome": "None", "otherNonOperatingIncome": "5000", "depreciation": "None", "depreciationAndAmortization": "8609000", "incomeBeforeTax": "56624000", "incomeTaxExpense": "18430000", "interestAndDebtExpense": "None", "netIncomeFromContinuingOperations": "38194000", "comprehensiveIncomeNetOfTax": "None", "ebit": "58815000", "ebitda": "67424000", "netIncome": "38194000"}, {"fiscalDateEnding": "2013-06-30", "reportedCurrency": "USD", "grossProfit": "268143000", "totalRevenue": "446047000", "costOfRevenue": "177904000", "costofGoodsAndServicesSold": "177904000", "operatingIncome": "73987000", "sellingGeneralAndAdministrative": "185629000", "researchAndDevelopment": "177904000", "operatingExpenses": "194050000", "investmentIncomeNet": "None", "netInterestIncome": "None", "interestIncome": "None", "interestExpense": "2144000", "nonInterestIncome": "None", "otherNonOperatingIncome": "-280000", "depreciation": "None", "depreciationAndAmortization": "8421000", "incomeBeforeTax": "71563000", "incomeTaxExpense": "25049000", "interestAndDebtExpense": "None", "netIncomeFromContinuingOperations": "46514000", "comprehensiveIncomeNetOfTax": "None", "ebit": "73707000", "ebitda": "82128000", "netIncome": "46514000"}, {"fiscalDateEnding": "2013-03-31", "reportedCurrency": "USD", "grossProfit": "243017000", "totalRevenue": "406754000", "costOfRevenue": "163737000", "costofGoodsAndServicesSold": "163737000", "operatingIncome": "54005000", "sellingGeneralAndAdministrative": "180478000", "researchAndDevelopment": "163737000", "operatingExpenses": "188912000", "investmentIncomeNet": "None", "netInterestIncome": "None", "interestIncome": "None", "interestExpense": "2436000", "nonInterestIncome": "None", "otherNonOperatingIncome": "211000", "depreciation": "None", "depreciationAndAmortization": "8434000", "incomeBeforeTax": "51780000", "incomeTaxExpense": "15105000", "interestAndDebtExpense": "None", "netIncomeFromContinuingOperations": "36675000", "comprehensiveIncomeNetOfTax": "None", "ebit": "54216000", "ebitda": "62650000", "netIncome": "36675000"}, {"fiscalDateEnding": "2012-12-31", "reportedCurrency": "USD", "grossProfit": "274535000", "totalRevenue": "474749000", "costOfRevenue": "200214000", "costofGoodsAndServicesSold": "200214000", "operatingIncome": "79661000", "sellingGeneralAndAdministrative": "186216000", "researchAndDevelopment": "7400000", "operatingExpenses": "194580000", "investmentIncomeNet": "None", "netInterestIncome": "None", "interestIncome": "None", "interestExpense": "2302000", "nonInterestIncome": "None", "otherNonOperatingIncome": "2848000", "depreciation": "None", "depreciationAndAmortization": "8364000", "incomeBeforeTax": "77909000", "incomeTaxExpense": "19086000", "interestAndDebtExpense": "None", "netIncomeFromContinuingOperations": "58823000", "comprehensiveIncomeNetOfTax": "None", "ebit": "77329000", "ebitda": "85693000", "netIncome": "58823000"}, {"fiscalDateEnding": "2012-09-30", "reportedCurrency": "USD", "grossProfit": "223263000", "totalRevenue": "374406000", "costOfRevenue": "151143000", "costofGoodsAndServicesSold": "151143000", "operatingIncome": "49768000", "sellingGeneralAndAdministrative": "164888000", "researchAndDevelopment": "151143000", "operatingExpenses": "172551000", "investmentIncomeNet": "None", "netInterestIncome": "None", "interestIncome": "None", "interestExpense": "2209000", "nonInterestIncome": "None", "otherNonOperatingIncome": "-748000", "depreciation": "None", "depreciationAndAmortization": "7663000", "incomeBeforeTax": "46811000", "incomeTaxExpense": "15436000", "interestAndDebtExpense": "None", "netIncomeFromContinuingOperations": "31375000", "comprehensiveIncomeNetOfTax": "None", "ebit": "49964000", "ebitda": "57627000", "netIncome": "31375000"}, {"fiscalDateEnding": "2012-06-30", "reportedCurrency": "USD", "grossProfit": "236235000", "totalRevenue": "397482000", "costOfRevenue": "161247000", "costofGoodsAndServicesSold": "161247000", "operatingIncome": "62722000", "sellingGeneralAndAdministrative": "165221000", "researchAndDevelopment": "161247000", "operatingExpenses": "172331000", "investmentIncomeNet": "None", "netInterestIncome": "None", "interestIncome": "None", "interestExpense": "2153000", "nonInterestIncome": "None", "otherNonOperatingIncome": "-76000", "depreciation": "None", "depreciationAndAmortization": "7110000", "incomeBeforeTax": "60493000", "incomeTaxExpense": "19009000", "interestAndDebtExpense": "None", "netIncomeFromContinuingOperations": "41484000", "comprehensiveIncomeNetOfTax": "None", "ebit": "62646000", "ebitda": "69756000", "netIncome": "41484000"}, {"fiscalDateEnding": "2012-03-31", "reportedCurrency": "USD", "grossProfit": "222708000", "totalRevenue": "369171000", "costOfRevenue": "146463000", "costofGoodsAndServicesSold": "146463000", "operatingIncome": "53556000", "sellingGeneralAndAdministrative": "162518000", "researchAndDevelopment": "146463000", "operatingExpenses": "169152000", "investmentIncomeNet": "None", "netInterestIncome": "None", "interestIncome": "None", "interestExpense": "2195000", "nonInterestIncome": "None", "otherNonOperatingIncome": "-978000", "depreciation": "None", "depreciationAndAmortization": "6634000", "incomeBeforeTax": "50383000", "incomeTaxExpense": "16162000", "interestAndDebtExpense": "None", "netIncomeFromContinuingOperations": "34221000", "comprehensiveIncomeNetOfTax": "None", "ebit": "52578000", "ebitda": "59212000", "netIncome": "34221000"}, {"fiscalDateEnding": "2011-12-31", "reportedCurrency": "USD", "grossProfit": "247412000", "totalRevenue": "427694000", "costOfRevenue": "180282000", "costofGoodsAndServicesSold": "180282000", "operatingIncome": "69463000", "sellingGeneralAndAdministrative": "170816000", "researchAndDevelopment": "0", "operatingExpenses": "177949000", "investmentIncomeNet": "None", "netInterestIncome": "None", "interestIncome": "None", "interestExpense": "3353000", "nonInterestIncome": "None", "otherNonOperatingIncome": "832000", "depreciation": "None", "depreciationAndAmortization": "7133000", "incomeBeforeTax": "66942000", "incomeTaxExpense": "21918000", "interestAndDebtExpense": "None", "netIncomeFromContinuingOperations": "45024000", "comprehensiveIncomeNetOfTax": "None", "ebit": "70295000", "ebitda": "77428000", "netIncome": "45024000"}, {"fiscalDateEnding": "2011-09-30", "reportedCurrency": "USD", "grossProfit": "203088000", "totalRevenue": "345784000", "costOfRevenue": "142696000", "costofGoodsAndServicesSold": "142696000", "operatingIncome": "47250000", "sellingGeneralAndAdministrative": "148461000", "researchAndDevelopment": "142696000", "operatingExpenses": "155838000", "investmentIncomeNet": "None", "netInterestIncome": "None", "interestIncome": "None", "interestExpense": "2282000", "nonInterestIncome": "None", "otherNonOperatingIncome": "-541000", "depreciation": "None", "depreciationAndAmortization": "7377000", "incomeBeforeTax": "44427000", "incomeTaxExpense": "13963000", "interestAndDebtExpense": "None", "netIncomeFromContinuingOperations": "30464000", "comprehensiveIncomeNetOfTax": "None", "ebit": "39873000", "ebitda": "47250000", "netIncome": "30464000"}, {"fiscalDateEnding": "2011-06-30", "reportedCurrency": "USD", "grossProfit": "213082000", "totalRevenue": "365543000", "costOfRevenue": "152461000", "costofGoodsAndServicesSold": "152461000", "operatingIncome": "51568000", "sellingGeneralAndAdministrative": "152758000", "researchAndDevelopment": "152461000", "operatingExpenses": "161514000", "investmentIncomeNet": "None", "netInterestIncome": "None", "interestIncome": "None", "interestExpense": "2797000", "nonInterestIncome": "None", "otherNonOperatingIncome": "-571000", "depreciation": "None", "depreciationAndAmortization": "8756000", "incomeBeforeTax": "48200000", "incomeTaxExpense": "15977000", "interestAndDebtExpense": "None", "netIncomeFromContinuingOperations": "32223000", "comprehensiveIncomeNetOfTax": "None", "ebit": "50997000", "ebitda": "59753000", "netIncome": "32223000"}, {"fiscalDateEnding": "2011-03-31", "reportedCurrency": "USD", "grossProfit": "196251000", "totalRevenue": "329567000", "costOfRevenue": "133316000", "costofGoodsAndServicesSold": "133316000", "operatingIncome": "45781000", "sellingGeneralAndAdministrative": "141672000", "researchAndDevelopment": "133316000", "operatingExpenses": "150470000", "investmentIncomeNet": "None", "netInterestIncome": "None", "interestIncome": "None", "interestExpense": "2784000", "nonInterestIncome": "None", "otherNonOperatingIncome": "-382000", "depreciation": "None", "depreciationAndAmortization": "8798000", "incomeBeforeTax": "42615000", "incomeTaxExpense": "13424000", "interestAndDebtExpense": "None", "netIncomeFromContinuingOperations": "29191000", "comprehensiveIncomeNetOfTax": "None", "ebit": "45399000", "ebitda": "54197000", "netIncome": "29191000"}, {"fiscalDateEnding": "2010-12-31", "reportedCurrency": "USD", "grossProfit": "217345000", "totalRevenue": "382304000", "costOfRevenue": "164959000", "costofGoodsAndServicesSold": "164959000", "operatingIncome": "53074000", "sellingGeneralAndAdministrative": "154796000", "researchAndDevelopment": "0", "operatingExpenses": "163458000", "investmentIncomeNet": "None", "netInterestIncome": "None", "interestIncome": "None", "interestExpense": "7203000", "nonInterestIncome": "None", "otherNonOperatingIncome": "None", "depreciation": "None", "depreciationAndAmortization": "8662000", "incomeBeforeTax": "46727000", "incomeTaxExpense": "10033000", "interestAndDebtExpense": "None", "netIncomeFromContinuingOperations": "0", "comprehensiveIncomeNetOfTax": "None", "ebit": "53930000", "ebitda": "62592000", "netIncome": "36694000"}, {"fiscalDateEnding": "2010-09-30", "reportedCurrency": "USD", "grossProfit": "170225000", "totalRevenue": "296122000", "costOfRevenue": "125897000", "costofGoodsAndServicesSold": "125897000", "operatingIncome": "32763000", "sellingGeneralAndAdministrative": "127488000", "researchAndDevelopment": "125897000", "operatingExpenses": "136213000", "investmentIncomeNet": "None", "netInterestIncome": "None", "interestIncome": "None", "interestExpense": "3005000", "nonInterestIncome": "None", "otherNonOperatingIncome": "-373000", "depreciation": "None", "depreciationAndAmortization": "8725000", "incomeBeforeTax": "29385000", "incomeTaxExpense": "9310000", "interestAndDebtExpense": "None", "netIncomeFromContinuingOperations": "20075000", "comprehensiveIncomeNetOfTax": "None", "ebit": "32390000", "ebitda": "41115000", "netIncome": "20075000"}, {"fiscalDateEnding": "2010-06-30", "reportedCurrency": "USD", "grossProfit": "175859000", "totalRevenue": "314195000", "costOfRevenue": "138336000", "costofGoodsAndServicesSold": "138336000", "operatingIncome": "34230000", "sellingGeneralAndAdministrative": "130322000", "researchAndDevelopment": "138336000", "operatingExpenses": "139299000", "investmentIncomeNet": "None", "netInterestIncome": "None", "interestIncome": "None", "interestExpense": "3180000", "nonInterestIncome": "None", "otherNonOperatingIncome": "-643000", "depreciation": "None", "depreciationAndAmortization": "8977000", "incomeBeforeTax": "30407000", "incomeTaxExpense": "10294000", "interestAndDebtExpense": "None", "netIncomeFromContinuingOperations": "20113000", "comprehensiveIncomeNetOfTax": "None", "ebit": "33587000", "ebitda": "42564000", "netIncome": "20113000"}, {"fiscalDateEnding": "2010-03-31", "reportedCurrency": "USD", "grossProfit": "172787000", "totalRevenue": "295833000", "costOfRevenue": "123046000", "costofGoodsAndServicesSold": "123046000", "operatingIncome": "29198000", "sellingGeneralAndAdministrative": "130568000", "researchAndDevelopment": "123046000", "operatingExpenses": "140078000", "investmentIncomeNet": "None", "netInterestIncome": "None", "interestIncome": "None", "interestExpense": "3384000", "nonInterestIncome": "None", "otherNonOperatingIncome": "None", "depreciation": "None", "depreciationAndAmortization": "9510000", "incomeBeforeTax": "27566000", "incomeTaxExpense": "8163000", "interestAndDebtExpense": "None", "netIncomeFromContinuingOperations": "0", "comprehensiveIncomeNetOfTax": "None", "ebit": "30950000", "ebitda": "40460000", "netIncome": "19403000"}, {"fiscalDateEnding": "2009-12-31", "reportedCurrency": "USD", "grossProfit": "182328000", "totalRevenue": "328827000", "costOfRevenue": "146499000", "costofGoodsAndServicesSold": "146499000", "operatingIncome": "41744000", "sellingGeneralAndAdministrative": "131023000", "researchAndDevelopment": "0", "operatingExpenses": "137650000", "investmentIncomeNet": "None", "netInterestIncome": "None", "interestIncome": "None", "interestExpense": "3757000", "nonInterestIncome": "None", "otherNonOperatingIncome": "None", "depreciation": "None", "depreciationAndAmortization": "6627000", "incomeBeforeTax": "38403000", "incomeTaxExpense": "12687000", "interestAndDebtExpense": "None", "netIncomeFromContinuingOperations": "0", "comprehensiveIncomeNetOfTax": "None", "ebit": "42160000", "ebitda": "48787000", "netIncome": "25716000"}, {"fiscalDateEnding": "2009-09-30", "reportedCurrency": "USD", "grossProfit": "149349000", "totalRevenue": "267469000", "costOfRevenue": "118120000", "costofGoodsAndServicesSold": "118120000", "operatingIncome": "27521000", "sellingGeneralAndAdministrative": "115049000", "researchAndDevelopment": "118120000", "operatingExpenses": "121828000", "investmentIncomeNet": "None", "netInterestIncome": "None", "interestIncome": "None", "interestExpense": "4914000", "nonInterestIncome": "None", "otherNonOperatingIncome": "None", "depreciation": "None", "depreciationAndAmortization": "6779000", "incomeBeforeTax": "22480000", "incomeTaxExpense": "2413000", "interestAndDebtExpense": "None", "netIncomeFromContinuingOperations": "0", "comprehensiveIncomeNetOfTax": "None", "ebit": "27394000", "ebitda": "34173000", "netIncome": "20067000"}, {"fiscalDateEnding": "2009-06-30", "reportedCurrency": "USD", "grossProfit": "152871000", "totalRevenue": "269971000", "costOfRevenue": "117100000", "costofGoodsAndServicesSold": "117100000", "operatingIncome": "30761000", "sellingGeneralAndAdministrative": "115367000", "researchAndDevelopment": "117100000", "operatingExpenses": "122110000", "investmentIncomeNet": "None", "netInterestIncome": "None", "interestIncome": "None", "interestExpense": "4011000", "nonInterestIncome": "None", "otherNonOperatingIncome": "None", "depreciation": "None", "depreciationAndAmortization": "6743000", "incomeBeforeTax": "25618000", "incomeTaxExpense": "8433000", "interestAndDebtExpense": "None", "netIncomeFromContinuingOperations": "0", "comprehensiveIncomeNetOfTax": "None", "ebit": "29629000", "ebitda": "36372000", "netIncome": "17185000"}, {"fiscalDateEnding": "2009-03-31", "reportedCurrency": "USD", "grossProfit": "156889000", "totalRevenue": "273533000", "costOfRevenue": "116644000", "costofGoodsAndServicesSold": "116644000", "operatingIncome": "34451000", "sellingGeneralAndAdministrative": "115564000", "researchAndDevelopment": "116644000", "operatingExpenses": "122438000", "investmentIncomeNet": "None", "netInterestIncome": "None", "interestIncome": "None", "interestExpense": "4180000", "nonInterestIncome": "None", "otherNonOperatingIncome": "None", "depreciation": "None", "depreciationAndAmortization": "6874000", "incomeBeforeTax": "29025000", "incomeTaxExpense": "9029000", "interestAndDebtExpense": "None", "netIncomeFromContinuingOperations": "0", "comprehensiveIncomeNetOfTax": "None", "ebit": "33205000", "ebitda": "40079000", "netIncome": "19996000"}, {"fiscalDateEnding": "2008-12-31", "reportedCurrency": "USD", "grossProfit": "194940000", "totalRevenue": "347321000", "costOfRevenue": "152381000", "costofGoodsAndServicesSold": "152381000", "operatingIncome": "55781000", "sellingGeneralAndAdministrative": "131879000", "researchAndDevelopment": "0", "operatingExpenses": "139159000", "investmentIncomeNet": "None", "netInterestIncome": "None", "interestIncome": "None", "interestExpense": "4463000", "nonInterestIncome": "None", "otherNonOperatingIncome": "None", "depreciation": "None", "depreciationAndAmortization": "6408000", "incomeBeforeTax": "51313000", "incomeTaxExpense": "17672000", "interestAndDebtExpense": "None", "netIncomeFromContinuingOperations": "0", "comprehensiveIncomeNetOfTax": "None", "ebit": "59287000", "ebitda": "65695000", "netIncome": "33646000"}, {"fiscalDateEnding": "2008-09-30", "reportedCurrency": "USD", "grossProfit": "173363000", "totalRevenue": "297706000", "costOfRevenue": "124343000", "costofGoodsAndServicesSold": "124343000", "operatingIncome": "34682000", "sellingGeneralAndAdministrative": "131854000", "researchAndDevelopment": "124343000", "operatingExpenses": "138681000", "investmentIncomeNet": "None", "netInterestIncome": "None", "interestIncome": "None", "interestExpense": "5857000", "nonInterestIncome": "None", "otherNonOperatingIncome": "None", "depreciation": "None", "depreciationAndAmortization": "7251000", "incomeBeforeTax": "28825000", "incomeTaxExpense": "10044000", "interestAndDebtExpense": "None", "netIncomeFromContinuingOperations": "0", "comprehensiveIncomeNetOfTax": "None", "ebit": "27431000", "ebitda": "34682000", "netIncome": "18781000"}, {"fiscalDateEnding": "2008-06-30", "reportedCurrency": "USD", "grossProfit": "191786000", "totalRevenue": "343939000", "costOfRevenue": "152153000", "costofGoodsAndServicesSold": "152153000", "operatingIncome": "47575000", "sellingGeneralAndAdministrative": "137746000", "researchAndDevelopment": "152153000", "operatingExpenses": "144211000", "investmentIncomeNet": "None", "netInterestIncome": "None", "interestIncome": "None", "interestExpense": "5338000", "nonInterestIncome": "None", "otherNonOperatingIncome": "None", "depreciation": "None", "depreciationAndAmortization": "6729000", "incomeBeforeTax": "42465000", "incomeTaxExpense": "12337000", "interestAndDebtExpense": "None", "netIncomeFromContinuingOperations": "0", "comprehensiveIncomeNetOfTax": "None", "ebit": "40846000", "ebitda": "47575000", "netIncome": "29900000"}, {"fiscalDateEnding": "2008-03-31", "reportedCurrency": "USD", "grossProfit": "164139000", "totalRevenue": "290099000", "costOfRevenue": "125960000", "costofGoodsAndServicesSold": "125960000", "operatingIncome": "26330000", "sellingGeneralAndAdministrative": "130886000", "researchAndDevelopment": "125960000", "operatingExpenses": "137809000", "investmentIncomeNet": "None", "netInterestIncome": "None", "interestIncome": "None", "interestExpense": "4192000", "nonInterestIncome": "None", "otherNonOperatingIncome": "None", "depreciation": "None", "depreciationAndAmortization": "7107000", "incomeBeforeTax": "22138000", "incomeTaxExpense": "7545000", "interestAndDebtExpense": "None", "netIncomeFromContinuingOperations": "0", "comprehensiveIncomeNetOfTax": "None", "ebit": "19223000", "ebitda": "26330000", "netIncome": "14593000"}, {"fiscalDateEnding": "2007-12-31", "reportedCurrency": "USD", "grossProfit": "198251000", "totalRevenue": "348391000", "costOfRevenue": "150140000", "costofGoodsAndServicesSold": "150140000", "operatingIncome": "68003000", "sellingGeneralAndAdministrative": "123495000", "researchAndDevelopment": "0", "operatingExpenses": "130248000", "investmentIncomeNet": "None", "netInterestIncome": "None", "interestIncome": "None", "interestExpense": "4156000", "nonInterestIncome": "None", "otherNonOperatingIncome": "None", "depreciation": "None", "depreciationAndAmortization": "6960000", "incomeBeforeTax": "63847000", "incomeTaxExpense": "25028000", "interestAndDebtExpense": "None", "netIncomeFromContinuingOperations": "0", "comprehensiveIncomeNetOfTax": "None", "ebit": "68003000", "ebitda": "74963000", "netIncome": "38819000"}, {"fiscalDateEnding": "2007-09-30", "reportedCurrency": "USD", "grossProfit": "145908000", "totalRevenue": "273119000", "costOfRevenue": "127211000", "costofGoodsAndServicesSold": "127211000", "operatingIncome": "23580000", "sellingGeneralAndAdministrative": "115564000", "researchAndDevelopment": "127211000", "operatingExpenses": "122328000", "investmentIncomeNet": "None", "netInterestIncome": "None", "interestIncome": "None", "interestExpense": "4617000", "nonInterestIncome": "None", "otherNonOperatingIncome": "None", "depreciation": "None", "depreciationAndAmortization": "7006000", "incomeBeforeTax": "18660000", "incomeTaxExpense": "6166000", "interestAndDebtExpense": "None", "netIncomeFromContinuingOperations": "0", "comprehensiveIncomeNetOfTax": "None", "ebit": "16574000", "ebitda": "23580000", "netIncome": "12494000"}, {"fiscalDateEnding": "2007-06-30", "reportedCurrency": "USD", "grossProfit": "159280000", "totalRevenue": "303491000", "costOfRevenue": "144211000", "costofGoodsAndServicesSold": "144211000", "operatingIncome": "23065000", "sellingGeneralAndAdministrative": "120523000", "researchAndDevelopment": "144211000", "operatingExpenses": "136215000", "investmentIncomeNet": "None", "netInterestIncome": "None", "interestIncome": "None", "interestExpense": "3584000", "nonInterestIncome": "None", "otherNonOperatingIncome": "None", "depreciation": "None", "depreciationAndAmortization": "6829000", "incomeBeforeTax": "19481000", "incomeTaxExpense": "5433000", "interestAndDebtExpense": "None", "netIncomeFromContinuingOperations": "0", "comprehensiveIncomeNetOfTax": "None", "ebit": "16236000", "ebitda": "23065000", "netIncome": "14048000"}, {"fiscalDateEnding": "2007-03-31", "reportedCurrency": "USD", "grossProfit": "140484000", "totalRevenue": "264197000", "costOfRevenue": "123713000", "costofGoodsAndServicesSold": "123713000", "operatingIncome": "18474000", "sellingGeneralAndAdministrative": "115746000", "researchAndDevelopment": "123713000", "operatingExpenses": "122010000", "investmentIncomeNet": "None", "netInterestIncome": "None", "interestIncome": "None", "interestExpense": "6301000", "nonInterestIncome": "None", "otherNonOperatingIncome": "None", "depreciation": "None", "depreciationAndAmortization": "6957000", "incomeBeforeTax": "12173000", "incomeTaxExpense": "3981000", "interestAndDebtExpense": "None", "netIncomeFromContinuingOperations": "0", "comprehensiveIncomeNetOfTax": "None", "ebit": "19470000", "ebitda": "26427000", "netIncome": "8192000"}, {"fiscalDateEnding": "2006-12-31", "reportedCurrency": "USD", "grossProfit": "157500000", "totalRevenue": "303939000", "costOfRevenue": "146439000", "costofGoodsAndServicesSold": "146439000", "operatingIncome": "41072000", "sellingGeneralAndAdministrative": "110112000", "researchAndDevelopment": "0", "operatingExpenses": "117878000", "investmentIncomeNet": "None", "netInterestIncome": "None", "interestIncome": "None", "interestExpense": "3626000", "nonInterestIncome": "None", "otherNonOperatingIncome": "None", "depreciation": "None", "depreciationAndAmortization": "7337000", "incomeBeforeTax": "37446000", "incomeTaxExpense": "14876000", "interestAndDebtExpense": "None", "netIncomeFromContinuingOperations": "0", "comprehensiveIncomeNetOfTax": "None", "ebit": "39622000", "ebitda": "46959000", "netIncome": "22570000"}, {"fiscalDateEnding": "2006-09-30", "reportedCurrency": "USD", "grossProfit": "125101000", "totalRevenue": "241360000", "costOfRevenue": "116259000", "costofGoodsAndServicesSold": "116259000", "operatingIncome": "15963000", "sellingGeneralAndAdministrative": "99814000", "researchAndDevelopment": "116259000", "operatingExpenses": "109138000", "investmentIncomeNet": "None", "netInterestIncome": "None", "interestIncome": "None", "interestExpense": "4930000", "nonInterestIncome": "None", "otherNonOperatingIncome": "None", "depreciation": "None", "depreciationAndAmortization": "9527000", "incomeBeforeTax": "11574000", "incomeTaxExpense": "1966000", "interestAndDebtExpense": "None", "netIncomeFromContinuingOperations": "0", "comprehensiveIncomeNetOfTax": "None", "ebit": "6436000", "ebitda": "15963000", "netIncome": "9608000"}, {"fiscalDateEnding": "2006-06-30", "reportedCurrency": "USD", "grossProfit": "146810000", "totalRevenue": "284093000", "costOfRevenue": "137283000", "costofGoodsAndServicesSold": "137283000", "operatingIncome": "30595000", "sellingGeneralAndAdministrative": "106701000", "researchAndDevelopment": "137283000", "operatingExpenses": "116215000", "investmentIncomeNet": "None", "netInterestIncome": "None", "interestIncome": "None", "interestExpense": "4306000", "nonInterestIncome": "None", "otherNonOperatingIncome": "None", "depreciation": "None", "depreciationAndAmortization": "9716000", "incomeBeforeTax": "26289000", "incomeTaxExpense": "8045000", "interestAndDebtExpense": "None", "netIncomeFromContinuingOperations": "0", "comprehensiveIncomeNetOfTax": "None", "ebit": "20879000", "ebitda": "30595000", "netIncome": "18244000"}, {"fiscalDateEnding": "2006-03-31", "reportedCurrency": "USD", "grossProfit": "125580000", "totalRevenue": "230929000", "costOfRevenue": "105349000", "costofGoodsAndServicesSold": "105349000", "operatingIncome": "15620000", "sellingGeneralAndAdministrative": "99467000", "researchAndDevelopment": "105349000", "operatingExpenses": "109960000", "investmentIncomeNet": "None", "netInterestIncome": "None", "interestIncome": "None", "interestExpense": "5057000", "nonInterestIncome": "None", "otherNonOperatingIncome": "None", "depreciation": "None", "depreciationAndAmortization": "9244000", "incomeBeforeTax": "10563000", "incomeTaxExpense": "2793000", "interestAndDebtExpense": "None", "netIncomeFromContinuingOperations": "0", "comprehensiveIncomeNetOfTax": "None", "ebit": "6376000", "ebitda": "15620000", "netIncome": "7770000"}, {"fiscalDateEnding": "2005-12-31", "reportedCurrency": "USD", "grossProfit": "150588000", "totalRevenue": "289300000", "costOfRevenue": "138712000", "costofGoodsAndServicesSold": "138712000", "operatingIncome": "29742000", "sellingGeneralAndAdministrative": "80169000", "researchAndDevelopment": "0", "operatingExpenses": "120846000", "investmentIncomeNet": "None", "netInterestIncome": "None", "interestIncome": "None", "interestExpense": "4189000", "nonInterestIncome": "None", "otherNonOperatingIncome": "None", "depreciation": "None", "depreciationAndAmortization": "10359000", "incomeBeforeTax": "25553000", "incomeTaxExpense": "10743000", "interestAndDebtExpense": "None", "netIncomeFromContinuingOperations": "0", "comprehensiveIncomeNetOfTax": "None", "ebit": "29742000", "ebitda": "40101000", "netIncome": "14810000"}, {"fiscalDateEnding": "2005-09-30", "reportedCurrency": "USD", "grossProfit": "113207000", "totalRevenue": "225311000", "costOfRevenue": "112104000", "costofGoodsAndServicesSold": "112104000", "operatingIncome": "1186000", "sellingGeneralAndAdministrative": "100310000", "researchAndDevelopment": "112104000", "operatingExpenses": "112021000", "investmentIncomeNet": "None", "netInterestIncome": "None", "interestIncome": "None", "interestExpense": "3259000", "nonInterestIncome": "None", "otherNonOperatingIncome": "None", "depreciation": "None", "depreciationAndAmortization": "10893000", "incomeBeforeTax": "-2073000", "incomeTaxExpense": "-352000", "interestAndDebtExpense": "None", "netIncomeFromContinuingOperations": "0", "comprehensiveIncomeNetOfTax": "None", "ebit": "-9707000", "ebitda": "1186000", "netIncome": "-1721000"}, {"fiscalDateEnding": "2005-06-30", "reportedCurrency": "USD", "grossProfit": "134052000", "totalRevenue": "274569000", "costOfRevenue": "140517000", "costofGoodsAndServicesSold": "140517000", "operatingIncome": "5138000", "sellingGeneralAndAdministrative": "102727000", "researchAndDevelopment": "140517000", "operatingExpenses": "128914000", "investmentIncomeNet": "None", "netInterestIncome": "None", "interestIncome": "None", "interestExpense": "5639000", "nonInterestIncome": "None", "otherNonOperatingIncome": "None", "depreciation": "None", "depreciationAndAmortization": "9571000", "incomeBeforeTax": "-501000", "incomeTaxExpense": "318000", "interestAndDebtExpense": "None", "netIncomeFromContinuingOperations": "0", "comprehensiveIncomeNetOfTax": "None", "ebit": "5360000", "ebitda": "14931000", "netIncome": "-819000"}, {"fiscalDateEnding": "2005-03-31", "reportedCurrency": "USD", "grossProfit": "104546000", "totalRevenue": "199824000", "costOfRevenue": "95278000", "costofGoodsAndServicesSold": "95278000", "operatingIncome": "-10786000", "sellingGeneralAndAdministrative": "91546000", "researchAndDevelopment": "95278000", "operatingExpenses": "115332000", "investmentIncomeNet": "None", "netInterestIncome": "None", "interestIncome": "None", "interestExpense": "6755000", "nonInterestIncome": "None", "otherNonOperatingIncome": "None", "depreciation": "None", "depreciationAndAmortization": "6329000", "incomeBeforeTax": "-17541000", "incomeTaxExpense": "-2834000", "interestAndDebtExpense": "None", "netIncomeFromContinuingOperations": "0", "comprehensiveIncomeNetOfTax": "None", "ebit": "-10786000", "ebitda": "-4457000", "netIncome": "-14707000"}, {"fiscalDateEnding": "2004-12-31", "reportedCurrency": "USD", "grossProfit": "130968000", "totalRevenue": "255409000", "costOfRevenue": "124441000", "costofGoodsAndServicesSold": "124441000", "operatingIncome": "15225000", "sellingGeneralAndAdministrative": "110105000", "researchAndDevelopment": "0", "operatingExpenses": "115743000", "investmentIncomeNet": "None", "netInterestIncome": "None", "interestIncome": "None", "interestExpense": "2440000", "nonInterestIncome": "None", "otherNonOperatingIncome": "None", "depreciation": "None", "depreciationAndAmortization": "5638000", "incomeBeforeTax": "12785000", "incomeTaxExpense": "7548000", "interestAndDebtExpense": "None", "netIncomeFromContinuingOperations": "0", "comprehensiveIncomeNetOfTax": "None", "ebit": "15225000", "ebitda": "20863000", "netIncome": "5237000"}]}