{"symbol": "BXP", "annualReports": [{"fiscalDateEnding": "2024-12-31", "reportedCurrency": "USD", "grossProfit": "3406122000", "totalRevenue": "3407719000", "costOfRevenue": "1597000", "costofGoodsAndServicesSold": "1597000", "operatingIncome": "3246139000", "sellingGeneralAndAdministrative": "159983000", "researchAndDevelopment": "None", "operatingExpenses": "159983000", "investmentIncomeNet": "None", "netInterestIncome": "-584918000", "interestIncome": "60199000", "interestExpense": "645117000", "nonInterestIncome": "None", "otherNonOperatingIncome": "None", "depreciation": "None", "depreciationAndAmortization": "888461000", "incomeBeforeTax": "84188000", "incomeTaxExpense": "69916000", "interestAndDebtExpense": "None", "netIncomeFromContinuingOperations": "84188000", "comprehensiveIncomeNetOfTax": "None", "ebit": "729305000", "ebitda": "1617766000", "netIncome": "14272000"}, {"fiscalDateEnding": "2023-12-31", "reportedCurrency": "USD", "grossProfit": "2053084000", "totalRevenue": "3273569000", "costOfRevenue": "1220485000", "costofGoodsAndServicesSold": "1220485000", "operatingIncome": "1845556000", "sellingGeneralAndAdministrative": "187929000", "researchAndDevelopment": "0.09", "operatingExpenses": "170158000", "investmentIncomeNet": "None", "netInterestIncome": "-489627000", "interestIncome": "54788000", "interestExpense": "572869000", "nonInterestIncome": "None", "otherNonOperatingIncome": "None", "depreciation": "None", "depreciationAndAmortization": "832753000", "incomeBeforeTax": "291424000", "incomeTaxExpense": "101209001", "interestAndDebtExpense": "None", "netIncomeFromContinuingOperations": "293992000", "comprehensiveIncomeNetOfTax": "None", "ebit": "1032562000", "ebitda": "1865315000", "netIncome": "190215000"}, {"fiscalDateEnding": "2022-12-31", "reportedCurrency": "USD", "grossProfit": "1959448000", "totalRevenue": "3108581000", "costOfRevenue": "1149133000", "costofGoodsAndServicesSold": "1149133000", "operatingIncome": "1020154000", "sellingGeneralAndAdministrative": "148243000", "researchAndDevelopment": "0.33", "operatingExpenses": "898018000", "investmentIncomeNet": "None", "netInterestIncome": "-425199000", "interestIncome": "11940000", "interestExpense": "437139000", "nonInterestIncome": "None", "otherNonOperatingIncome": "None", "depreciation": "None", "depreciationAndAmortization": "2051706000", "incomeBeforeTax": "1020584000", "incomeTaxExpense": "437139000", "interestAndDebtExpense": "None", "netIncomeFromContinuingOperations": "1020584000", "comprehensiveIncomeNetOfTax": "None", "ebit": "-281777000", "ebitda": "1769929000", "netIncome": "583445000"}, {"fiscalDateEnding": "2021-12-31", "reportedCurrency": "USD", "grossProfit": "1842265000", "totalRevenue": "2888621000", "costOfRevenue": "1046356000", "costofGoodsAndServicesSold": "1046356000", "operatingIncome": "976210000", "sellingGeneralAndAdministrative": "151853000", "researchAndDevelopment": "0.22", "operatingExpenses": "869189000", "investmentIncomeNet": "None", "netInterestIncome": "-417642000", "interestIncome": "5704000", "interestExpense": "423346000", "nonInterestIncome": "None", "otherNonOperatingIncome": "-2570000", "depreciation": "None", "depreciationAndAmortization": "1919281000", "incomeBeforeTax": "631932000", "incomeTaxExpense": "547519000", "interestAndDebtExpense": "None", "netIncomeFromContinuingOperations": "631932000", "comprehensiveIncomeNetOfTax": "None", "ebit": "-231305000", "ebitda": "1687976000", "netIncome": "84413000"}, {"fiscalDateEnding": "2020-12-31", "reportedCurrency": "USD", "grossProfit": "1723716000", "totalRevenue": "2765686000", "costOfRevenue": "1041970000", "costofGoodsAndServicesSold": "1041970000", "operatingIncome": "827696000", "sellingGeneralAndAdministrative": "133112000", "researchAndDevelopment": "0.35", "operatingExpenses": "816863000", "investmentIncomeNet": "None", "netInterestIncome": "-425764000", "interestIncome": "5953000", "interestExpense": "431717000", "nonInterestIncome": "None", "otherNonOperatingIncome": "545086000", "depreciation": "None", "depreciationAndAmortization": "1860364000", "incomeBeforeTax": "1018691000", "incomeTaxExpense": "492947000", "interestAndDebtExpense": "None", "netIncomeFromContinuingOperations": "3671156000", "comprehensiveIncomeNetOfTax": "None", "ebit": "276029000", "ebitda": "2136393000", "netIncome": "525744000"}, {"fiscalDateEnding": "2019-12-31", "reportedCurrency": "USD", "grossProfit": "1866162000", "totalRevenue": "2960562000", "costOfRevenue": "1094400000", "costofGoodsAndServicesSold": "1094400000", "operatingIncome": "1113152000", "sellingGeneralAndAdministrative": "140777000", "researchAndDevelopment": "0.22", "operatingExpenses": "818541000", "investmentIncomeNet": "None", "netInterestIncome": "-393778000", "interestIncome": "18939000", "interestExpense": "412717000", "nonInterestIncome": "None", "otherNonOperatingIncome": "43117000", "depreciation": "None", "depreciationAndAmortization": "1914925000", "incomeBeforeTax": "651999000", "incomeTaxExpense": "589774000", "interestAndDebtExpense": "None", "netIncomeFromContinuingOperations": "3157892000", "comprehensiveIncomeNetOfTax": "None", "ebit": "-167101000", "ebitda": "1747824000", "netIncome": "62225000"}, {"fiscalDateEnding": "2018-12-31", "reportedCurrency": "USD", "grossProfit": "1694472000", "totalRevenue": "2717076000", "costOfRevenue": "1022604000", "costofGoodsAndServicesSold": "1022604000", "operatingIncome": "913685000", "sellingGeneralAndAdministrative": "121722000", "researchAndDevelopment": "0.26", "operatingExpenses": "767371000", "investmentIncomeNet": "None", "netInterestIncome": "-367345000", "interestIncome": "10823000", "interestExpense": "378168000", "nonInterestIncome": "None", "otherNonOperatingIncome": "177046000", "depreciation": "None", "depreciationAndAmortization": "1791579000", "incomeBeforeTax": "597874000", "incomeTaxExpense": "177046000", "interestAndDebtExpense": "None", "netIncomeFromContinuingOperations": "712563000", "comprehensiveIncomeNetOfTax": "None", "ebit": "242860000", "ebitda": "2034439000", "netIncome": "582849000"}, {"fiscalDateEnding": "2017-12-31", "reportedCurrency": "USD", "grossProfit": "1640040000", "totalRevenue": "2602076000", "costOfRevenue": "962036000", "costofGoodsAndServicesSold": "962036000", "operatingIncome": "908110000", "sellingGeneralAndAdministrative": "113715000", "researchAndDevelopment": "0.22", "operatingExpenses": "731262000", "investmentIncomeNet": "None", "netInterestIncome": "-368698000", "interestIncome": "5783000", "interestExpense": "374481000", "nonInterestIncome": "None", "otherNonOperatingIncome": "28852000", "depreciation": "None", "depreciationAndAmortization": "1693966000", "incomeBeforeTax": "554818000", "incomeTaxExpense": "478092000", "interestAndDebtExpense": "None", "netIncomeFromContinuingOperations": "562481000", "comprehensiveIncomeNetOfTax": "None", "ebit": "-168309000", "ebitda": "1525657000", "netIncome": "462439000"}, {"fiscalDateEnding": "2016-12-31", "reportedCurrency": "USD", "grossProfit": "1629586000", "totalRevenue": "2550820000", "costOfRevenue": "921234000", "costofGoodsAndServicesSold": "921234000", "operatingIncome": "823908000", "sellingGeneralAndAdministrative": "105229000", "researchAndDevelopment": "0.22", "operatingExpenses": "801508000", "investmentIncomeNet": "None", "netInterestIncome": "-405619000", "interestIncome": "7230000", "interestExpense": "412849000", "nonInterestIncome": "None", "otherNonOperatingIncome": "157042000", "depreciation": "None", "depreciationAndAmortization": "1723393000", "incomeBeforeTax": "487495000", "incomeTaxExpense": "397316000", "interestAndDebtExpense": "None", "netIncomeFromContinuingOperations": "569977000", "comprehensiveIncomeNetOfTax": "None", "ebit": "-203206000", "ebitda": "1520187000", "netIncome": "511102000"}, {"fiscalDateEnding": "2015-12-31", "reportedCurrency": "USD", "grossProfit": "1586485000", "totalRevenue": "2490821000", "costOfRevenue": "904336000", "costofGoodsAndServicesSold": "904336000", "operatingIncome": "849365000", "sellingGeneralAndAdministrative": "96319000", "researchAndDevelopment": "0", "operatingExpenses": "735861000", "investmentIncomeNet": "None", "netInterestIncome": "None", "interestIncome": "403302000", "interestExpense": "432196000", "nonInterestIncome": "None", "otherNonOperatingIncome": "382749000", "depreciation": "None", "depreciationAndAmortization": "639542000", "incomeBeforeTax": "424023000", "incomeTaxExpense": "295883000", "interestAndDebtExpense": "None", "netIncomeFromContinuingOperations": "424023000", "comprehensiveIncomeNetOfTax": "None", "ebit": "849365000", "ebitda": "1488907000", "netIncome": "583106000"}, {"fiscalDateEnding": "2014-12-31", "reportedCurrency": "USD", "grossProfit": "1532472000", "totalRevenue": "2396998000", "costOfRevenue": "864526000", "costofGoodsAndServicesSold": "864526000", "operatingIncome": "801822000", "sellingGeneralAndAdministrative": "98937000", "researchAndDevelopment": "0", "operatingExpenses": "727510000", "investmentIncomeNet": "None", "netInterestIncome": "None", "interestIncome": "None", "interestExpense": "455743000", "nonInterestIncome": "None", "otherNonOperatingIncome": "179978000", "depreciation": "None", "depreciationAndAmortization": "628573000", "incomeBeforeTax": "358018000", "incomeTaxExpense": "382919000", "interestAndDebtExpense": "None", "netIncomeFromContinuingOperations": "358018000", "comprehensiveIncomeNetOfTax": "None", "ebit": "801822000", "ebitda": "1430395000", "netIncome": "443611000"}, {"fiscalDateEnding": "2013-12-31", "reportedCurrency": "USD", "grossProfit": "1364136000", "totalRevenue": "2135539000", "costOfRevenue": "771403000", "costofGoodsAndServicesSold": "771403000", "operatingIncome": "678120000", "sellingGeneralAndAdministrative": "115329000", "researchAndDevelopment": "0", "operatingExpenses": "675966000", "investmentIncomeNet": "None", "netInterestIncome": "None", "interestIncome": "None", "interestExpense": "446880000", "nonInterestIncome": "None", "otherNonOperatingIncome": "86417000", "depreciation": "None", "depreciationAndAmortization": "560637000", "incomeBeforeTax": "703648000", "incomeTaxExpense": "475791000", "interestAndDebtExpense": "None", "netIncomeFromContinuingOperations": "703648000", "comprehensiveIncomeNetOfTax": "None", "ebit": "771554000", "ebitda": "1332191000", "netIncome": "749811000"}, {"fiscalDateEnding": "2012-12-31", "reportedCurrency": "USD", "grossProfit": "1190784000", "totalRevenue": "1876267000", "costOfRevenue": "685483000", "costofGoodsAndServicesSold": "685483000", "operatingIncome": "651681000", "sellingGeneralAndAdministrative": "82382000", "researchAndDevelopment": "0", "operatingExpenses": "535450000", "investmentIncomeNet": "None", "netInterestIncome": "None", "interestIncome": "None", "interestExpense": "413564000", "nonInterestIncome": "None", "otherNonOperatingIncome": "56105000", "depreciation": "None", "depreciationAndAmortization": "453068000", "incomeBeforeTax": "294222000", "incomeTaxExpense": "467214000", "interestAndDebtExpense": "None", "netIncomeFromContinuingOperations": "294222000", "comprehensiveIncomeNetOfTax": "None", "ebit": "684974000", "ebitda": "1138042000", "netIncome": "289650000"}, {"fiscalDateEnding": "2011-12-31", "reportedCurrency": "USD", "grossProfit": "1139421000", "totalRevenue": "1759526000", "costOfRevenue": "620105000", "costofGoodsAndServicesSold": "620105000", "operatingIncome": "618640000", "sellingGeneralAndAdministrative": "81442000", "researchAndDevelopment": "0", "operatingExpenses": "520626000", "investmentIncomeNet": "None", "netInterestIncome": "None", "interestIncome": "None", "interestExpense": "394131000", "nonInterestIncome": "None", "otherNonOperatingIncome": "None", "depreciation": "None", "depreciationAndAmortization": "439184000", "incomeBeforeTax": "313826000", "incomeTaxExpense": "432012000", "interestAndDebtExpense": "None", "netIncomeFromContinuingOperations": "None", "comprehensiveIncomeNetOfTax": "None", "ebit": "618640000", "ebitda": "1057824000", "netIncome": "272679000"}, {"fiscalDateEnding": "2010-12-31", "reportedCurrency": "USD", "grossProfit": "1023957000", "totalRevenue": "1550804000", "costOfRevenue": "526847000", "costofGoodsAndServicesSold": "526847000", "operatingIncome": "610514000", "sellingGeneralAndAdministrative": "79658000", "researchAndDevelopment": "0", "operatingExpenses": "410829000", "investmentIncomeNet": "None", "netInterestIncome": "None", "interestIncome": "None", "interestExpense": "378079000", "nonInterestIncome": "None", "otherNonOperatingIncome": "-42108000", "depreciation": "None", "depreciationAndAmortization": "338371000", "incomeBeforeTax": "159072000", "incomeTaxExpense": "490830000", "interestAndDebtExpense": "None", "netIncomeFromContinuingOperations": "190327000", "comprehensiveIncomeNetOfTax": "None", "ebit": "610514000", "ebitda": "948885000", "netIncome": "159072000"}, {"fiscalDateEnding": "2009-12-31", "reportedCurrency": "USD", "grossProfit": "996484000", "totalRevenue": "1522249000", "costOfRevenue": "525765000", "costofGoodsAndServicesSold": "525765000", "operatingIncome": "276523000", "sellingGeneralAndAdministrative": "75447000", "researchAndDevelopment": "0", "operatingExpenses": "397128000", "investmentIncomeNet": "None", "netInterestIncome": "None", "interestIncome": "None", "interestExpense": "322833000", "nonInterestIncome": "None", "otherNonOperatingIncome": "None", "depreciation": "None", "depreciationAndAmortization": "321681000", "incomeBeforeTax": "231014000", "incomeTaxExpense": "380400000", "interestAndDebtExpense": "None", "netIncomeFromContinuingOperations": "None", "comprehensiveIncomeNetOfTax": "None", "ebit": "274499000", "ebitda": "596180000", "netIncome": "231014000"}, {"fiscalDateEnding": "2008-12-31", "reportedCurrency": "USD", "grossProfit": "972860000", "totalRevenue": "1488400000", "costOfRevenue": "515540000", "costofGoodsAndServicesSold": "515540000", "operatingIncome": "324376000", "sellingGeneralAndAdministrative": "69882000", "researchAndDevelopment": "None", "operatingExpenses": "376512000", "investmentIncomeNet": "None", "netInterestIncome": "None", "interestIncome": "None", "interestExpense": "271972000", "nonInterestIncome": "None", "otherNonOperatingIncome": "None", "depreciation": "None", "depreciationAndAmortization": "304147000", "incomeBeforeTax": "168482000", "incomeTaxExpense": "289098000", "interestAndDebtExpense": "None", "netIncomeFromContinuingOperations": "None", "comprehensiveIncomeNetOfTax": "None", "ebit": "775263000", "ebitda": "1079410000", "netIncome": "125232000"}, {"fiscalDateEnding": "2007-12-31", "reportedCurrency": "USD", "grossProfit": "998684000", "totalRevenue": "1482289000", "costOfRevenue": "483605000", "costofGoodsAndServicesSold": "483605000", "operatingIncome": "353468000", "sellingGeneralAndAdministrative": "69882000", "researchAndDevelopment": "None", "operatingExpenses": "359329000", "investmentIncomeNet": "None", "netInterestIncome": "None", "interestIncome": "None", "interestExpense": "285887000", "nonInterestIncome": "None", "otherNonOperatingIncome": "None", "depreciation": "None", "depreciationAndAmortization": "288978000", "incomeBeforeTax": "1163134000", "incomeTaxExpense": "-685335000", "interestAndDebtExpense": "None", "netIncomeFromContinuingOperations": "None", "comprehensiveIncomeNetOfTax": "None", "ebit": "642772000", "ebitda": "931750000", "netIncome": "1324690000"}, {"fiscalDateEnding": "2006-12-31", "reportedCurrency": "USD", "grossProfit": "980234000", "totalRevenue": "1477586000", "costOfRevenue": "497352000", "costofGoodsAndServicesSold": "497352000", "operatingIncome": "313697000", "sellingGeneralAndAdministrative": "59375000", "researchAndDevelopment": "None", "operatingExpenses": "368277000", "investmentIncomeNet": "None", "netInterestIncome": "None", "interestIncome": "None", "interestExpense": "0", "nonInterestIncome": "None", "otherNonOperatingIncome": "None", "depreciation": "None", "depreciationAndAmortization": "276759000", "incomeBeforeTax": "946611000", "incomeTaxExpense": "-261678000", "interestAndDebtExpense": "None", "netIncomeFromContinuingOperations": "None", "comprehensiveIncomeNetOfTax": "None", "ebit": "47224000", "ebitda": "323983000", "netIncome": "873635000"}, {"fiscalDateEnding": "2005-12-31", "reportedCurrency": "USD", "grossProfit": "947611000", "totalRevenue": "1437635000", "costOfRevenue": "490024000", "costofGoodsAndServicesSold": "490024000", "operatingIncome": "304324000", "sellingGeneralAndAdministrative": "55471000", "researchAndDevelopment": "None", "operatingExpenses": "335196000", "investmentIncomeNet": "None", "netInterestIncome": "None", "interestIncome": "None", "interestExpense": "0", "nonInterestIncome": "None", "otherNonOperatingIncome": "None", "depreciation": "None", "depreciationAndAmortization": "267641000", "incomeBeforeTax": "461037000", "incomeTaxExpense": "174123000", "interestAndDebtExpense": "None", "netIncomeFromContinuingOperations": "None", "comprehensiveIncomeNetOfTax": "None", "ebit": "596391000", "ebitda": "864032000", "netIncome": "438292000"}], "quarterlyReports": [{"fiscalDateEnding": "2024-12-31", "reportedCurrency": "USD", "grossProfit": "525612000", "totalRevenue": "858571000", "costOfRevenue": "332959000", "costofGoodsAndServicesSold": "332959000", "operatingIncome": "262667000", "sellingGeneralAndAdministrative": "36902000", "researchAndDevelopment": "None", "operatingExpenses": "262945000", "investmentIncomeNet": "None", "netInterestIncome": "-149938000", "interestIncome": "20452000", "interestExpense": "170390000", "nonInterestIncome": "None", "otherNonOperatingIncome": "None", "depreciation": "None", "depreciationAndAmortization": "230577000", "incomeBeforeTax": "-237817000", "incomeTaxExpense": "None", "interestAndDebtExpense": "None", "netIncomeFromContinuingOperations": "-237817000", "comprehensiveIncomeNetOfTax": "None", "ebit": "-67427000", "ebitda": "163150000", "netIncome": "-228854000"}, {"fiscalDateEnding": "2024-09-30", "reportedCurrency": "USD", "grossProfit": "294958000", "totalRevenue": "859227000", "costOfRevenue": "564269000", "costofGoodsAndServicesSold": "564269000", "operatingIncome": "261512000", "sellingGeneralAndAdministrative": "33352000", "researchAndDevelopment": "None", "operatingExpenses": "33352000", "investmentIncomeNet": "None", "netInterestIncome": "-148764000", "interestIncome": "14430000", "interestExpense": "163194000", "nonInterestIncome": "None", "otherNonOperatingIncome": "None", "depreciation": "None", "depreciationAndAmortization": "221276000", "incomeBeforeTax": "108452000", "incomeTaxExpense": "24824000", "interestAndDebtExpense": "None", "netIncomeFromContinuingOperations": "108452000", "comprehensiveIncomeNetOfTax": "None", "ebit": "263126000", "ebitda": "484402000", "netIncome": "83628000"}, {"fiscalDateEnding": "2024-06-30", "reportedCurrency": "USD", "grossProfit": "295527000", "totalRevenue": "850482000", "costOfRevenue": "554955000", "costofGoodsAndServicesSold": "554955000", "operatingIncome": "251287000", "sellingGeneralAndAdministrative": "48257000", "researchAndDevelopment": "None", "operatingExpenses": "267799000", "investmentIncomeNet": "None", "netInterestIncome": "-138854000", "interestIncome": "10788000", "interestExpense": "149642000", "nonInterestIncome": "None", "otherNonOperatingIncome": "None", "depreciation": "None", "depreciationAndAmortization": "219542000", "incomeBeforeTax": "106949000", "incomeTaxExpense": "27334000", "interestAndDebtExpense": "None", "netIncomeFromContinuingOperations": "106949000", "comprehensiveIncomeNetOfTax": "None", "ebit": "490061000", "ebitda": "709603000", "netIncome": "79615000"}, {"fiscalDateEnding": "2024-03-31", "reportedCurrency": "USD", "grossProfit": "296258000", "totalRevenue": "839439000", "costOfRevenue": "543181000", "costofGoodsAndServicesSold": "543181000", "operatingIncome": "246123000", "sellingGeneralAndAdministrative": "50018000", "researchAndDevelopment": "None", "operatingExpenses": "50135000", "investmentIncomeNet": "None", "netInterestIncome": "-147362000", "interestIncome": "14529000", "interestExpense": "161891000", "nonInterestIncome": "None", "otherNonOperatingIncome": "None", "depreciation": "None", "depreciationAndAmortization": "218716000", "incomeBeforeTax": "106604000", "incomeTaxExpense": "42368000", "interestAndDebtExpense": "None", "netIncomeFromContinuingOperations": "106604000", "comprehensiveIncomeNetOfTax": "None", "ebit": "269936000", "ebitda": "488652000", "netIncome": "79883000"}, {"fiscalDateEnding": "2023-12-31", "reportedCurrency": "USD", "grossProfit": "303061001", "totalRevenue": "828933000", "costOfRevenue": "525871999", "costofGoodsAndServicesSold": "525871999", "operatingIncome": "261853999", "sellingGeneralAndAdministrative": "42792000", "researchAndDevelopment": "None", "operatingExpenses": "41207000", "investmentIncomeNet": "None", "netInterestIncome": "-134115000", "interestIncome": "20965000", "interestExpense": "155080000", "nonInterestIncome": "None", "otherNonOperatingIncome": "None", "depreciation": "None", "depreciationAndAmortization": "212067000", "incomeBeforeTax": "153155000", "incomeTaxExpense": "33230001", "interestAndDebtExpense": "None", "netIncomeFromContinuingOperations": "153155000", "comprehensiveIncomeNetOfTax": "None", "ebit": "261775000", "ebitda": "473842000", "netIncome": "119925000"}, {"fiscalDateEnding": "2023-09-30", "reportedCurrency": "USD", "grossProfit": "511685000", "totalRevenue": "824283000", "costOfRevenue": "312598000", "costofGoodsAndServicesSold": "312598000", "operatingIncome": "45479000", "sellingGeneralAndAdministrative": "31930000", "researchAndDevelopment": "None", "operatingExpenses": "239365000", "investmentIncomeNet": "None", "netInterestIncome": "-127097000", "interestIncome": "375629000", "interestExpense": "147812000", "nonInterestIncome": "None", "otherNonOperatingIncome": "None", "depreciation": "None", "depreciationAndAmortization": "207435000", "incomeBeforeTax": "-103543000", "incomeTaxExpense": "-91461000", "interestAndDebtExpense": "None", "netIncomeFromContinuingOperations": "-103543000", "comprehensiveIncomeNetOfTax": "None", "ebit": "30246000", "ebitda": "237681000", "netIncome": "-111826000"}, {"fiscalDateEnding": "2023-06-30", "reportedCurrency": "USD", "grossProfit": "515344000", "totalRevenue": "817153000", "costOfRevenue": "301809000", "costofGoodsAndServicesSold": "301809000", "operatingIncome": "277270000", "sellingGeneralAndAdministrative": "46172000", "researchAndDevelopment": "None", "operatingExpenses": "248749000", "investmentIncomeNet": "None", "netInterestIncome": "-125130000", "interestIncome": "17343000", "interestExpense": "142473000", "nonInterestIncome": "None", "otherNonOperatingIncome": "12246000", "depreciation": "None", "depreciationAndAmortization": "202577000", "incomeBeforeTax": "136184000", "incomeTaxExpense": "167690000", "interestAndDebtExpense": "None", "netIncomeFromContinuingOperations": "136184000", "comprehensiveIncomeNetOfTax": "None", "ebit": "266411000", "ebitda": "468988000", "netIncome": "104299000"}, {"fiscalDateEnding": "2023-03-31", "reportedCurrency": "USD", "grossProfit": "505221000", "totalRevenue": "803200000", "costOfRevenue": "297979000", "costofGoodsAndServicesSold": "297979000", "operatingIncome": "436371000", "sellingGeneralAndAdministrative": "61037000", "researchAndDevelopment": "None", "operatingExpenses": "505221000", "investmentIncomeNet": "None", "netInterestIncome": "-123266000", "interestIncome": "10941000", "interestExpense": "134207000", "nonInterestIncome": "None", "otherNonOperatingIncome": "5037000", "depreciation": "None", "depreciationAndAmortization": "209386000", "incomeBeforeTax": "105628000", "incomeTaxExpense": "26725000", "interestAndDebtExpense": "None", "netIncomeFromContinuingOperations": "105628000", "comprehensiveIncomeNetOfTax": "None", "ebit": "239835000", "ebitda": "449221000", "netIncome": "77890000"}, {"fiscalDateEnding": "2022-12-31", "reportedCurrency": "USD", "grossProfit": "497532000", "totalRevenue": "789824000", "costOfRevenue": "292292000", "costofGoodsAndServicesSold": "292292000", "operatingIncome": "208675000", "sellingGeneralAndAdministrative": "37865000", "researchAndDevelopment": "None", "operatingExpenses": "236195000", "investmentIncomeNet": "None", "netInterestIncome": "-114134000", "interestIncome": "5789000", "interestExpense": "119923000", "nonInterestIncome": "None", "otherNonOperatingIncome": "None", "depreciation": "None", "depreciationAndAmortization": "198330000", "incomeBeforeTax": "155723000", "incomeTaxExpense": "119923000", "interestAndDebtExpense": "None", "netIncomeFromContinuingOperations": "155723000", "comprehensiveIncomeNetOfTax": "None", "ebit": "260428000", "ebitda": "458758000", "netIncome": "35800000"}, {"fiscalDateEnding": "2022-09-30", "reportedCurrency": "USD", "grossProfit": "496373000", "totalRevenue": "790523000", "costOfRevenue": "294150000", "costofGoodsAndServicesSold": "294150000", "operatingIncome": "273383000", "sellingGeneralAndAdministrative": "32519000", "researchAndDevelopment": "None", "operatingExpenses": "223194000", "investmentIncomeNet": "None", "netInterestIncome": "-108118000", "interestIncome": "3728000", "interestExpense": "111846000", "nonInterestIncome": "None", "otherNonOperatingIncome": "260978000", "depreciation": "None", "depreciationAndAmortization": "190675000", "incomeBeforeTax": "420661000", "incomeTaxExpense": "111846000", "interestAndDebtExpense": "None", "netIncomeFromContinuingOperations": "420661000", "comprehensiveIncomeNetOfTax": "None", "ebit": "273383000", "ebitda": "464058000", "netIncome": "360977000"}, {"fiscalDateEnding": "2022-06-30", "reportedCurrency": "USD", "grossProfit": "490396000", "totalRevenue": "773927000", "costOfRevenue": "283531000", "costofGoodsAndServicesSold": "283531000", "operatingIncome": "280350000", "sellingGeneralAndAdministrative": "34665000", "researchAndDevelopment": "None", "operatingExpenses": "217811000", "investmentIncomeNet": "None", "netInterestIncome": "-102947000", "interestIncome": "1195000", "interestExpense": "104142000", "nonInterestIncome": "None", "otherNonOperatingIncome": "92672000", "depreciation": "None", "depreciationAndAmortization": "183146000", "incomeBeforeTax": "267243000", "incomeTaxExpense": "104142000", "interestAndDebtExpense": "None", "netIncomeFromContinuingOperations": "267243000", "comprehensiveIncomeNetOfTax": "None", "ebit": "391140000", "ebitda": "574286000", "netIncome": "163101000"}, {"fiscalDateEnding": "2022-03-31", "reportedCurrency": "USD", "grossProfit": "475147000", "totalRevenue": "754307000", "costOfRevenue": "279160000", "costofGoodsAndServicesSold": "279160000", "operatingIncome": "257746000", "sellingGeneralAndAdministrative": "43194000", "researchAndDevelopment": "None", "operatingExpenses": "220818000", "investmentIncomeNet": "None", "netInterestIncome": "-100000000", "interestIncome": "1228000", "interestExpense": "101228000", "nonInterestIncome": "None", "otherNonOperatingIncome": "2189000", "depreciation": "None", "depreciationAndAmortization": "177624000", "incomeBeforeTax": "176957000", "incomeTaxExpense": "101228000", "interestAndDebtExpense": "None", "netIncomeFromContinuingOperations": "1087447000", "comprehensiveIncomeNetOfTax": "None", "ebit": "254329000", "ebitda": "431953000", "netIncome": "75729000"}, {"fiscalDateEnding": "2021-12-31", "reportedCurrency": "USD", "grossProfit": "466239000", "totalRevenue": "731063000", "costOfRevenue": "264824000", "costofGoodsAndServicesSold": "264824000", "operatingIncome": "153022000", "sellingGeneralAndAdministrative": "33929000", "researchAndDevelopment": "None", "operatingExpenses": "211450000", "investmentIncomeNet": "None", "netInterestIncome": "-101767000", "interestIncome": "1564000", "interestExpense": "103331000", "nonInterestIncome": "None", "otherNonOperatingIncome": "-15915000", "depreciation": "None", "depreciationAndAmortization": "177521000", "incomeBeforeTax": "223285000", "incomeTaxExpense": "103331000", "interestAndDebtExpense": "None", "netIncomeFromContinuingOperations": "223285000", "comprehensiveIncomeNetOfTax": "None", "ebit": "252723000", "ebitda": "430244000", "netIncome": "184537000"}, {"fiscalDateEnding": "2021-09-30", "reportedCurrency": "USD", "grossProfit": "464823000", "totalRevenue": "730056000", "costOfRevenue": "265233000", "costofGoodsAndServicesSold": "265233000", "operatingIncome": "250851000", "sellingGeneralAndAdministrative": "34560000", "researchAndDevelopment": "None", "operatingExpenses": "213972000", "investmentIncomeNet": "None", "netInterestIncome": "-104274000", "interestIncome": "110061000", "interestExpense": "105794000", "nonInterestIncome": "None", "otherNonOperatingIncome": "-3919000", "depreciation": "None", "depreciationAndAmortization": "179412000", "incomeBeforeTax": "139250000", "incomeTaxExpense": "131150000", "interestAndDebtExpense": "None", "netIncomeFromContinuingOperations": "139250000", "comprehensiveIncomeNetOfTax": "None", "ebit": "244472000", "ebitda": "423884000", "netIncome": "108297000"}, {"fiscalDateEnding": "2021-06-30", "reportedCurrency": "USD", "grossProfit": "460453000", "totalRevenue": "713807000", "costOfRevenue": "253354000", "costofGoodsAndServicesSold": "253354000", "operatingIncome": "238210000", "sellingGeneralAndAdministrative": "38405000", "researchAndDevelopment": "None", "operatingExpenses": "222243000", "investmentIncomeNet": "None", "netInterestIncome": "-104867000", "interestIncome": "1452000", "interestExpense": "106319000", "nonInterestIncome": "None", "otherNonOperatingIncome": "10110000", "depreciation": "None", "depreciationAndAmortization": "183838000", "incomeBeforeTax": "141250000", "incomeTaxExpense": "134493000", "interestAndDebtExpense": "None", "netIncomeFromContinuingOperations": "141250000", "comprehensiveIncomeNetOfTax": "None", "ebit": "237459000", "ebitda": "421297000", "netIncome": "111703000"}, {"fiscalDateEnding": "2021-03-31", "reportedCurrency": "USD", "grossProfit": "453210000", "totalRevenue": "713695000", "costOfRevenue": "260485000", "costofGoodsAndServicesSold": "260485000", "operatingIncome": "229226000", "sellingGeneralAndAdministrative": "47419000", "researchAndDevelopment": "None", "operatingExpenses": "223984000", "investmentIncomeNet": "None", "netInterestIncome": "-106734000", "interestIncome": "99850000", "interestExpense": "106734000", "nonInterestIncome": "None", "otherNonOperatingIncome": "7154000", "depreciation": "None", "depreciationAndAmortization": "176565000", "incomeBeforeTax": "128147000", "incomeTaxExpense": "139510000", "interestAndDebtExpense": "None", "netIncomeFromContinuingOperations": "828915000", "comprehensiveIncomeNetOfTax": "None", "ebit": "228895000", "ebitda": "405460000", "netIncome": "100596000"}, {"fiscalDateEnding": "2020-12-31", "reportedCurrency": "USD", "grossProfit": "404708000", "totalRevenue": "665089000", "costOfRevenue": "260381000", "costofGoodsAndServicesSold": "260381000", "operatingIncome": "205642000", "sellingGeneralAndAdministrative": "31053000", "researchAndDevelopment": "None", "operatingExpenses": "199066000", "investmentIncomeNet": "None", "netInterestIncome": "-110315000", "interestIncome": "1676000", "interestExpense": "111991000", "nonInterestIncome": "None", "otherNonOperatingIncome": "-68469000", "depreciation": "None", "depreciationAndAmortization": "168013000", "incomeBeforeTax": "24905000", "incomeTaxExpense": "-132036000", "interestAndDebtExpense": "None", "netIncomeFromContinuingOperations": "689566000", "comprehensiveIncomeNetOfTax": "None", "ebit": "205365000", "ebitda": "373378000", "netIncome": "9935000"}, {"fiscalDateEnding": "2020-09-30", "reportedCurrency": "USD", "grossProfit": "428947000", "totalRevenue": "693268000", "costOfRevenue": "264321000", "costofGoodsAndServicesSold": "264321000", "operatingIncome": "234629000", "sellingGeneralAndAdministrative": "27862000", "researchAndDevelopment": "None", "operatingExpenses": "194318000", "investmentIncomeNet": "None", "netInterestIncome": "-111038000", "interestIncome": "116053000", "interestExpense": "111038000", "nonInterestIncome": "None", "otherNonOperatingIncome": "-5269000", "depreciation": "None", "depreciationAndAmortization": "166456000", "incomeBeforeTax": "118060000", "incomeTaxExpense": "129746000", "interestAndDebtExpense": "None", "netIncomeFromContinuingOperations": "765264000", "comprehensiveIncomeNetOfTax": "None", "ebit": "229901000", "ebitda": "396357000", "netIncome": "92479000"}, {"fiscalDateEnding": "2020-06-30", "reportedCurrency": "USD", "grossProfit": "410529000", "totalRevenue": "654773000", "costOfRevenue": "244244000", "costofGoodsAndServicesSold": "244244000", "operatingIncome": "194598000", "sellingGeneralAndAdministrative": "37743000", "researchAndDevelopment": "None", "operatingExpenses": "215931000", "investmentIncomeNet": "None", "netInterestIncome": "-105837000", "interestIncome": "1305000", "interestExpense": "107142000", "nonInterestIncome": "None", "otherNonOperatingIncome": "211456000", "depreciation": "None", "depreciationAndAmortization": "178188000", "incomeBeforeTax": "298580000", "incomeTaxExpense": "138404000", "interestAndDebtExpense": "None", "netIncomeFromContinuingOperations": "970561000", "comprehensiveIncomeNetOfTax": "None", "ebit": "197735000", "ebitda": "375923000", "netIncome": "269150000"}, {"fiscalDateEnding": "2020-03-31", "reportedCurrency": "USD", "grossProfit": "479532000", "totalRevenue": "752556000", "costOfRevenue": "273024000", "costofGoodsAndServicesSold": "273024000", "operatingIncome": "271984000", "sellingGeneralAndAdministrative": "36454000", "researchAndDevelopment": "None", "operatingExpenses": "207548000", "investmentIncomeNet": "None", "netInterestIncome": "-98574000", "interestIncome": "3017000", "interestExpense": "101591000", "nonInterestIncome": "None", "otherNonOperatingIncome": "407368000", "depreciation": "None", "depreciationAndAmortization": "171094000", "incomeBeforeTax": "577146000", "incomeTaxExpense": "178247000", "interestAndDebtExpense": "None", "netIncomeFromContinuingOperations": "1245765000", "comprehensiveIncomeNetOfTax": "None", "ebit": "274632000", "ebitda": "445726000", "netIncome": "500121000"}, {"fiscalDateEnding": "2019-12-31", "reportedCurrency": "USD", "grossProfit": "478105000", "totalRevenue": "757501000", "costOfRevenue": "279396000", "costofGoodsAndServicesSold": "279396000", "operatingIncome": "275411000", "sellingGeneralAndAdministrative": "32797000", "researchAndDevelopment": "None", "operatingExpenses": "202694000", "investmentIncomeNet": "None", "netInterestIncome": "-98487000", "interestIncome": "4393000", "interestExpense": "102880000", "nonInterestIncome": "None", "otherNonOperatingIncome": "4047000", "depreciation": "None", "depreciationAndAmortization": "169897000", "incomeBeforeTax": "176009000", "incomeTaxExpense": "-97921000", "interestAndDebtExpense": "None", "netIncomeFromContinuingOperations": "2080852000", "comprehensiveIncomeNetOfTax": "None", "ebit": "274842000", "ebitda": "444739000", "netIncome": "143449000"}, {"fiscalDateEnding": "2019-09-30", "reportedCurrency": "USD", "grossProfit": "466778000", "totalRevenue": "743553000", "costOfRevenue": "276775000", "costofGoodsAndServicesSold": "276775000", "operatingIncome": "269769000", "sellingGeneralAndAdministrative": "31147000", "researchAndDevelopment": "None", "operatingExpenses": "197009000", "investmentIncomeNet": "None", "netInterestIncome": "-99293000", "interestIncome": "7178000", "interestExpense": "106471000", "nonInterestIncome": "None", "otherNonOperatingIncome": "-21390000", "depreciation": "None", "depreciationAndAmortization": "165862000", "incomeBeforeTax": "141370000", "incomeTaxExpense": "136796000", "interestAndDebtExpense": "None", "netIncomeFromContinuingOperations": "438120000", "comprehensiveIncomeNetOfTax": "None", "ebit": "269231000", "ebitda": "435093000", "netIncome": "110396000"}, {"fiscalDateEnding": "2019-06-30", "reportedCurrency": "USD", "grossProfit": "464287000", "totalRevenue": "733741000", "costOfRevenue": "269454000", "costofGoodsAndServicesSold": "269454000", "operatingIncome": "251805000", "sellingGeneralAndAdministrative": "35071000", "researchAndDevelopment": "None", "operatingExpenses": "212482000", "investmentIncomeNet": "None", "netInterestIncome": "-98742000", "interestIncome": "3615000", "interestExpense": "102357000", "nonInterestIncome": "None", "otherNonOperatingIncome": "54430000", "depreciation": "None", "depreciationAndAmortization": "177411000", "incomeBeforeTax": "203461000", "incomeTaxExpense": "186839000", "interestAndDebtExpense": "None", "netIncomeFromContinuingOperations": "496503000", "comprehensiveIncomeNetOfTax": "None", "ebit": "251388000", "ebitda": "428799000", "netIncome": "166943000"}, {"fiscalDateEnding": "2019-03-31", "reportedCurrency": "USD", "grossProfit": "456992000", "totalRevenue": "725767000", "costOfRevenue": "268775000", "costofGoodsAndServicesSold": "268775000", "operatingIncome": "250636000", "sellingGeneralAndAdministrative": "41762000", "researchAndDevelopment": "None", "operatingExpenses": "206356000", "investmentIncomeNet": "None", "netInterestIncome": "-97256000", "interestIncome": "3753000", "interestExpense": "101009000", "nonInterestIncome": "None", "otherNonOperatingIncome": "6030000", "depreciation": "None", "depreciationAndAmortization": "164594000", "incomeBeforeTax": "131159000", "incomeTaxExpense": "131651000", "interestAndDebtExpense": "None", "netIncomeFromContinuingOperations": "142417000", "comprehensiveIncomeNetOfTax": "None", "ebit": "250176000", "ebitda": "414770000", "netIncome": "100730000"}, {"fiscalDateEnding": "2018-12-31", "reportedCurrency": "USD", "grossProfit": "441674000", "totalRevenue": "705157000", "costOfRevenue": "263483000", "costofGoodsAndServicesSold": "263483000", "operatingIncome": "236545000", "sellingGeneralAndAdministrative": "27683000", "researchAndDevelopment": "0", "operatingExpenses": "193122000", "investmentIncomeNet": "None", "netInterestIncome": "None", "interestIncome": "None", "interestExpense": "100378000", "nonInterestIncome": "None", "otherNonOperatingIncome": "49074000", "depreciation": "None", "depreciationAndAmortization": "165439000", "incomeBeforeTax": "185241000", "incomeTaxExpense": "19062000", "interestAndDebtExpense": "None", "netIncomeFromContinuingOperations": "185241000", "comprehensiveIncomeNetOfTax": "None", "ebit": "247098000", "ebitda": "412537000", "netIncome": "151154000"}, {"fiscalDateEnding": "2018-09-30", "reportedCurrency": "USD", "grossProfit": "426951000", "totalRevenue": "686284000", "costOfRevenue": "259333000", "costofGoodsAndServicesSold": "259333000", "operatingIncome": "238364000", "sellingGeneralAndAdministrative": "29677000", "researchAndDevelopment": "0", "operatingExpenses": "187673000", "investmentIncomeNet": "None", "netInterestIncome": "None", "interestIncome": "None", "interestExpense": "95366000", "nonInterestIncome": "None", "otherNonOperatingIncome": "7447000", "depreciation": "None", "depreciationAndAmortization": "157996000", "incomeBeforeTax": "150445000", "incomeTaxExpense": "119755000", "interestAndDebtExpense": "None", "netIncomeFromContinuingOperations": "150445000", "comprehensiveIncomeNetOfTax": "None", "ebit": "238364000", "ebitda": "396360000", "netIncome": "121743000"}, {"fiscalDateEnding": "2018-06-30", "reportedCurrency": "USD", "grossProfit": "415983000", "totalRevenue": "664484000", "costOfRevenue": "248501000", "costofGoodsAndServicesSold": "248501000", "operatingIncome": "230624000", "sellingGeneralAndAdministrative": "28468000", "researchAndDevelopment": "0", "operatingExpenses": "184885000", "investmentIncomeNet": "None", "netInterestIncome": "None", "interestIncome": "None", "interestExpense": "92204000", "nonInterestIncome": "None", "otherNonOperatingIncome": "22145000", "depreciation": "None", "depreciationAndAmortization": "156417000", "incomeBeforeTax": "142273000", "incomeTaxExpense": "103940000", "interestAndDebtExpense": "None", "netIncomeFromContinuingOperations": "160565000", "comprehensiveIncomeNetOfTax": "None", "ebit": "230624000", "ebitda": "387041000", "netIncome": "131306000"}, {"fiscalDateEnding": "2018-03-31", "reportedCurrency": "USD", "grossProfit": "409864000", "totalRevenue": "661151000", "costOfRevenue": "251287000", "costofGoodsAndServicesSold": "251287000", "operatingIncome": "208152000", "sellingGeneralAndAdministrative": "35894000", "researchAndDevelopment": "0", "operatingExpenses": "201691000", "investmentIncomeNet": "None", "netInterestIncome": "None", "interestIncome": "None", "interestExpense": "90220000", "nonInterestIncome": "None", "otherNonOperatingIncome": "98380000", "depreciation": "None", "depreciationAndAmortization": "165797000", "incomeBeforeTax": "119915000", "incomeTaxExpense": "31950000", "interestAndDebtExpense": "None", "netIncomeFromContinuingOperations": "216312000", "comprehensiveIncomeNetOfTax": "None", "ebit": "208152000", "ebitda": "373949000", "netIncome": "178646000"}, {"fiscalDateEnding": "2017-12-31", "reportedCurrency": "USD", "grossProfit": "413217000", "totalRevenue": "655229000", "costOfRevenue": "242012000", "costofGoodsAndServicesSold": "242012000", "operatingIncome": "229466000", "sellingGeneralAndAdministrative": "29396000", "researchAndDevelopment": "0", "operatingExpenses": "183655000", "investmentIncomeNet": "None", "netInterestIncome": "None", "interestIncome": "None", "interestExpense": "91772000", "nonInterestIncome": "None", "otherNonOperatingIncome": "-5491000", "depreciation": "None", "depreciationAndAmortization": "154259000", "incomeBeforeTax": "131331000", "incomeTaxExpense": "-67483000", "interestAndDebtExpense": "None", "netIncomeFromContinuingOperations": "132203000", "comprehensiveIncomeNetOfTax": "None", "ebit": "229466000", "ebitda": "383725000", "netIncome": "106454000"}, {"fiscalDateEnding": "2017-09-30", "reportedCurrency": "USD", "grossProfit": "411924000", "totalRevenue": "657712000", "costOfRevenue": "245788000", "costofGoodsAndServicesSold": "245788000", "operatingIncome": "233729000", "sellingGeneralAndAdministrative": "25792000", "researchAndDevelopment": "0", "operatingExpenses": "177956000", "investmentIncomeNet": "None", "netInterestIncome": "None", "interestIncome": "None", "interestExpense": "92032000", "nonInterestIncome": "None", "otherNonOperatingIncome": "6007000", "depreciation": "None", "depreciationAndAmortization": "152164000", "incomeBeforeTax": "144813000", "incomeTaxExpense": "117726000", "interestAndDebtExpense": "None", "netIncomeFromContinuingOperations": "147704000", "comprehensiveIncomeNetOfTax": "None", "ebit": "233729000", "ebitda": "385893000", "netIncome": "119962000"}, {"fiscalDateEnding": "2017-06-30", "reportedCurrency": "USD", "grossProfit": "418049000", "totalRevenue": "656907000", "costOfRevenue": "238858000", "costofGoodsAndServicesSold": "238858000", "operatingIncome": "238690000", "sellingGeneralAndAdministrative": "27141000", "researchAndDevelopment": "0", "operatingExpenses": "179060000", "investmentIncomeNet": "None", "netInterestIncome": "None", "interestIncome": "None", "interestExpense": "95143000", "nonInterestIncome": "None", "otherNonOperatingIncome": "23463000", "depreciation": "None", "depreciationAndAmortization": "151919000", "incomeBeforeTax": "163243000", "incomeTaxExpense": "125160000", "interestAndDebtExpense": "None", "netIncomeFromContinuingOperations": "167010000", "comprehensiveIncomeNetOfTax": "None", "ebit": "238690000", "ebitda": "390609000", "netIncome": "136334000"}, {"fiscalDateEnding": "2017-03-31", "reportedCurrency": "USD", "grossProfit": "396850000", "totalRevenue": "632228000", "costOfRevenue": "235378000", "costofGoodsAndServicesSold": "235378000", "operatingIncome": "206225000", "sellingGeneralAndAdministrative": "31386000", "researchAndDevelopment": "0", "operatingExpenses": "190591000", "investmentIncomeNet": "None", "netInterestIncome": "None", "interestIncome": "None", "interestExpense": "95534000", "nonInterestIncome": "None", "otherNonOperatingIncome": "4873000", "depreciation": "None", "depreciationAndAmortization": "159205000", "incomeBeforeTax": "115431000", "incomeTaxExpense": "114341000", "interestAndDebtExpense": "None", "netIncomeFromContinuingOperations": "115564000", "comprehensiveIncomeNetOfTax": "None", "ebit": "206225000", "ebitda": "365430000", "netIncome": "99708000"}, {"fiscalDateEnding": "2016-12-31", "reportedCurrency": "USD", "grossProfit": "404227000", "totalRevenue": "636061000", "costOfRevenue": "231834000", "costofGoodsAndServicesSold": "231834000", "operatingIncome": "197826000", "sellingGeneralAndAdministrative": "25293000", "researchAndDevelopment": "0", "operatingExpenses": "205201000", "investmentIncomeNet": "None", "netInterestIncome": "None", "interestIncome": "None", "interestExpense": "97896000", "nonInterestIncome": "None", "otherNonOperatingIncome": "None", "depreciation": "None", "depreciationAndAmortization": "179908000", "incomeBeforeTax": "163018000", "incomeTaxExpense": "38416000", "interestAndDebtExpense": "None", "netIncomeFromContinuingOperations": "504562000", "comprehensiveIncomeNetOfTax": "None", "ebit": "200869000", "ebitda": "380777000", "netIncome": "148234000"}, {"fiscalDateEnding": "2016-09-30", "reportedCurrency": "USD", "grossProfit": "388550000", "totalRevenue": "625228000", "costOfRevenue": "236678000", "costofGoodsAndServicesSold": "236678000", "operatingIncome": "157605000", "sellingGeneralAndAdministrative": "25165000", "researchAndDevelopment": "0", "operatingExpenses": "228913000", "investmentIncomeNet": "None", "netInterestIncome": "None", "interestIncome": "None", "interestExpense": "104641000", "nonInterestIncome": "None", "otherNonOperatingIncome": "18540000", "depreciation": "None", "depreciationAndAmortization": "203748000", "incomeBeforeTax": "58521000", "incomeTaxExpense": "85284000", "interestAndDebtExpense": "None", "netIncomeFromContinuingOperations": "71504000", "comprehensiveIncomeNetOfTax": "None", "ebit": "157605000", "ebitda": "361353000", "netIncome": "79342000"}, {"fiscalDateEnding": "2016-06-30", "reportedCurrency": "USD", "grossProfit": "397630000", "totalRevenue": "623546000", "costOfRevenue": "225916000", "costofGoodsAndServicesSold": "225916000", "operatingIncome": "218124000", "sellingGeneralAndAdministrative": "25418000", "researchAndDevelopment": "0", "operatingExpenses": "178593000", "investmentIncomeNet": "None", "netInterestIncome": "None", "interestIncome": "None", "interestExpense": "105003000", "nonInterestIncome": "None", "otherNonOperatingIncome": "4236000", "depreciation": "None", "depreciationAndAmortization": "153175000", "incomeBeforeTax": "117357000", "incomeTaxExpense": "125408000", "interestAndDebtExpense": "None", "netIncomeFromContinuingOperations": "117357000", "comprehensiveIncomeNetOfTax": "None", "ebit": "220176000", "ebitda": "373351000", "netIncome": "99186000"}, {"fiscalDateEnding": "2016-03-31", "reportedCurrency": "USD", "grossProfit": "439179000", "totalRevenue": "665985000", "costOfRevenue": "226806000", "costofGoodsAndServicesSold": "226806000", "operatingIncome": "250353000", "sellingGeneralAndAdministrative": "29353000", "researchAndDevelopment": "0", "operatingExpenses": "188801000", "investmentIncomeNet": "None", "netInterestIncome": "None", "interestIncome": "None", "interestExpense": "105309000", "nonInterestIncome": "None", "otherNonOperatingIncome": "71178000", "depreciation": "None", "depreciationAndAmortization": "159448000", "incomeBeforeTax": "148599000", "incomeTaxExpense": "71334000", "interestAndDebtExpense": "None", "netIncomeFromContinuingOperations": "216222000", "comprehensiveIncomeNetOfTax": "None", "ebit": "251952000", "ebitda": "411400000", "netIncome": "184365000"}, {"fiscalDateEnding": "2015-12-31", "reportedCurrency": "USD", "grossProfit": "399710000", "totalRevenue": "624240000", "costOfRevenue": "224530000", "costofGoodsAndServicesSold": "224530000", "operatingIncome": "210480000", "sellingGeneralAndAdministrative": "24300000", "researchAndDevelopment": "0", "operatingExpenses": "188760000", "investmentIncomeNet": "None", "netInterestIncome": "None", "interestIncome": "None", "interestExpense": "106178000", "nonInterestIncome": "None", "otherNonOperatingIncome": "None", "depreciation": "None", "depreciationAndAmortization": "164460000", "incomeBeforeTax": "85406000", "incomeTaxExpense": "103961000", "interestAndDebtExpense": "None", "netIncomeFromContinuingOperations": "799918000", "comprehensiveIncomeNetOfTax": "None", "ebit": "212486000", "ebitda": "376946000", "netIncome": "140497000"}, {"fiscalDateEnding": "2015-09-30", "reportedCurrency": "USD", "grossProfit": "401963000", "totalRevenue": "629884000", "costOfRevenue": "227921000", "costofGoodsAndServicesSold": "227921000", "operatingIncome": "227750000", "sellingGeneralAndAdministrative": "20944000", "researchAndDevelopment": "0", "operatingExpenses": "173959000", "investmentIncomeNet": "None", "netInterestIncome": "None", "interestIncome": "None", "interestExpense": "108727000", "nonInterestIncome": "None", "otherNonOperatingIncome": "204248000", "depreciation": "None", "depreciationAndAmortization": "153015000", "incomeBeforeTax": "123792000", "incomeTaxExpense": "48437000", "interestAndDebtExpense": "None", "netIncomeFromContinuingOperations": "323271000", "comprehensiveIncomeNetOfTax": "None", "ebit": "230231000", "ebitda": "383246000", "netIncome": "186729000"}, {"fiscalDateEnding": "2015-06-30", "reportedCurrency": "USD", "grossProfit": "395262000", "totalRevenue": "618221000", "costOfRevenue": "222959000", "costofGoodsAndServicesSold": "222959000", "operatingIncome": "204926000", "sellingGeneralAndAdministrative": "22284000", "researchAndDevelopment": "0", "operatingExpenses": "190128000", "investmentIncomeNet": "None", "netInterestIncome": "None", "interestIncome": "None", "interestExpense": "108534000", "nonInterestIncome": "None", "otherNonOperatingIncome": "4347000", "depreciation": "None", "depreciationAndAmortization": "167844000", "incomeBeforeTax": "100739000", "incomeTaxExpense": "130273000", "interestAndDebtExpense": "None", "netIncomeFromContinuingOperations": "100739000", "comprehensiveIncomeNetOfTax": "None", "ebit": "207828000", "ebitda": "375672000", "netIncome": "82078000"}, {"fiscalDateEnding": "2015-03-31", "reportedCurrency": "USD", "grossProfit": "389550000", "totalRevenue": "618476000", "costOfRevenue": "228926000", "costofGoodsAndServicesSold": "228926000", "operatingIncome": "206209000", "sellingGeneralAndAdministrative": "28791000", "researchAndDevelopment": "0", "operatingExpenses": "183014000", "investmentIncomeNet": "None", "netInterestIncome": "None", "interestIncome": "None", "interestExpense": "108757000", "nonInterestIncome": "None", "otherNonOperatingIncome": "None", "depreciation": "None", "depreciationAndAmortization": "154223000", "incomeBeforeTax": "114086000", "incomeTaxExpense": "63906000", "interestAndDebtExpense": "None", "netIncomeFromContinuingOperations": "0", "comprehensiveIncomeNetOfTax": "None", "ebit": "220851000", "ebitda": "375074000", "netIncome": "173771000"}, {"fiscalDateEnding": "2014-12-31", "reportedCurrency": "USD", "grossProfit": "395091000", "totalRevenue": "613707000", "costOfRevenue": "218616000", "costofGoodsAndServicesSold": "218616000", "operatingIncome": "208849000", "sellingGeneralAndAdministrative": "23172000", "researchAndDevelopment": "0", "operatingExpenses": "185602000", "investmentIncomeNet": "None", "netInterestIncome": "None", "interestIncome": "None", "interestExpense": "117904000", "nonInterestIncome": "None", "otherNonOperatingIncome": "120480000", "depreciation": "None", "depreciationAndAmortization": "162430000", "incomeBeforeTax": "85323000", "incomeTaxExpense": "-6556000", "interestAndDebtExpense": "None", "netIncomeFromContinuingOperations": "85323000", "comprehensiveIncomeNetOfTax": "None", "ebit": "211359000", "ebitda": "373789000", "netIncome": "177156000"}, {"fiscalDateEnding": "2014-09-30", "reportedCurrency": "USD", "grossProfit": "396039000", "totalRevenue": "618803000", "costOfRevenue": "222764000", "costofGoodsAndServicesSold": "222764000", "operatingIncome": "214803000", "sellingGeneralAndAdministrative": "22589000", "researchAndDevelopment": "0", "operatingExpenses": "179834000", "investmentIncomeNet": "None", "netInterestIncome": "None", "interestIncome": "None", "interestExpense": "113308000", "nonInterestIncome": "None", "otherNonOperatingIncome": "49480000", "depreciation": "None", "depreciationAndAmortization": "157245000", "incomeBeforeTax": "109038000", "incomeTaxExpense": "96394000", "interestAndDebtExpense": "None", "netIncomeFromContinuingOperations": "109038000", "comprehensiveIncomeNetOfTax": "None", "ebit": "219003000", "ebitda": "376248000", "netIncome": "130371000"}, {"fiscalDateEnding": "2014-06-30", "reportedCurrency": "USD", "grossProfit": "379833000", "totalRevenue": "589794000", "costOfRevenue": "209961000", "costofGoodsAndServicesSold": "209961000", "operatingIncome": "201273000", "sellingGeneralAndAdministrative": "23271000", "researchAndDevelopment": "0", "operatingExpenses": "177899000", "investmentIncomeNet": "None", "netInterestIncome": "None", "interestIncome": "None", "interestExpense": "110977000", "nonInterestIncome": "None", "otherNonOperatingIncome": "5605000", "depreciation": "None", "depreciationAndAmortization": "154628000", "incomeBeforeTax": "95901000", "incomeTaxExpense": "130567000", "interestAndDebtExpense": "None", "netIncomeFromContinuingOperations": "95901000", "comprehensiveIncomeNetOfTax": "None", "ebit": "203851000", "ebitda": "358479000", "netIncome": "79145000"}, {"fiscalDateEnding": "2014-03-31", "reportedCurrency": "USD", "grossProfit": "361509000", "totalRevenue": "574694000", "costOfRevenue": "213185000", "costofGoodsAndServicesSold": "213185000", "operatingIncome": "176897000", "sellingGeneralAndAdministrative": "29905000", "researchAndDevelopment": "0", "operatingExpenses": "184175000", "investmentIncomeNet": "None", "netInterestIncome": "None", "interestIncome": "None", "interestExpense": "113554000", "nonInterestIncome": "None", "otherNonOperatingIncome": "4413000", "depreciation": "None", "depreciationAndAmortization": "154270000", "incomeBeforeTax": "67756000", "incomeTaxExpense": "127503000", "interestAndDebtExpense": "None", "netIncomeFromContinuingOperations": "67756000", "comprehensiveIncomeNetOfTax": "None", "ebit": "179522000", "ebitda": "333792000", "netIncome": "56623000"}, {"fiscalDateEnding": "2013-12-31", "reportedCurrency": "USD", "grossProfit": "370123000", "totalRevenue": "576199000", "costOfRevenue": "206076000", "costofGoodsAndServicesSold": "206076000", "operatingIncome": "194992000", "sellingGeneralAndAdministrative": "20656000", "researchAndDevelopment": "0", "operatingExpenses": "175131000", "investmentIncomeNet": "None", "netInterestIncome": "None", "interestIncome": "None", "interestExpense": "121134000", "nonInterestIncome": "None", "otherNonOperatingIncome": "None", "depreciation": "None", "depreciationAndAmortization": "154475000", "incomeBeforeTax": "79395000", "incomeTaxExpense": "28632000", "interestAndDebtExpense": "None", "netIncomeFromContinuingOperations": "0", "comprehensiveIncomeNetOfTax": "None", "ebit": "199630000", "ebitda": "354105000", "netIncome": "91365000"}, {"fiscalDateEnding": "2013-09-30", "reportedCurrency": "USD", "grossProfit": "367152000", "totalRevenue": "574082000", "costOfRevenue": "206930000", "costofGoodsAndServicesSold": "206930000", "operatingIncome": "187352000", "sellingGeneralAndAdministrative": "24841000", "researchAndDevelopment": "0", "operatingExpenses": "179034000", "investmentIncomeNet": "None", "netInterestIncome": "None", "interestIncome": "None", "interestExpense": "122173000", "nonInterestIncome": "None", "otherNonOperatingIncome": "19541000", "depreciation": "None", "depreciationAndAmortization": "154193000", "incomeBeforeTax": "82910000", "incomeTaxExpense": "64495000", "interestAndDebtExpense": "None", "netIncomeFromContinuingOperations": "82910000", "comprehensiveIncomeNetOfTax": "None", "ebit": "204484000", "ebitda": "358677000", "netIncome": "155324000"}, {"fiscalDateEnding": "2013-06-30", "reportedCurrency": "USD", "grossProfit": "328148000", "totalRevenue": "515320000", "costOfRevenue": "187172000", "costofGoodsAndServicesSold": "187172000", "operatingIncome": "170815000", "sellingGeneralAndAdministrative": "22194000", "researchAndDevelopment": "0", "operatingExpenses": "156798000", "investmentIncomeNet": "None", "netInterestIncome": "None", "interestIncome": "None", "interestExpense": "103140000", "nonInterestIncome": "None", "otherNonOperatingIncome": "None", "depreciation": "None", "depreciationAndAmortization": "134604000", "incomeBeforeTax": "505888000", "incomeTaxExpense": "202776000", "interestAndDebtExpense": "None", "netIncomeFromContinuingOperations": "0", "comprehensiveIncomeNetOfTax": "None", "ebit": "221429000", "ebitda": "356033000", "netIncome": "455035000"}, {"fiscalDateEnding": "2013-03-31", "reportedCurrency": "USD", "grossProfit": "303350000", "totalRevenue": "483014000", "costOfRevenue": "179664000", "costofGoodsAndServicesSold": "179664000", "operatingIncome": "130435000", "sellingGeneralAndAdministrative": "43571000", "researchAndDevelopment": "0", "operatingExpenses": "164166000", "investmentIncomeNet": "None", "netInterestIncome": "None", "interestIncome": "None", "interestExpense": "100433000", "nonInterestIncome": "None", "otherNonOperatingIncome": "None", "depreciation": "None", "depreciationAndAmortization": "120595000", "incomeBeforeTax": "40929000", "incomeTaxExpense": "102083000", "interestAndDebtExpense": "None", "netIncomeFromContinuingOperations": "0", "comprehensiveIncomeNetOfTax": "None", "ebit": "139525000", "ebitda": "260120000", "netIncome": "48000000"}, {"fiscalDateEnding": "2012-12-31", "reportedCurrency": "USD", "grossProfit": "307753000", "totalRevenue": "485405000", "costOfRevenue": "177652000", "costofGoodsAndServicesSold": "177652000", "operatingIncome": "170862000", "sellingGeneralAndAdministrative": "15940000", "researchAndDevelopment": "0", "operatingExpenses": "136490000", "investmentIncomeNet": "None", "netInterestIncome": "None", "interestIncome": "None", "interestExpense": "103452000", "nonInterestIncome": "None", "otherNonOperatingIncome": "None", "depreciation": "None", "depreciationAndAmortization": "120550000", "incomeBeforeTax": "76608000", "incomeTaxExpense": "87641000", "interestAndDebtExpense": "None", "netIncomeFromContinuingOperations": "0", "comprehensiveIncomeNetOfTax": "None", "ebit": "169739000", "ebitda": "290289000", "netIncome": "65400000"}, {"fiscalDateEnding": "2012-09-30", "reportedCurrency": "USD", "grossProfit": "295079000", "totalRevenue": "470904000", "costOfRevenue": "175825000", "costofGoodsAndServicesSold": "175825000", "operatingIncome": "162822000", "sellingGeneralAndAdministrative": "19757000", "researchAndDevelopment": "0", "operatingExpenses": "132257000", "investmentIncomeNet": "None", "netInterestIncome": "None", "interestIncome": "None", "interestExpense": "105030000", "nonInterestIncome": "None", "otherNonOperatingIncome": "None", "depreciation": "None", "depreciationAndAmortization": "111360000", "incomeBeforeTax": "57769000", "incomeTaxExpense": "114270000", "interestAndDebtExpense": "None", "netIncomeFromContinuingOperations": "0", "comprehensiveIncomeNetOfTax": "None", "ebit": "169196000", "ebitda": "280556000", "netIncome": "57769000"}, {"fiscalDateEnding": "2012-06-30", "reportedCurrency": "USD", "grossProfit": "304428000", "totalRevenue": "472897000", "costOfRevenue": "168469000", "costofGoodsAndServicesSold": "168469000", "operatingIncome": "173711000", "sellingGeneralAndAdministrative": "19066000", "researchAndDevelopment": "0", "operatingExpenses": "130717000", "investmentIncomeNet": "None", "netInterestIncome": "None", "interestIncome": "None", "interestExpense": "99901000", "nonInterestIncome": "None", "otherNonOperatingIncome": "23661000", "depreciation": "None", "depreciationAndAmortization": "111643000", "incomeBeforeTax": "97471000", "incomeTaxExpense": "75832000", "interestAndDebtExpense": "None", "netIncomeFromContinuingOperations": "97079000", "comprehensiveIncomeNetOfTax": "None", "ebit": "173623000", "ebitda": "285266000", "netIncome": "119070000"}, {"fiscalDateEnding": "2012-03-31", "reportedCurrency": "USD", "grossProfit": "284057000", "totalRevenue": "447662000", "costOfRevenue": "163605000", "costofGoodsAndServicesSold": "163605000", "operatingIncome": "144661000", "sellingGeneralAndAdministrative": "27619000", "researchAndDevelopment": "0", "operatingExpenses": "139396000", "investmentIncomeNet": "None", "netInterestIncome": "None", "interestIncome": "None", "interestExpense": "103237000", "nonInterestIncome": "None", "otherNonOperatingIncome": "None", "depreciation": "None", "depreciationAndAmortization": "109673000", "incomeBeforeTax": "56359000", "incomeTaxExpense": "91750000", "interestAndDebtExpense": "None", "netIncomeFromContinuingOperations": "0", "comprehensiveIncomeNetOfTax": "None", "ebit": "143860000", "ebitda": "253533000", "netIncome": "64632000"}, {"fiscalDateEnding": "2011-12-31", "reportedCurrency": "USD", "grossProfit": "290565000", "totalRevenue": "452787000", "costOfRevenue": "162222000", "costofGoodsAndServicesSold": "162222000", "operatingIncome": "161975000", "sellingGeneralAndAdministrative": "81442000", "researchAndDevelopment": "0", "operatingExpenses": "128571000", "investmentIncomeNet": "None", "netInterestIncome": "None", "interestIncome": "None", "interestExpense": "103967000", "nonInterestIncome": "None", "otherNonOperatingIncome": "None", "depreciation": "None", "depreciationAndAmortization": "109181000", "incomeBeforeTax": "195894000", "incomeTaxExpense": "53637000", "interestAndDebtExpense": "None", "netIncomeFromContinuingOperations": "0", "comprehensiveIncomeNetOfTax": "None", "ebit": "251156000", "ebitda": "360337000", "netIncome": "101320000"}, {"fiscalDateEnding": "2011-09-30", "reportedCurrency": "USD", "grossProfit": "291396000", "totalRevenue": "452413000", "costOfRevenue": "161017000", "costofGoodsAndServicesSold": "161017000", "operatingIncome": "164510000", "sellingGeneralAndAdministrative": "17340000", "researchAndDevelopment": "0", "operatingExpenses": "126835000", "investmentIncomeNet": "None", "netInterestIncome": "None", "interestIncome": "None", "interestExpense": "95777000", "nonInterestIncome": "None", "otherNonOperatingIncome": "11718000", "depreciation": "None", "depreciationAndAmortization": "109495000", "incomeBeforeTax": "70542000", "incomeTaxExpense": "105345000", "interestAndDebtExpense": "None", "netIncomeFromContinuingOperations": "80451000", "comprehensiveIncomeNetOfTax": "None", "ebit": "164304000", "ebitda": "273799000", "netIncome": "70542000"}, {"fiscalDateEnding": "2011-06-30", "reportedCurrency": "USD", "grossProfit": "285295000", "totalRevenue": "436451000", "costOfRevenue": "151156000", "costofGoodsAndServicesSold": "151156000", "operatingIncome": "154133000", "sellingGeneralAndAdministrative": "20069000", "researchAndDevelopment": "0", "operatingExpenses": "131149000", "investmentIncomeNet": "None", "netInterestIncome": "None", "interestIncome": "None", "interestExpense": "95236000", "nonInterestIncome": "None", "otherNonOperatingIncome": "10841000", "depreciation": "None", "depreciationAndAmortization": "111080000", "incomeBeforeTax": "69738000", "incomeTaxExpense": "102814000", "interestAndDebtExpense": "None", "netIncomeFromContinuingOperations": "69738000", "comprehensiveIncomeNetOfTax": "None", "ebit": "154153000", "ebitda": "265233000", "netIncome": "60214000"}, {"fiscalDateEnding": "2011-03-31", "reportedCurrency": "USD", "grossProfit": "272165000", "totalRevenue": "417875000", "costOfRevenue": "145710000", "costofGoodsAndServicesSold": "145710000", "operatingIncome": "138022000", "sellingGeneralAndAdministrative": "24643000", "researchAndDevelopment": "0", "operatingExpenses": "134071000", "investmentIncomeNet": "None", "netInterestIncome": "None", "interestIncome": "None", "interestExpense": "99151000", "nonInterestIncome": "None", "otherNonOperatingIncome": "9323000", "depreciation": "None", "depreciationAndAmortization": "109428000", "incomeBeforeTax": "48194000", "incomeTaxExpense": "105257000", "interestAndDebtExpense": "None", "netIncomeFromContinuingOperations": "48194000", "comprehensiveIncomeNetOfTax": "None", "ebit": "137793000", "ebitda": "247221000", "netIncome": "40813000"}, {"fiscalDateEnding": "2010-12-31", "reportedCurrency": "USD", "grossProfit": "253855000", "totalRevenue": "386841000", "costOfRevenue": "132986000", "costofGoodsAndServicesSold": "132986000", "operatingIncome": "437105000", "sellingGeneralAndAdministrative": "79658000", "researchAndDevelopment": "0", "operatingExpenses": "101916000", "investmentIncomeNet": "None", "netInterestIncome": "None", "interestIncome": "None", "interestExpense": "92192000", "nonInterestIncome": "None", "otherNonOperatingIncome": "None", "depreciation": "None", "depreciationAndAmortization": "92763000", "incomeBeforeTax": "190327000", "incomeTaxExpense": "171794000", "interestAndDebtExpense": "None", "netIncomeFromContinuingOperations": "0", "comprehensiveIncomeNetOfTax": "None", "ebit": "151939000", "ebitda": "244702000", "netIncome": "-12714000"}, {"fiscalDateEnding": "2010-09-30", "reportedCurrency": "USD", "grossProfit": "253989000", "totalRevenue": "388224000", "costOfRevenue": "134235000", "costofGoodsAndServicesSold": "134235000", "operatingIncome": "56524000", "sellingGeneralAndAdministrative": "18067000", "researchAndDevelopment": "0", "operatingExpenses": "98469000", "investmentIncomeNet": "None", "netInterestIncome": "None", "interestIncome": "None", "interestExpense": "97103000", "nonInterestIncome": "None", "otherNonOperatingIncome": "None", "depreciation": "None", "depreciationAndAmortization": "81133000", "incomeBeforeTax": "57668000", "incomeTaxExpense": "109417000", "interestAndDebtExpense": "None", "netIncomeFromContinuingOperations": "0", "comprehensiveIncomeNetOfTax": "None", "ebit": "152975000", "ebitda": "234108000", "netIncome": "57668000"}, {"fiscalDateEnding": "2010-06-30", "reportedCurrency": "USD", "grossProfit": "266585000", "totalRevenue": "395958000", "costOfRevenue": "129373000", "costofGoodsAndServicesSold": "129373000", "operatingIncome": "70782000", "sellingGeneralAndAdministrative": "17648000", "researchAndDevelopment": "0", "operatingExpenses": "99048000", "investmentIncomeNet": "None", "netInterestIncome": "None", "interestIncome": "None", "interestExpense": "96755000", "nonInterestIncome": "None", "otherNonOperatingIncome": "None", "depreciation": "None", "depreciationAndAmortization": "81400000", "incomeBeforeTax": "61412000", "incomeTaxExpense": "113590000", "interestAndDebtExpense": "None", "netIncomeFromContinuingOperations": "0", "comprehensiveIncomeNetOfTax": "None", "ebit": "168273000", "ebitda": "249673000", "netIncome": "61412000"}, {"fiscalDateEnding": "2010-03-31", "reportedCurrency": "USD", "grossProfit": "249528000", "totalRevenue": "379781000", "costOfRevenue": "130253000", "costofGoodsAndServicesSold": "130253000", "operatingIncome": "47602000", "sellingGeneralAndAdministrative": "26822000", "researchAndDevelopment": "0", "operatingExpenses": "109897000", "investmentIncomeNet": "None", "netInterestIncome": "None", "interestIncome": "None", "interestExpense": "92029000", "nonInterestIncome": "None", "otherNonOperatingIncome": "None", "depreciation": "None", "depreciationAndAmortization": "83075000", "incomeBeforeTax": "52714000", "incomeTaxExpense": "94827000", "interestAndDebtExpense": "None", "netIncomeFromContinuingOperations": "0", "comprehensiveIncomeNetOfTax": "None", "ebit": "152771000", "ebitda": "235846000", "netIncome": "52714000"}, {"fiscalDateEnding": "2009-12-31", "reportedCurrency": "USD", "grossProfit": "246007000", "totalRevenue": "377912000", "costOfRevenue": "131905000", "costofGoodsAndServicesSold": "131905000", "operatingIncome": "86962000", "sellingGeneralAndAdministrative": "75447000", "researchAndDevelopment": "27766000", "operatingExpenses": "70865000", "investmentIncomeNet": "None", "netInterestIncome": "None", "interestIncome": "None", "interestExpense": "88180000", "nonInterestIncome": "None", "otherNonOperatingIncome": "None", "depreciation": "None", "depreciationAndAmortization": "79125000", "incomeBeforeTax": "274499000", "incomeTaxExpense": "177545000", "interestAndDebtExpense": "None", "netIncomeFromContinuingOperations": "0", "comprehensiveIncomeNetOfTax": "None", "ebit": "175142000", "ebitda": "254267000", "netIncome": "53410000"}, {"fiscalDateEnding": "2009-09-30", "reportedCurrency": "USD", "grossProfit": "301624000", "totalRevenue": "377303000", "costOfRevenue": "75679000", "costofGoodsAndServicesSold": "75679000", "operatingIncome": "67605000", "sellingGeneralAndAdministrative": "19989000", "researchAndDevelopment": "0", "operatingExpenses": "155628000", "investmentIncomeNet": "None", "netInterestIncome": "None", "interestIncome": "None", "interestExpense": "77090000", "nonInterestIncome": "None", "otherNonOperatingIncome": "None", "depreciation": "None", "depreciationAndAmortization": "78181000", "incomeBeforeTax": "65795000", "incomeTaxExpense": "86551000", "interestAndDebtExpense": "None", "netIncomeFromContinuingOperations": "0", "comprehensiveIncomeNetOfTax": "None", "ebit": "145996000", "ebitda": "224177000", "netIncome": "65795000"}, {"fiscalDateEnding": "2009-06-30", "reportedCurrency": "USD", "grossProfit": "259401000", "totalRevenue": "389490000", "costOfRevenue": "130089000", "costofGoodsAndServicesSold": "130089000", "operatingIncome": "75931000", "sellingGeneralAndAdministrative": "18532000", "researchAndDevelopment": "0", "operatingExpenses": "104837000", "investmentIncomeNet": "None", "netInterestIncome": "None", "interestIncome": "None", "interestExpense": "78633000", "nonInterestIncome": "None", "otherNonOperatingIncome": "None", "depreciation": "None", "depreciationAndAmortization": "87005000", "incomeBeforeTax": "67152000", "incomeTaxExpense": "87061000", "interestAndDebtExpense": "None", "netIncomeFromContinuingOperations": "0", "comprehensiveIncomeNetOfTax": "None", "ebit": "154564000", "ebitda": "241569000", "netIncome": "67152000"}, {"fiscalDateEnding": "2009-03-31", "reportedCurrency": "USD", "grossProfit": "248211000", "totalRevenue": "377544000", "costOfRevenue": "129333000", "costofGoodsAndServicesSold": "129333000", "operatingIncome": "46138000", "sellingGeneralAndAdministrative": "17420000", "researchAndDevelopment": "27766000", "operatingExpenses": "123143000", "investmentIncomeNet": "None", "netInterestIncome": "None", "interestIncome": "None", "interestExpense": "78930000", "nonInterestIncome": "None", "otherNonOperatingIncome": "None", "depreciation": "None", "depreciationAndAmortization": "77370000", "incomeBeforeTax": "54030000", "incomeTaxExpense": "85567000", "interestAndDebtExpense": "None", "netIncomeFromContinuingOperations": "0", "comprehensiveIncomeNetOfTax": "None", "ebit": "125068000", "ebitda": "202438000", "netIncome": "44598000"}, {"fiscalDateEnding": "2008-12-31", "reportedCurrency": "USD", "grossProfit": "259948000", "totalRevenue": "392273000", "costOfRevenue": "132325000", "costofGoodsAndServicesSold": "132325000", "operatingIncome": "102218000", "sellingGeneralAndAdministrative": "72365000", "researchAndDevelopment": "0", "operatingExpenses": "86469000", "investmentIncomeNet": "None", "netInterestIncome": "None", "interestIncome": "None", "interestExpense": "71261000", "nonInterestIncome": "None", "otherNonOperatingIncome": "None", "depreciation": "None", "depreciationAndAmortization": "79766000", "incomeBeforeTax": "125232000", "incomeTaxExpense": "216501000", "interestAndDebtExpense": "None", "netIncomeFromContinuingOperations": "0", "comprehensiveIncomeNetOfTax": "None", "ebit": "173479000", "ebitda": "253245000", "netIncome": "-91234000"}, {"fiscalDateEnding": "2008-09-30", "reportedCurrency": "USD", "grossProfit": "223015000", "totalRevenue": "357048000", "costOfRevenue": "134033000", "costofGoodsAndServicesSold": "134033000", "operatingIncome": "54310000", "sellingGeneralAndAdministrative": "18758000", "researchAndDevelopment": "0", "operatingExpenses": "100397000", "investmentIncomeNet": "None", "netInterestIncome": "None", "interestIncome": "None", "interestExpense": "68308000", "nonInterestIncome": "None", "otherNonOperatingIncome": "None", "depreciation": "None", "depreciationAndAmortization": "75321000", "incomeBeforeTax": "58451000", "incomeTaxExpense": "76756000", "interestAndDebtExpense": "None", "netIncomeFromContinuingOperations": "0", "comprehensiveIncomeNetOfTax": "None", "ebit": "129876000", "ebitda": "205197000", "netIncome": "48506000"}, {"fiscalDateEnding": "2008-06-30", "reportedCurrency": "USD", "grossProfit": "242968000", "totalRevenue": "368520000", "costOfRevenue": "125552000", "costofGoodsAndServicesSold": "125552000", "operatingIncome": "86805000", "sellingGeneralAndAdministrative": "16291000", "researchAndDevelopment": "0", "operatingExpenses": "91599000", "investmentIncomeNet": "None", "netInterestIncome": "None", "interestIncome": "None", "interestExpense": "64564000", "nonInterestIncome": "None", "otherNonOperatingIncome": "None", "depreciation": "None", "depreciationAndAmortization": "74389000", "incomeBeforeTax": "93963000", "incomeTaxExpense": "73690000", "interestAndDebtExpense": "None", "netIncomeFromContinuingOperations": "0", "comprehensiveIncomeNetOfTax": "None", "ebit": "151369000", "ebitda": "225758000", "netIncome": "79534000"}, {"fiscalDateEnding": "2008-03-31", "reportedCurrency": "USD", "grossProfit": "246929000", "totalRevenue": "370559000", "costOfRevenue": "123630000", "costofGoodsAndServicesSold": "123630000", "operatingIncome": "148882000", "sellingGeneralAndAdministrative": "16808000", "researchAndDevelopment": "0", "operatingExpenses": "221677000", "investmentIncomeNet": "None", "netInterestIncome": "None", "interestIncome": "None", "interestExpense": "72496000", "nonInterestIncome": "None", "otherNonOperatingIncome": "None", "depreciation": "None", "depreciationAndAmortization": "74671000", "incomeBeforeTax": "168907000", "incomeTaxExpense": "-63209000", "interestAndDebtExpense": "None", "netIncomeFromContinuingOperations": "0", "comprehensiveIncomeNetOfTax": "None", "ebit": "5227000", "ebitda": "79898000", "netIncome": "88461000"}, {"fiscalDateEnding": "2007-12-31", "reportedCurrency": "USD", "grossProfit": "248399000", "totalRevenue": "371959000", "costOfRevenue": "123560000", "costofGoodsAndServicesSold": "123560000", "operatingIncome": "94201000", "sellingGeneralAndAdministrative": "16594000", "researchAndDevelopment": "0", "operatingExpenses": "85909000", "investmentIncomeNet": "None", "netInterestIncome": "None", "interestIncome": "None", "interestExpense": "78708000", "nonInterestIncome": "None", "otherNonOperatingIncome": "None", "depreciation": "None", "depreciationAndAmortization": "71655000", "incomeBeforeTax": "1324690000", "incomeTaxExpense": "1199021000", "interestAndDebtExpense": "None", "netIncomeFromContinuingOperations": "0", "comprehensiveIncomeNetOfTax": "None", "ebit": "162490000", "ebitda": "234145000", "netIncome": "124218000"}, {"fiscalDateEnding": "2007-09-30", "reportedCurrency": "USD", "grossProfit": "251092000", "totalRevenue": "371507000", "costOfRevenue": "120415000", "costofGoodsAndServicesSold": "120415000", "operatingIncome": "86663000", "sellingGeneralAndAdministrative": "20189000", "researchAndDevelopment": "0", "operatingExpenses": "94500000", "investmentIncomeNet": "None", "netInterestIncome": "None", "interestIncome": "None", "interestExpense": "69929000", "nonInterestIncome": "None", "otherNonOperatingIncome": "None", "depreciation": "None", "depreciationAndAmortization": "71616000", "incomeBeforeTax": "255158000", "incomeTaxExpense": "-85778000", "interestAndDebtExpense": "None", "netIncomeFromContinuingOperations": "0", "comprehensiveIncomeNetOfTax": "None", "ebit": "155003000", "ebitda": "226619000", "netIncome": "242370000"}, {"fiscalDateEnding": "2007-06-30", "reportedCurrency": "USD", "grossProfit": "255087000", "totalRevenue": "375128000", "costOfRevenue": "120041000", "costofGoodsAndServicesSold": "120041000", "operatingIncome": "90432000", "sellingGeneralAndAdministrative": "16291000", "researchAndDevelopment": "0", "operatingExpenses": "90912000", "investmentIncomeNet": "None", "netInterestIncome": "None", "interestIncome": "None", "interestExpense": "73743000", "nonInterestIncome": "None", "otherNonOperatingIncome": "None", "depreciation": "None", "depreciationAndAmortization": "74621000", "incomeBeforeTax": "106209000", "incomeTaxExpense": "61831000", "interestAndDebtExpense": "None", "netIncomeFromContinuingOperations": "0", "comprehensiveIncomeNetOfTax": "None", "ebit": "162586000", "ebitda": "237207000", "netIncome": "102344000"}, {"fiscalDateEnding": "2007-03-31", "reportedCurrency": "USD", "grossProfit": "244106000", "totalRevenue": "363695000", "costOfRevenue": "119589000", "costofGoodsAndServicesSold": "119589000", "operatingIncome": "82172000", "sellingGeneralAndAdministrative": "16808000", "researchAndDevelopment": "0", "operatingExpenses": "88008000", "investmentIncomeNet": "None", "netInterestIncome": "None", "interestIncome": "None", "interestExpense": "78234000", "nonInterestIncome": "None", "otherNonOperatingIncome": "None", "depreciation": "None", "depreciationAndAmortization": "71086000", "incomeBeforeTax": "701378000", "incomeTaxExpense": "-698209000", "interestAndDebtExpense": "None", "netIncomeFromContinuingOperations": "0", "comprehensiveIncomeNetOfTax": "None", "ebit": "35631000", "ebitda": "106717000", "netIncome": "854307000"}, {"fiscalDateEnding": "2006-12-31", "reportedCurrency": "USD", "grossProfit": "253907000", "totalRevenue": "378673000", "costOfRevenue": "124766000", "costofGoodsAndServicesSold": "124766000", "operatingIncome": "95823000", "sellingGeneralAndAdministrative": "16198000", "researchAndDevelopment": "0", "operatingExpenses": "86661000", "investmentIncomeNet": "None", "netInterestIncome": "None", "interestIncome": "None", "interestExpense": "71423000", "nonInterestIncome": "None", "otherNonOperatingIncome": "None", "depreciation": "None", "depreciationAndAmortization": "70452000", "incomeBeforeTax": "873635000", "incomeTaxExpense": "801430000", "interestAndDebtExpense": "None", "netIncomeFromContinuingOperations": "0", "comprehensiveIncomeNetOfTax": "None", "ebit": "167246000", "ebitda": "237698000", "netIncome": "72642000"}, {"fiscalDateEnding": "2006-09-30", "reportedCurrency": "USD", "grossProfit": "246967000", "totalRevenue": "372460000", "costOfRevenue": "125493000", "costofGoodsAndServicesSold": "125493000", "operatingIncome": "88901000", "sellingGeneralAndAdministrative": "12739000", "researchAndDevelopment": "0", "operatingExpenses": "84495000", "investmentIncomeNet": "None", "netInterestIncome": "None", "interestIncome": "None", "interestExpense": "70575000", "nonInterestIncome": "None", "otherNonOperatingIncome": "None", "depreciation": "None", "depreciationAndAmortization": "71548000", "incomeBeforeTax": "106790000", "incomeTaxExpense": "54510000", "interestAndDebtExpense": "None", "netIncomeFromContinuingOperations": "0", "comprehensiveIncomeNetOfTax": "None", "ebit": "158477000", "ebitda": "230025000", "netIncome": "107962000"}, {"fiscalDateEnding": "2006-06-30", "reportedCurrency": "USD", "grossProfit": "247347000", "totalRevenue": "370349000", "costOfRevenue": "123002000", "costofGoodsAndServicesSold": "123002000", "operatingIncome": "53733000", "sellingGeneralAndAdministrative": "15796000", "researchAndDevelopment": "0", "operatingExpenses": "115165000", "investmentIncomeNet": "None", "netInterestIncome": "None", "interestIncome": "None", "interestExpense": "79753000", "nonInterestIncome": "None", "otherNonOperatingIncome": "None", "depreciation": "None", "depreciationAndAmortization": "67912000", "incomeBeforeTax": "635035000", "incomeTaxExpense": "-493549000", "interestAndDebtExpense": "None", "netIncomeFromContinuingOperations": "0", "comprehensiveIncomeNetOfTax": "None", "ebit": "128335000", "ebitda": "196247000", "netIncome": "625731000"}, {"fiscalDateEnding": "2006-03-31", "reportedCurrency": "USD", "grossProfit": "232013000", "totalRevenue": "356104000", "costOfRevenue": "124091000", "costofGoodsAndServicesSold": "124091000", "operatingIncome": "75240000", "sellingGeneralAndAdministrative": "14642000", "researchAndDevelopment": "0", "operatingExpenses": "81956000", "investmentIncomeNet": "None", "netInterestIncome": "None", "interestIncome": "None", "interestExpense": "76509000", "nonInterestIncome": "None", "otherNonOperatingIncome": "None", "depreciation": "None", "depreciationAndAmortization": "66847000", "incomeBeforeTax": "86122000", "incomeTaxExpense": "82320000", "interestAndDebtExpense": "None", "netIncomeFromContinuingOperations": "0", "comprehensiveIncomeNetOfTax": "None", "ebit": "149321000", "ebitda": "216168000", "netIncome": "67737000"}, {"fiscalDateEnding": "2005-12-31", "reportedCurrency": "USD", "grossProfit": "235265000", "totalRevenue": "359187000", "costOfRevenue": "123922000", "costofGoodsAndServicesSold": "123922000", "operatingIncome": "81598000", "sellingGeneralAndAdministrative": "13136000", "researchAndDevelopment": "0", "operatingExpenses": "78863000", "investmentIncomeNet": "None", "netInterestIncome": "None", "interestIncome": "None", "interestExpense": "77204000", "nonInterestIncome": "None", "otherNonOperatingIncome": "None", "depreciation": "None", "depreciationAndAmortization": "66353000", "incomeBeforeTax": "438292000", "incomeTaxExpense": "284283000", "interestAndDebtExpense": "None", "netIncomeFromContinuingOperations": "0", "comprehensiveIncomeNetOfTax": "None", "ebit": "156402000", "ebitda": "222755000", "netIncome": "153891000"}, {"fiscalDateEnding": "2005-09-30", "reportedCurrency": "USD", "grossProfit": "236888000", "totalRevenue": "361786000", "costOfRevenue": "124898000", "costofGoodsAndServicesSold": "124898000", "operatingIncome": "82013000", "sellingGeneralAndAdministrative": "13270000", "researchAndDevelopment": "0", "operatingExpenses": "79175000", "investmentIncomeNet": "None", "netInterestIncome": "None", "interestIncome": "None", "interestExpense": "77400000", "nonInterestIncome": "None", "otherNonOperatingIncome": "None", "depreciation": "None", "depreciationAndAmortization": "65907000", "incomeBeforeTax": "82110000", "incomeTaxExpense": "100162000", "interestAndDebtExpense": "None", "netIncomeFromContinuingOperations": "0", "comprehensiveIncomeNetOfTax": "None", "ebit": "156735000", "ebitda": "222642000", "netIncome": "57551000"}, {"fiscalDateEnding": "2005-06-30", "reportedCurrency": "USD", "grossProfit": "240049000", "totalRevenue": "360604000", "costOfRevenue": "120555000", "costofGoodsAndServicesSold": "120555000", "operatingIncome": "67449000", "sellingGeneralAndAdministrative": "14252000", "researchAndDevelopment": "0", "operatingExpenses": "94367000", "investmentIncomeNet": "None", "netInterestIncome": "None", "interestIncome": "None", "interestExpense": "79133000", "nonInterestIncome": "None", "otherNonOperatingIncome": "None", "depreciation": "None", "depreciationAndAmortization": "67219000", "incomeBeforeTax": "169522000", "incomeTaxExpense": "-19808000", "interestAndDebtExpense": "None", "netIncomeFromContinuingOperations": "0", "comprehensiveIncomeNetOfTax": "None", "ebit": "43609000", "ebitda": "110828000", "netIncome": "165490000"}, {"fiscalDateEnding": "2005-03-31", "reportedCurrency": "USD", "grossProfit": "235302000", "totalRevenue": "356189000", "costOfRevenue": "120887000", "costofGoodsAndServicesSold": "120887000", "operatingIncome": "73152000", "sellingGeneralAndAdministrative": "14813000", "researchAndDevelopment": "0", "operatingExpenses": "82796000", "investmentIncomeNet": "None", "netInterestIncome": "None", "interestIncome": "None", "interestExpense": "80054000", "nonInterestIncome": "None", "otherNonOperatingIncome": "None", "depreciation": "None", "depreciationAndAmortization": "68162000", "incomeBeforeTax": "75568000", "incomeTaxExpense": "91264000", "interestAndDebtExpense": "None", "netIncomeFromContinuingOperations": "0", "comprehensiveIncomeNetOfTax": "None", "ebit": "152371000", "ebitda": "220533000", "netIncome": "61242000"}, {"fiscalDateEnding": "2004-12-31", "reportedCurrency": "USD", "grossProfit": "238580000", "totalRevenue": "362615000", "costOfRevenue": "124035000", "costofGoodsAndServicesSold": "124035000", "operatingIncome": "74926000", "sellingGeneralAndAdministrative": "15541000", "researchAndDevelopment": "0", "operatingExpenses": "90534000", "investmentIncomeNet": "None", "netInterestIncome": "None", "interestIncome": "None", "interestExpense": "79378000", "nonInterestIncome": "None", "otherNonOperatingIncome": "None", "depreciation": "None", "depreciationAndAmortization": "68735000", "incomeBeforeTax": "284017000", "incomeTaxExpense": "221708000", "interestAndDebtExpense": "None", "netIncomeFromContinuingOperations": "0", "comprehensiveIncomeNetOfTax": "None", "ebit": "148046000", "ebitda": "216781000", "netIncome": "62347000"}]}