{"symbol": "PRU", "annualReports": [{"fiscalDateEnding": "2024-12-31", "reportedCurrency": "USD", "grossProfit": "70405000000", "totalRevenue": "70405000000", "costOfRevenue": "None", "costofGoodsAndServicesSold": "None", "operatingIncome": "3209000000", "sellingGeneralAndAdministrative": "13342000000", "researchAndDevelopment": "None", "operatingExpenses": "67436000000", "investmentIncomeNet": "None", "netInterestIncome": "None", "interestIncome": "None", "interestExpense": "None", "nonInterestIncome": "None", "otherNonOperatingIncome": "None", "depreciation": "None", "depreciationAndAmortization": "383000000", "incomeBeforeTax": "3209000000", "incomeTaxExpense": "507000000", "interestAndDebtExpense": "None", "netIncomeFromContinuingOperations": "2846000000", "comprehensiveIncomeNetOfTax": "None", "ebit": "None", "ebitda": "None", "netIncome": "2727000000"}, {"fiscalDateEnding": "2023-12-31", "reportedCurrency": "USD", "grossProfit": "-3169000000", "totalRevenue": "53979000000", "costOfRevenue": "None", "costofGoodsAndServicesSold": "None", "operatingIncome": "41058000000", "sellingGeneralAndAdministrative": "12726000000", "researchAndDevelopment": "None", "operatingExpenses": "12921000000", "investmentIncomeNet": "None", "netInterestIncome": "None", "interestIncome": "None", "interestExpense": "1766000000", "nonInterestIncome": "None", "otherNonOperatingIncome": "None", "depreciation": "None", "depreciationAndAmortization": "-70000000", "incomeBeforeTax": "3121000000", "incomeTaxExpense": "613000000", "interestAndDebtExpense": "None", "netIncomeFromContinuingOperations": "2508000000", "comprehensiveIncomeNetOfTax": "None", "ebit": "41058000000", "ebitda": "40988000000", "netIncome": "2488000000"}, {"fiscalDateEnding": "2022-12-31", "reportedCurrency": "USD", "grossProfit": "60050000000", "totalRevenue": "54583000000", "costOfRevenue": "None", "costofGoodsAndServicesSold": "None", "operatingIncome": "42015000000", "sellingGeneralAndAdministrative": "12355000000", "researchAndDevelopment": "None", "operatingExpenses": "12568000000", "investmentIncomeNet": "None", "netInterestIncome": "-1589000000", "interestIncome": "None", "interestExpense": "1589000000", "nonInterestIncome": "None", "otherNonOperatingIncome": "-56000000", "depreciation": "None", "depreciationAndAmortization": "117000000", "incomeBeforeTax": "-1954000000", "incomeTaxExpense": "279000000", "interestAndDebtExpense": "None", "netIncomeFromContinuingOperations": "-1406000000", "comprehensiveIncomeNetOfTax": "None", "ebit": "42015000000", "ebitda": "42132000000", "netIncome": "-1647000000"}, {"fiscalDateEnding": "2021-12-31", "reportedCurrency": "USD", "grossProfit": "61408000000", "totalRevenue": "71184000000", "costOfRevenue": "None", "costofGoodsAndServicesSold": "None", "operatingIncome": "57576000000", "sellingGeneralAndAdministrative": "13359000000", "researchAndDevelopment": "None", "operatingExpenses": "13608000000", "investmentIncomeNet": "None", "netInterestIncome": "-1474000000", "interestIncome": "None", "interestExpense": "1474000000", "nonInterestIncome": "None", "otherNonOperatingIncome": "87000000", "depreciation": "None", "depreciationAndAmortization": "206000000", "incomeBeforeTax": "10933000000", "incomeTaxExpense": "1995000000", "interestAndDebtExpense": "None", "netIncomeFromContinuingOperations": "7794000000", "comprehensiveIncomeNetOfTax": "None", "ebit": "57576000000", "ebitda": "57782000000", "netIncome": "8868000000"}, {"fiscalDateEnding": "2020-12-31", "reportedCurrency": "USD", "grossProfit": "49834000000", "totalRevenue": "57091000000", "costOfRevenue": "None", "costofGoodsAndServicesSold": "None", "operatingIncome": "43185000000", "sellingGeneralAndAdministrative": "13646000000", "researchAndDevelopment": "None", "operatingExpenses": "13906000000", "investmentIncomeNet": "None", "netInterestIncome": "-1570000000", "interestIncome": "None", "interestExpense": "1570000000", "nonInterestIncome": "None", "otherNonOperatingIncome": "96000000", "depreciation": "None", "depreciationAndAmortization": "457000000", "incomeBeforeTax": "-227000000", "incomeTaxExpense": "81000000", "interestAndDebtExpense": "None", "netIncomeFromContinuingOperations": "-242000000", "comprehensiveIncomeNetOfTax": "None", "ebit": "43185000000", "ebitda": "43642000000", "netIncome": "-374000000"}, {"fiscalDateEnding": "2019-12-31", "reportedCurrency": "USD", "grossProfit": "57243000000", "totalRevenue": "64807000000", "costOfRevenue": "46306000000", "costofGoodsAndServicesSold": "46306000000", "operatingIncome": "51418000000", "sellingGeneralAndAdministrative": "13150000000", "researchAndDevelopment": "None", "operatingExpenses": "13389000000", "investmentIncomeNet": "None", "netInterestIncome": "-1540000000", "interestIncome": "None", "interestExpense": "1540000000", "nonInterestIncome": "None", "otherNonOperatingIncome": "100000000", "depreciation": "None", "depreciationAndAmortization": "460000000", "incomeBeforeTax": "5185000000", "incomeTaxExpense": "947000000", "interestAndDebtExpense": "None", "netIncomeFromContinuingOperations": "4138000000", "comprehensiveIncomeNetOfTax": "None", "ebit": "51418000000", "ebitda": "51878000000", "netIncome": "4186000000"}, {"fiscalDateEnding": "2018-12-31", "reportedCurrency": "USD", "grossProfit": "62992000000", "totalRevenue": "62992000000", "costOfRevenue": "46209000000", "costofGoodsAndServicesSold": "46209000000", "operatingIncome": "51044000000", "sellingGeneralAndAdministrative": "11948000000", "researchAndDevelopment": "0", "operatingExpenses": "11948000000", "investmentIncomeNet": "None", "netInterestIncome": "-1414000000", "interestIncome": "None", "interestExpense": "1414000000", "nonInterestIncome": "None", "otherNonOperatingIncome": "76000000", "depreciation": "None", "depreciationAndAmortization": "161000000", "incomeBeforeTax": "4910000000", "incomeTaxExpense": "822000000", "interestAndDebtExpense": "None", "netIncomeFromContinuingOperations": "4012000000", "comprehensiveIncomeNetOfTax": "None", "ebit": "51044000000", "ebitda": "51205000000", "netIncome": "4074000000"}, {"fiscalDateEnding": "2017-12-31", "reportedCurrency": "USD", "grossProfit": "59689000000", "totalRevenue": "59802000000", "costOfRevenue": "41287000000", "costofGoodsAndServicesSold": "41287000000", "operatingIncome": "47891000000", "sellingGeneralAndAdministrative": "11911000000", "researchAndDevelopment": "0", "operatingExpenses": "11911000000", "investmentIncomeNet": "None", "netInterestIncome": "-1322000000", "interestIncome": "None", "interestExpense": "1322000000", "nonInterestIncome": "None", "otherNonOperatingIncome": "49000000", "depreciation": "None", "depreciationAndAmortization": "222000000", "incomeBeforeTax": "6536000000", "incomeTaxExpense": "1438000000", "interestAndDebtExpense": "None", "netIncomeFromContinuingOperations": "7925000000", "comprehensiveIncomeNetOfTax": "None", "ebit": "47891000000", "ebitda": "48113000000", "netIncome": "7863000000"}, {"fiscalDateEnding": "2016-12-31", "reportedCurrency": "USD", "grossProfit": "58779000000", "totalRevenue": "58944000000", "costOfRevenue": "41295000000", "costofGoodsAndServicesSold": "41295000000", "operatingIncome": "48480000000", "sellingGeneralAndAdministrative": "10464000000", "researchAndDevelopment": "0", "operatingExpenses": "10464000000", "investmentIncomeNet": "None", "netInterestIncome": "-1315000000", "interestIncome": "None", "interestExpense": "1315000000", "nonInterestIncome": "None", "otherNonOperatingIncome": "49000000", "depreciation": "None", "depreciationAndAmortization": "318000000", "incomeBeforeTax": "5754000000", "incomeTaxExpense": "1335000000", "interestAndDebtExpense": "None", "netIncomeFromContinuingOperations": "4419000000", "comprehensiveIncomeNetOfTax": "None", "ebit": "48480000000", "ebitda": "48798000000", "netIncome": "4368000000"}, {"fiscalDateEnding": "2015-12-31", "reportedCurrency": "USD", "grossProfit": "57119000000", "totalRevenue": "58378000000", "costOfRevenue": "38438000000", "costofGoodsAndServicesSold": "38438000000", "operatingIncome": "47470000000", "sellingGeneralAndAdministrative": "10908000000", "researchAndDevelopment": "0", "operatingExpenses": "10908000000", "investmentIncomeNet": "None", "netInterestIncome": "None", "interestIncome": "None", "interestExpense": "1302000000", "nonInterestIncome": "None", "otherNonOperatingIncome": "None", "depreciation": "None", "depreciationAndAmortization": "113000000", "incomeBeforeTax": "7784000000", "incomeTaxExpense": "2072000000", "interestAndDebtExpense": "None", "netIncomeFromContinuingOperations": "5712000000", "comprehensiveIncomeNetOfTax": "None", "ebit": "47470000000", "ebitda": "47583000000", "netIncome": "5642000000"}, {"fiscalDateEnding": "2014-12-31", "reportedCurrency": "USD", "grossProfit": "54105000000", "totalRevenue": "59062000000", "costOfRevenue": "40539000000", "costofGoodsAndServicesSold": "40539000000", "operatingIncome": "47291000000", "sellingGeneralAndAdministrative": "11771000000", "researchAndDevelopment": "0", "operatingExpenses": "11771000000", "investmentIncomeNet": "None", "netInterestIncome": "None", "interestIncome": "None", "interestExpense": "1308000000", "nonInterestIncome": "None", "otherNonOperatingIncome": "None", "depreciation": "None", "depreciationAndAmortization": "631000000", "incomeBeforeTax": "1775000000", "incomeTaxExpense": "349000000", "interestAndDebtExpense": "None", "netIncomeFromContinuingOperations": "1426000000", "comprehensiveIncomeNetOfTax": "None", "ebit": "47291000000", "ebitda": "47922000000", "netIncome": "1381000000"}, {"fiscalDateEnding": "2013-12-31", "reportedCurrency": "USD", "grossProfit": "41461000000", "totalRevenue": "46794000000", "costOfRevenue": "32134000000", "costofGoodsAndServicesSold": "32134000000", "operatingIncome": "35864000000", "sellingGeneralAndAdministrative": "10930000000", "researchAndDevelopment": "0", "operatingExpenses": "10930000000", "investmentIncomeNet": "None", "netInterestIncome": "None", "interestIncome": "None", "interestExpense": "0", "nonInterestIncome": "None", "otherNonOperatingIncome": "None", "depreciation": "None", "depreciationAndAmortization": "411000000", "incomeBeforeTax": "-1625000000", "incomeTaxExpense": "1058000000", "interestAndDebtExpense": "None", "netIncomeFromContinuingOperations": "-567000000", "comprehensiveIncomeNetOfTax": "None", "ebit": "35864000000", "ebitda": "36275000000", "netIncome": "-667000000"}, {"fiscalDateEnding": "2012-12-31", "reportedCurrency": "USD", "grossProfit": "84815000000", "totalRevenue": "87584000000", "costOfRevenue": "73045000000", "costofGoodsAndServicesSold": "73045000000", "operatingIncome": "3532000000", "sellingGeneralAndAdministrative": "11007000000", "researchAndDevelopment": "0", "operatingExpenses": "85427000000", "investmentIncomeNet": "None", "netInterestIncome": "None", "interestIncome": "None", "interestExpense": "0", "nonInterestIncome": "None", "otherNonOperatingIncome": "None", "depreciation": "None", "depreciationAndAmortization": "302000000", "incomeBeforeTax": "768000000", "incomeTaxExpense": "213000000", "interestAndDebtExpense": "None", "netIncomeFromContinuingOperations": "532000000", "comprehensiveIncomeNetOfTax": "None", "ebit": "3532000000", "ebitda": "3834000000", "netIncome": "498000000"}, {"fiscalDateEnding": "2011-12-31", "reportedCurrency": "USD", "grossProfit": "49045000000", "totalRevenue": "49045000000", "costOfRevenue": "34113000000", "costofGoodsAndServicesSold": "34113000000", "operatingIncome": "3703000000", "sellingGeneralAndAdministrative": "9815000000", "researchAndDevelopment": "0", "operatingExpenses": "44121000000", "investmentIncomeNet": "None", "netInterestIncome": "None", "interestIncome": "None", "interestExpense": "1164000000", "nonInterestIncome": "None", "otherNonOperatingIncome": "None", "depreciation": "None", "depreciationAndAmortization": "290000000", "incomeBeforeTax": "5117000000", "incomeTaxExpense": "1599000000", "interestAndDebtExpense": "None", "netIncomeFromContinuingOperations": "None", "comprehensiveIncomeNetOfTax": "None", "ebit": "3703000000", "ebitda": "3993000000", "netIncome": "3383000000"}, {"fiscalDateEnding": "2010-12-31", "reportedCurrency": "USD", "grossProfit": "38414000000", "totalRevenue": "38414000000", "costOfRevenue": "26120000000", "costofGoodsAndServicesSold": "26120000000", "operatingIncome": "3196000000", "sellingGeneralAndAdministrative": "7872000000", "researchAndDevelopment": "0", "operatingExpenses": "34077000000", "investmentIncomeNet": "None", "netInterestIncome": "None", "interestIncome": "None", "interestExpense": "0", "nonInterestIncome": "None", "otherNonOperatingIncome": "None", "depreciation": "None", "depreciationAndAmortization": "-104000000", "incomeBeforeTax": "4422000000", "incomeTaxExpense": "1310000000", "interestAndDebtExpense": "None", "netIncomeFromContinuingOperations": "3196000000", "comprehensiveIncomeNetOfTax": "None", "ebit": "3196000000", "ebitda": "3092000000", "netIncome": "3195000000"}, {"fiscalDateEnding": "2009-12-31", "reportedCurrency": "USD", "grossProfit": "32688000000", "totalRevenue": "32688000000", "costOfRevenue": "22055000000", "costofGoodsAndServicesSold": "22055000000", "operatingIncome": "19000000", "sellingGeneralAndAdministrative": "8991000000", "researchAndDevelopment": "0", "operatingExpenses": "30856000000", "investmentIncomeNet": "None", "netInterestIncome": "None", "interestIncome": "None", "interestExpense": "0", "nonInterestIncome": "None", "otherNonOperatingIncome": "None", "depreciation": "None", "depreciationAndAmortization": "175000000", "incomeBeforeTax": "1569000000", "incomeTaxExpense": "21000000", "interestAndDebtExpense": "None", "netIncomeFromContinuingOperations": "None", "comprehensiveIncomeNetOfTax": "None", "ebit": "19000000", "ebitda": "194000000", "netIncome": "3124000000"}, {"fiscalDateEnding": "2008-12-31", "reportedCurrency": "USD", "grossProfit": "29275000000", "totalRevenue": "29275000000", "costOfRevenue": "21084000000", "costofGoodsAndServicesSold": "21084000000", "operatingIncome": "-76000000", "sellingGeneralAndAdministrative": "9309000000", "researchAndDevelopment": "None", "operatingExpenses": "30216000000", "investmentIncomeNet": "None", "netInterestIncome": "None", "interestIncome": "None", "interestExpense": "0", "nonInterestIncome": "None", "otherNonOperatingIncome": "None", "depreciation": "None", "depreciationAndAmortization": "717000000", "incomeBeforeTax": "-1118000000", "incomeTaxExpense": "-461000000", "interestAndDebtExpense": "None", "netIncomeFromContinuingOperations": "None", "comprehensiveIncomeNetOfTax": "None", "ebit": "-76000000", "ebitda": "641000000", "netIncome": "-1073000000"}, {"fiscalDateEnding": "2007-12-31", "reportedCurrency": "USD", "grossProfit": "34401000000", "totalRevenue": "34401000000", "costOfRevenue": "20874000000", "costofGoodsAndServicesSold": "20874000000", "operatingIncome": "17000000", "sellingGeneralAndAdministrative": "8841000000", "researchAndDevelopment": "None", "operatingExpenses": "29694000000", "investmentIncomeNet": "None", "netInterestIncome": "None", "interestIncome": "None", "interestExpense": "0", "nonInterestIncome": "None", "otherNonOperatingIncome": "None", "depreciation": "None", "depreciationAndAmortization": "272000000", "incomeBeforeTax": "4686000000", "incomeTaxExpense": "1245000000", "interestAndDebtExpense": "None", "netIncomeFromContinuingOperations": "None", "comprehensiveIncomeNetOfTax": "None", "ebit": "17000000", "ebitda": "289000000", "netIncome": "3704000000"}, {"fiscalDateEnding": "2006-12-31", "reportedCurrency": "USD", "grossProfit": "32488000000", "totalRevenue": "32488000000", "costOfRevenue": "27074000000", "costofGoodsAndServicesSold": "27074000000", "operatingIncome": "65000000", "sellingGeneralAndAdministrative": "8263000000", "researchAndDevelopment": "None", "operatingExpenses": "27874000000", "investmentIncomeNet": "None", "netInterestIncome": "None", "interestIncome": "None", "interestExpense": "0", "nonInterestIncome": "None", "otherNonOperatingIncome": "None", "depreciation": "None", "depreciationAndAmortization": "350000000", "incomeBeforeTax": "4403000000", "incomeTaxExpense": "1248000000", "interestAndDebtExpense": "None", "netIncomeFromContinuingOperations": "None", "comprehensiveIncomeNetOfTax": "None", "ebit": "65000000", "ebitda": "415000000", "netIncome": "3428000000"}, {"fiscalDateEnding": "2005-12-31", "reportedCurrency": "USD", "grossProfit": "31708000000", "totalRevenue": "31708000000", "costOfRevenue": "26462000000", "costofGoodsAndServicesSold": "26462000000", "operatingIncome": "-62000000", "sellingGeneralAndAdministrative": "7838000000", "researchAndDevelopment": "None", "operatingExpenses": "27073000000", "investmentIncomeNet": "None", "netInterestIncome": "None", "interestIncome": "None", "interestExpense": "0", "nonInterestIncome": "None", "otherNonOperatingIncome": "None", "depreciation": "None", "depreciationAndAmortization": "501000000", "incomeBeforeTax": "4471000000", "incomeTaxExpense": "869000000", "interestAndDebtExpense": "None", "netIncomeFromContinuingOperations": "None", "comprehensiveIncomeNetOfTax": "None", "ebit": "-62000000", "ebitda": "439000000", "netIncome": "3540000000"}], "quarterlyReports": [{"fiscalDateEnding": "2024-12-31", "reportedCurrency": "USD", "grossProfit": "12707000000", "totalRevenue": "12615000000", "costOfRevenue": "-92000000", "costofGoodsAndServicesSold": "-92000000", "operatingIncome": "-149000000", "sellingGeneralAndAdministrative": "3310000000", "researchAndDevelopment": "None", "operatingExpenses": "12615000000", "investmentIncomeNet": "None", "netInterestIncome": "None", "interestIncome": "None", "interestExpense": "None", "nonInterestIncome": "None", "otherNonOperatingIncome": "None", "depreciation": "None", "depreciationAndAmortization": "-330000000", "incomeBeforeTax": "-149000000", "incomeTaxExpense": "-186000000", "interestAndDebtExpense": "None", "netIncomeFromContinuingOperations": "73000000", "comprehensiveIncomeNetOfTax": "None", "ebit": "-268000000", "ebitda": "-598000000", "netIncome": "-57000000"}, {"fiscalDateEnding": "2024-09-30", "reportedCurrency": "USD", "grossProfit": "19490000000", "totalRevenue": "19490000000", "costOfRevenue": "None", "costofGoodsAndServicesSold": "None", "operatingIncome": "553000000", "sellingGeneralAndAdministrative": "3311000000", "researchAndDevelopment": "None", "operatingExpenses": "19533000000", "investmentIncomeNet": "None", "netInterestIncome": "None", "interestIncome": "None", "interestExpense": "None", "nonInterestIncome": "None", "otherNonOperatingIncome": "None", "depreciation": "None", "depreciationAndAmortization": "-41000000", "incomeBeforeTax": "553000000", "incomeTaxExpense": "140000000", "interestAndDebtExpense": "None", "netIncomeFromContinuingOperations": "451000000", "comprehensiveIncomeNetOfTax": "None", "ebit": "553000000", "ebitda": "512000000", "netIncome": "448000000"}, {"fiscalDateEnding": "2024-06-30", "reportedCurrency": "USD", "grossProfit": "16094000000", "totalRevenue": "14883000000", "costOfRevenue": "-1211000000", "costofGoodsAndServicesSold": "-1211000000", "operatingIncome": "11756000000", "sellingGeneralAndAdministrative": "3127000000", "researchAndDevelopment": "None", "operatingExpenses": "3127000000", "investmentIncomeNet": "None", "netInterestIncome": "None", "interestIncome": "None", "interestExpense": "None", "nonInterestIncome": "None", "otherNonOperatingIncome": "None", "depreciation": "None", "depreciationAndAmortization": "-26000000", "incomeBeforeTax": "1435000000", "incomeTaxExpense": "264000000", "interestAndDebtExpense": "None", "netIncomeFromContinuingOperations": "1171000000", "comprehensiveIncomeNetOfTax": "None", "ebit": "11756000000", "ebitda": "11730000000", "netIncome": "1198000000"}, {"fiscalDateEnding": "2024-03-31", "reportedCurrency": "USD", "grossProfit": "23442000000", "totalRevenue": "23509000000", "costOfRevenue": "67000000", "costofGoodsAndServicesSold": "67000000", "operatingIncome": "19915000000", "sellingGeneralAndAdministrative": "3594000000", "researchAndDevelopment": "None", "operatingExpenses": "3594000000", "investmentIncomeNet": "None", "netInterestIncome": "None", "interestIncome": "None", "interestExpense": "None", "nonInterestIncome": "None", "otherNonOperatingIncome": "None", "depreciation": "None", "depreciationAndAmortization": "397000000", "incomeBeforeTax": "1440000000", "incomeTaxExpense": "289000000", "interestAndDebtExpense": "None", "netIncomeFromContinuingOperations": "1151000000", "comprehensiveIncomeNetOfTax": "None", "ebit": "19915000000", "ebitda": "20312000000", "netIncome": "1138000000"}, {"fiscalDateEnding": "2023-12-31", "reportedCurrency": "USD", "grossProfit": "15553000000", "totalRevenue": "17382000000", "costOfRevenue": "None", "costofGoodsAndServicesSold": "None", "operatingIncome": "13874000000", "sellingGeneralAndAdministrative": "3313000000", "researchAndDevelopment": "None", "operatingExpenses": "3508000000", "investmentIncomeNet": "None", "netInterestIncome": "None", "interestIncome": "None", "interestExpense": "442000000", "nonInterestIncome": "None", "otherNonOperatingIncome": "None", "depreciation": "None", "depreciationAndAmortization": "-71000000", "incomeBeforeTax": "1685000000", "incomeTaxExpense": "359000000", "interestAndDebtExpense": "None", "netIncomeFromContinuingOperations": "1326000000", "comprehensiveIncomeNetOfTax": "None", "ebit": "13874000000", "ebitda": "13803000000", "netIncome": "1317000000"}, {"fiscalDateEnding": "2023-09-30", "reportedCurrency": "USD", "grossProfit": "8352000000", "totalRevenue": "8352000000", "costOfRevenue": "None", "costofGoodsAndServicesSold": "None", "operatingIncome": "5286000000", "sellingGeneralAndAdministrative": "3066000000", "researchAndDevelopment": "None", "operatingExpenses": "3066000000", "investmentIncomeNet": "None", "netInterestIncome": "-422000000", "interestIncome": "None", "interestExpense": "422000000", "nonInterestIncome": "None", "otherNonOperatingIncome": "None", "depreciation": "None", "depreciationAndAmortization": "-45000000", "incomeBeforeTax": "-1042000000", "incomeTaxExpense": "251000000", "interestAndDebtExpense": "None", "netIncomeFromContinuingOperations": "-791000000", "comprehensiveIncomeNetOfTax": "None", "ebit": "5286000000", "ebitda": "5241000000", "netIncome": "-802000000"}, {"fiscalDateEnding": "2023-06-30", "reportedCurrency": "USD", "grossProfit": "11895000000", "totalRevenue": "13498000000", "costOfRevenue": "None", "costofGoodsAndServicesSold": "None", "operatingIncome": "10355000000", "sellingGeneralAndAdministrative": "3143000000", "researchAndDevelopment": "None", "operatingExpenses": "3143000000", "investmentIncomeNet": "None", "netInterestIncome": "-461000000", "interestIncome": "None", "interestExpense": "461000000", "nonInterestIncome": "None", "otherNonOperatingIncome": "-2000000", "depreciation": "None", "depreciationAndAmortization": "5000000", "incomeBeforeTax": "619000000", "incomeTaxExpense": "123000000", "interestAndDebtExpense": "None", "netIncomeFromContinuingOperations": "496000000", "comprehensiveIncomeNetOfTax": "None", "ebit": "10355000000", "ebitda": "10360000000", "netIncome": "511000000"}, {"fiscalDateEnding": "2023-03-31", "reportedCurrency": "USD", "grossProfit": "17045000000", "totalRevenue": "15548000000", "costOfRevenue": "None", "costofGoodsAndServicesSold": "None", "operatingIncome": "2244000000", "sellingGeneralAndAdministrative": "3245000000", "researchAndDevelopment": "None", "operatingExpenses": "4504000000", "investmentIncomeNet": "None", "netInterestIncome": "-441000000", "interestIncome": "None", "interestExpense": "441000000", "nonInterestIncome": "None", "otherNonOperatingIncome": "12000000", "depreciation": "None", "depreciationAndAmortization": "41000000", "incomeBeforeTax": "1847000000", "incomeTaxExpense": "382000000", "interestAndDebtExpense": "None", "netIncomeFromContinuingOperations": "1465000000", "comprehensiveIncomeNetOfTax": "None", "ebit": "2244000000", "ebitda": "2285000000", "netIncome": "1462000000"}, {"fiscalDateEnding": "2022-12-31", "reportedCurrency": "USD", "grossProfit": "-1712000000", "totalRevenue": "11911000000", "costOfRevenue": "None", "costofGoodsAndServicesSold": "None", "operatingIncome": "23000000", "sellingGeneralAndAdministrative": "3378000000", "researchAndDevelopment": "None", "operatingExpenses": "6554000000", "investmentIncomeNet": "None", "netInterestIncome": "-417000000", "interestIncome": "None", "interestExpense": "417000000", "nonInterestIncome": "None", "otherNonOperatingIncome": "-7000000", "depreciation": "None", "depreciationAndAmortization": "62000000", "incomeBeforeTax": "-713000000", "incomeTaxExpense": "-164000000", "interestAndDebtExpense": "None", "netIncomeFromContinuingOperations": "-549000000", "comprehensiveIncomeNetOfTax": "None", "ebit": "23000000", "ebitda": "85000000", "netIncome": "-549000000"}, {"fiscalDateEnding": "2022-09-30", "reportedCurrency": "USD", "grossProfit": "-333000000", "totalRevenue": "20147000000", "costOfRevenue": "None", "costofGoodsAndServicesSold": "None", "operatingIncome": "-437000000", "sellingGeneralAndAdministrative": "3063000000", "researchAndDevelopment": "None", "operatingExpenses": "3058000000", "investmentIncomeNet": "None", "netInterestIncome": "-407000000", "interestIncome": "None", "interestExpense": "407000000", "nonInterestIncome": "None", "otherNonOperatingIncome": "-1000000", "depreciation": "None", "depreciationAndAmortization": "-126000000", "incomeBeforeTax": "-437000000", "incomeTaxExpense": "-148000000", "interestAndDebtExpense": "None", "netIncomeFromContinuingOperations": "-289000000", "comprehensiveIncomeNetOfTax": "None", "ebit": "-437000000", "ebitda": "-563000000", "netIncome": "-289000000"}, {"fiscalDateEnding": "2022-06-30", "reportedCurrency": "USD", "grossProfit": "-1597000000", "totalRevenue": "11424000000", "costOfRevenue": "None", "costofGoodsAndServicesSold": "None", "operatingIncome": "-153000000", "sellingGeneralAndAdministrative": "3061000000", "researchAndDevelopment": "None", "operatingExpenses": "2881000000", "investmentIncomeNet": "None", "netInterestIncome": "-401000000", "interestIncome": "None", "interestExpense": "401000000", "nonInterestIncome": "None", "otherNonOperatingIncome": "-50000000", "depreciation": "None", "depreciationAndAmortization": "170000000", "incomeBeforeTax": "-511000000", "incomeTaxExpense": "11000000", "interestAndDebtExpense": "None", "netIncomeFromContinuingOperations": "-522000000", "comprehensiveIncomeNetOfTax": "None", "ebit": "-153000000", "ebitda": "17000000", "netIncome": "-522000000"}, {"fiscalDateEnding": "2022-03-31", "reportedCurrency": "USD", "grossProfit": "-918000000", "totalRevenue": "12297000000", "costOfRevenue": "None", "costofGoodsAndServicesSold": "None", "operatingIncome": "264000000", "sellingGeneralAndAdministrative": "3083000000", "researchAndDevelopment": "None", "operatingExpenses": "3211000000", "investmentIncomeNet": "None", "netInterestIncome": "-364000000", "interestIncome": "None", "interestExpense": "364000000", "nonInterestIncome": "None", "otherNonOperatingIncome": "2000000", "depreciation": "None", "depreciationAndAmortization": "18000000", "incomeBeforeTax": "-115000000", "incomeTaxExpense": "-69000000", "interestAndDebtExpense": "None", "netIncomeFromContinuingOperations": "-46000000", "comprehensiveIncomeNetOfTax": "None", "ebit": "264000000", "ebitda": "282000000", "netIncome": "-46000000"}, {"fiscalDateEnding": "2021-12-31", "reportedCurrency": "USD", "grossProfit": "16424000000", "totalRevenue": "16424000000", "costOfRevenue": "None", "costofGoodsAndServicesSold": "None", "operatingIncome": "12773000000", "sellingGeneralAndAdministrative": "3402000000", "researchAndDevelopment": "None", "operatingExpenses": "3651000000", "investmentIncomeNet": "None", "netInterestIncome": "-362000000", "interestIncome": "None", "interestExpense": "362000000", "nonInterestIncome": "None", "otherNonOperatingIncome": "24000000", "depreciation": "None", "depreciationAndAmortization": "117000000", "incomeBeforeTax": "1412000000", "incomeTaxExpense": "170000000", "interestAndDebtExpense": "None", "netIncomeFromContinuingOperations": "1242000000", "comprehensiveIncomeNetOfTax": "None", "ebit": "12773000000", "ebitda": "12890000000", "netIncome": "1208000000"}, {"fiscalDateEnding": "2021-09-30", "reportedCurrency": "USD", "grossProfit": "21641000000", "totalRevenue": "21641000000", "costOfRevenue": "None", "costofGoodsAndServicesSold": "None", "operatingIncome": "18255000000", "sellingGeneralAndAdministrative": "3386000000", "researchAndDevelopment": "None", "operatingExpenses": "3386000000", "investmentIncomeNet": "None", "netInterestIncome": "-367000000", "interestIncome": "None", "interestExpense": "367000000", "nonInterestIncome": "None", "otherNonOperatingIncome": "18000000", "depreciation": "None", "depreciationAndAmortization": "42000000", "incomeBeforeTax": "1824000000", "incomeTaxExpense": "259000000", "interestAndDebtExpense": "None", "netIncomeFromContinuingOperations": "1547000000", "comprehensiveIncomeNetOfTax": "None", "ebit": "18255000000", "ebitda": "18297000000", "netIncome": "1530000000"}, {"fiscalDateEnding": "2021-06-30", "reportedCurrency": "USD", "grossProfit": "15917000000", "totalRevenue": "15857000000", "costOfRevenue": "None", "costofGoodsAndServicesSold": "None", "operatingIncome": "12627000000", "sellingGeneralAndAdministrative": "3230000000", "researchAndDevelopment": "None", "operatingExpenses": "3230000000", "investmentIncomeNet": "None", "netInterestIncome": "-371000000", "interestIncome": "None", "interestExpense": "371000000", "nonInterestIncome": "None", "otherNonOperatingIncome": "19000000", "depreciation": "None", "depreciationAndAmortization": "15000000", "incomeBeforeTax": "2792000000", "incomeTaxExpense": "609000000", "interestAndDebtExpense": "None", "netIncomeFromContinuingOperations": "2183000000", "comprehensiveIncomeNetOfTax": "None", "ebit": "12627000000", "ebitda": "12642000000", "netIncome": "2158000000"}, {"fiscalDateEnding": "2021-03-31", "reportedCurrency": "USD", "grossProfit": "16952000000", "totalRevenue": "16949000000", "costOfRevenue": "-8110000000", "costofGoodsAndServicesSold": "-8110000000", "operatingIncome": "13635000000", "sellingGeneralAndAdministrative": "3314000000", "researchAndDevelopment": "None", "operatingExpenses": "3314000000", "investmentIncomeNet": "None", "netInterestIncome": "-376000000", "interestIncome": "None", "interestExpense": "376000000", "nonInterestIncome": "None", "otherNonOperatingIncome": "26000000", "depreciation": "None", "depreciationAndAmortization": "30000000", "incomeBeforeTax": "3440000000", "incomeTaxExpense": "636000000", "interestAndDebtExpense": "None", "netIncomeFromContinuingOperations": "2778000000", "comprehensiveIncomeNetOfTax": "None", "ebit": "13635000000", "ebitda": "13665000000", "netIncome": "2828000000"}, {"fiscalDateEnding": "2020-12-31", "reportedCurrency": "USD", "grossProfit": "16029000000", "totalRevenue": "16048000000", "costOfRevenue": "None", "costofGoodsAndServicesSold": "None", "operatingIncome": "12329000000", "sellingGeneralAndAdministrative": "3459000000", "researchAndDevelopment": "None", "operatingExpenses": "3719000000", "investmentIncomeNet": "None", "netInterestIncome": "-386000000", "interestIncome": "None", "interestExpense": "386000000", "nonInterestIncome": "None", "otherNonOperatingIncome": "34000000", "depreciation": "None", "depreciationAndAmortization": "9000000", "incomeBeforeTax": "934000000", "incomeTaxExpense": "88000000", "interestAndDebtExpense": "None", "netIncomeFromContinuingOperations": "988000000", "comprehensiveIncomeNetOfTax": "None", "ebit": "12329000000", "ebitda": "12338000000", "netIncome": "819000000"}, {"fiscalDateEnding": "2020-09-30", "reportedCurrency": "USD", "grossProfit": "15425000000", "totalRevenue": "15464000000", "costOfRevenue": "-8312000000", "costofGoodsAndServicesSold": "-8312000000", "operatingIncome": "12146000000", "sellingGeneralAndAdministrative": "3318000000", "researchAndDevelopment": "None", "operatingExpenses": "3318000000", "investmentIncomeNet": "None", "netInterestIncome": "-400000000", "interestIncome": "None", "interestExpense": "400000000", "nonInterestIncome": "None", "otherNonOperatingIncome": "10000000", "depreciation": "None", "depreciationAndAmortization": "65000000", "incomeBeforeTax": "1457000000", "incomeTaxExpense": "50000000", "interestAndDebtExpense": "None", "netIncomeFromContinuingOperations": "1497000000", "comprehensiveIncomeNetOfTax": "None", "ebit": "12146000000", "ebitda": "12211000000", "netIncome": "1487000000"}, {"fiscalDateEnding": "2020-06-30", "reportedCurrency": "USD", "grossProfit": "12115000000", "totalRevenue": "12115000000", "costOfRevenue": "-8450000000", "costofGoodsAndServicesSold": "-8450000000", "operatingIncome": "8768000000", "sellingGeneralAndAdministrative": "3347000000", "researchAndDevelopment": "None", "operatingExpenses": "3347000000", "investmentIncomeNet": "None", "netInterestIncome": "-397000000", "interestIncome": "None", "interestExpense": "397000000", "nonInterestIncome": "None", "otherNonOperatingIncome": "42000000", "depreciation": "None", "depreciationAndAmortization": "54000000", "incomeBeforeTax": "-2290000000", "incomeTaxExpense": "115000000", "interestAndDebtExpense": "None", "netIncomeFromContinuingOperations": "-2447000000", "comprehensiveIncomeNetOfTax": "None", "ebit": "8768000000", "ebitda": "8822000000", "netIncome": "-2409000000"}, {"fiscalDateEnding": "2020-03-31", "reportedCurrency": "USD", "grossProfit": "13464000000", "totalRevenue": "13464000000", "costOfRevenue": "-9006000000", "costofGoodsAndServicesSold": "-9006000000", "operatingIncome": "9942000000", "sellingGeneralAndAdministrative": "3522000000", "researchAndDevelopment": "None", "operatingExpenses": "3522000000", "investmentIncomeNet": "None", "netInterestIncome": "-387000000", "interestIncome": "None", "interestExpense": "387000000", "nonInterestIncome": "None", "otherNonOperatingIncome": "10000000", "depreciation": "None", "depreciationAndAmortization": "329000000", "incomeBeforeTax": "-328000000", "incomeTaxExpense": "58000000", "interestAndDebtExpense": "None", "netIncomeFromContinuingOperations": "-280000000", "comprehensiveIncomeNetOfTax": "None", "ebit": "9942000000", "ebitda": "10271000000", "netIncome": "-271000000"}, {"fiscalDateEnding": "2019-12-31", "reportedCurrency": "USD", "grossProfit": "19223000000", "totalRevenue": "19223000000", "costOfRevenue": "14051000000", "costofGoodsAndServicesSold": "14051000000", "operatingIncome": "15419000000", "sellingGeneralAndAdministrative": "3565000000", "researchAndDevelopment": "None", "operatingExpenses": "3804000000", "investmentIncomeNet": "None", "netInterestIncome": "-385000000", "interestIncome": "None", "interestExpense": "385000000", "nonInterestIncome": "None", "otherNonOperatingIncome": "15000000", "depreciation": "None", "depreciationAndAmortization": "108000000", "incomeBeforeTax": "1359000000", "incomeTaxExpense": "221000000", "interestAndDebtExpense": "None", "netIncomeFromContinuingOperations": "1123000000", "comprehensiveIncomeNetOfTax": "None", "ebit": "15419000000", "ebitda": "15527000000", "netIncome": "1128000000"}, {"fiscalDateEnding": "2019-09-30", "reportedCurrency": "USD", "grossProfit": "15105000000", "totalRevenue": "15105000000", "costOfRevenue": "10086000000", "costofGoodsAndServicesSold": "10086000000", "operatingIncome": "11813000000", "sellingGeneralAndAdministrative": "3292000000", "researchAndDevelopment": "None", "operatingExpenses": "3292000000", "investmentIncomeNet": "None", "netInterestIncome": "-377000000", "interestIncome": "None", "interestExpense": "377000000", "nonInterestIncome": "None", "otherNonOperatingIncome": "32000000", "depreciation": "None", "depreciationAndAmortization": "441000000", "incomeBeforeTax": "1757000000", "incomeTaxExpense": "332000000", "interestAndDebtExpense": "None", "netIncomeFromContinuingOperations": "1393000000", "comprehensiveIncomeNetOfTax": "None", "ebit": "11813000000", "ebitda": "12254000000", "netIncome": "1418000000"}, {"fiscalDateEnding": "2019-06-30", "reportedCurrency": "USD", "grossProfit": "15388000000", "totalRevenue": "15388000000", "costOfRevenue": "11374000000", "costofGoodsAndServicesSold": "11374000000", "operatingIncome": "12251000000", "sellingGeneralAndAdministrative": "3137000000", "researchAndDevelopment": "None", "operatingExpenses": "3137000000", "investmentIncomeNet": "None", "netInterestIncome": "-392000000", "interestIncome": "None", "interestExpense": "392000000", "nonInterestIncome": "None", "otherNonOperatingIncome": "24000000", "depreciation": "None", "depreciationAndAmortization": "-109000000", "incomeBeforeTax": "900000000", "incomeTaxExpense": "162000000", "interestAndDebtExpense": "None", "netIncomeFromContinuingOperations": "714000000", "comprehensiveIncomeNetOfTax": "None", "ebit": "12251000000", "ebitda": "12142000000", "netIncome": "708000000"}, {"fiscalDateEnding": "2019-03-31", "reportedCurrency": "USD", "grossProfit": "15091000000", "totalRevenue": "15091000000", "costOfRevenue": "10795000000", "costofGoodsAndServicesSold": "10795000000", "operatingIncome": "11935000000", "sellingGeneralAndAdministrative": "3156000000", "researchAndDevelopment": "None", "operatingExpenses": "3156000000", "investmentIncomeNet": "None", "netInterestIncome": "-386000000", "interestIncome": "None", "interestExpense": "386000000", "nonInterestIncome": "None", "otherNonOperatingIncome": "29000000", "depreciation": "None", "depreciationAndAmortization": "20000000", "incomeBeforeTax": "1169000000", "incomeTaxExpense": "232000000", "interestAndDebtExpense": "None", "netIncomeFromContinuingOperations": "908000000", "comprehensiveIncomeNetOfTax": "None", "ebit": "11935000000", "ebitda": "11955000000", "netIncome": "932000000"}, {"fiscalDateEnding": "2018-12-31", "reportedCurrency": "USD", "grossProfit": "18432000000", "totalRevenue": "18721000000", "costOfRevenue": "14159000000", "costofGoodsAndServicesSold": "14159000000", "operatingIncome": "15501000000", "sellingGeneralAndAdministrative": "3220000000", "researchAndDevelopment": "0", "operatingExpenses": "3220000000", "investmentIncomeNet": "None", "netInterestIncome": "None", "interestIncome": "None", "interestExpense": "372000000", "nonInterestIncome": "None", "otherNonOperatingIncome": "14000000", "depreciation": "None", "depreciationAndAmortization": "116000000", "incomeBeforeTax": "1067000000", "incomeTaxExpense": "218000000", "interestAndDebtExpense": "None", "netIncomeFromContinuingOperations": "835000000", "comprehensiveIncomeNetOfTax": "None", "ebit": "15501000000", "ebitda": "15617000000", "netIncome": "842000000"}, {"fiscalDateEnding": "2018-09-30", "reportedCurrency": "USD", "grossProfit": "16148000000", "totalRevenue": "16148000000", "costOfRevenue": "11350000000", "costofGoodsAndServicesSold": "11350000000", "operatingIncome": "13188000000", "sellingGeneralAndAdministrative": "2960000000", "researchAndDevelopment": "0", "operatingExpenses": "2960000000", "investmentIncomeNet": "None", "netInterestIncome": "None", "interestIncome": "None", "interestExpense": "355000000", "nonInterestIncome": "None", "otherNonOperatingIncome": "21000000", "depreciation": "None", "depreciationAndAmortization": "-3000000", "incomeBeforeTax": "1859000000", "incomeTaxExpense": "184000000", "interestAndDebtExpense": "None", "netIncomeFromContinuingOperations": "1654000000", "comprehensiveIncomeNetOfTax": "None", "ebit": "13188000000", "ebitda": "13185000000", "netIncome": "1672000000"}, {"fiscalDateEnding": "2018-06-30", "reportedCurrency": "USD", "grossProfit": "14655000000", "totalRevenue": "14655000000", "costOfRevenue": "11559000000", "costofGoodsAndServicesSold": "11559000000", "operatingIncome": "11810000000", "sellingGeneralAndAdministrative": "2845000000", "researchAndDevelopment": "0", "operatingExpenses": "2845000000", "investmentIncomeNet": "None", "netInterestIncome": "None", "interestIncome": "None", "interestExpense": "347000000", "nonInterestIncome": "None", "otherNonOperatingIncome": "18000000", "depreciation": "None", "depreciationAndAmortization": "70000000", "incomeBeforeTax": "268000000", "incomeTaxExpense": "68000000", "interestAndDebtExpense": "None", "netIncomeFromContinuingOperations": "182000000", "comprehensiveIncomeNetOfTax": "None", "ebit": "11810000000", "ebitda": "11880000000", "netIncome": "197000000"}, {"fiscalDateEnding": "2018-03-31", "reportedCurrency": "USD", "grossProfit": "13757000000", "totalRevenue": "13757000000", "costOfRevenue": "9141000000", "costofGoodsAndServicesSold": "9141000000", "operatingIncome": "10834000000", "sellingGeneralAndAdministrative": "2923000000", "researchAndDevelopment": "0", "operatingExpenses": "2923000000", "investmentIncomeNet": "None", "netInterestIncome": "None", "interestIncome": "None", "interestExpense": "340000000", "nonInterestIncome": "None", "otherNonOperatingIncome": "23000000", "depreciation": "None", "depreciationAndAmortization": "-22000000", "incomeBeforeTax": "1716000000", "incomeTaxExpense": "352000000", "interestAndDebtExpense": "None", "netIncomeFromContinuingOperations": "1341000000", "comprehensiveIncomeNetOfTax": "None", "ebit": "10834000000", "ebitda": "10812000000", "netIncome": "1363000000"}, {"fiscalDateEnding": "2017-12-31", "reportedCurrency": "USD", "grossProfit": "16265000000", "totalRevenue": "16416000000", "costOfRevenue": "12047000000", "costofGoodsAndServicesSold": "12047000000", "operatingIncome": "14634000000", "sellingGeneralAndAdministrative": "1782000000", "researchAndDevelopment": "0", "operatingExpenses": "1782000000", "investmentIncomeNet": "None", "netInterestIncome": "None", "interestIncome": "None", "interestExpense": "344000000", "nonInterestIncome": "None", "otherNonOperatingIncome": "-9000000", "depreciation": "None", "depreciationAndAmortization": "-49000000", "incomeBeforeTax": "1107000000", "incomeTaxExpense": "2758000000", "interestAndDebtExpense": "None", "netIncomeFromContinuingOperations": "3874000000", "comprehensiveIncomeNetOfTax": "None", "ebit": "14634000000", "ebitda": "14585000000", "netIncome": "3765000000"}, {"fiscalDateEnding": "2017-09-30", "reportedCurrency": "USD", "grossProfit": "16313000000", "totalRevenue": "16313000000", "costOfRevenue": "10371000000", "costofGoodsAndServicesSold": "10371000000", "operatingIncome": "13392000000", "sellingGeneralAndAdministrative": "2921000000", "researchAndDevelopment": "0", "operatingExpenses": "2921000000", "investmentIncomeNet": "None", "netInterestIncome": "None", "interestIncome": "None", "interestExpense": "330000000", "nonInterestIncome": "None", "otherNonOperatingIncome": "20000000", "depreciation": "None", "depreciationAndAmortization": "164000000", "incomeBeforeTax": "3041000000", "incomeTaxExpense": "800000000", "interestAndDebtExpense": "None", "netIncomeFromContinuingOperations": "2221000000", "comprehensiveIncomeNetOfTax": "None", "ebit": "13392000000", "ebitda": "13556000000", "netIncome": "2238000000"}, {"fiscalDateEnding": "2017-06-30", "reportedCurrency": "USD", "grossProfit": "13441000000", "totalRevenue": "13440000000", "costOfRevenue": "9850000000", "costofGoodsAndServicesSold": "9850000000", "operatingIncome": "10457000000", "sellingGeneralAndAdministrative": "2983000000", "researchAndDevelopment": "0", "operatingExpenses": "2983000000", "investmentIncomeNet": "None", "netInterestIncome": "None", "interestIncome": "None", "interestExpense": "326000000", "nonInterestIncome": "None", "otherNonOperatingIncome": "13000000", "depreciation": "None", "depreciationAndAmortization": "157000000", "incomeBeforeTax": "621000000", "incomeTaxExpense": "125000000", "interestAndDebtExpense": "None", "netIncomeFromContinuingOperations": "483000000", "comprehensiveIncomeNetOfTax": "None", "ebit": "10457000000", "ebitda": "10614000000", "netIncome": "491000000"}, {"fiscalDateEnding": "2017-03-31", "reportedCurrency": "USD", "grossProfit": "13670000000", "totalRevenue": "13670000000", "costOfRevenue": "9019000000", "costofGoodsAndServicesSold": "9019000000", "operatingIncome": "10764000000", "sellingGeneralAndAdministrative": "2906000000", "researchAndDevelopment": "0", "operatingExpenses": "2906000000", "investmentIncomeNet": "None", "netInterestIncome": "None", "interestIncome": "None", "interestExpense": "322000000", "nonInterestIncome": "None", "otherNonOperatingIncome": "25000000", "depreciation": "None", "depreciationAndAmortization": "-50000000", "incomeBeforeTax": "1767000000", "incomeTaxExpense": "395000000", "interestAndDebtExpense": "None", "netIncomeFromContinuingOperations": "1347000000", "comprehensiveIncomeNetOfTax": "None", "ebit": "10764000000", "ebitda": "10714000000", "netIncome": "1369000000"}, {"fiscalDateEnding": "2016-12-31", "reportedCurrency": "USD", "grossProfit": "13050000000", "totalRevenue": "14528000000", "costOfRevenue": "9775000000", "costofGoodsAndServicesSold": "9775000000", "operatingIncome": "11570000000", "sellingGeneralAndAdministrative": "2958000000", "researchAndDevelopment": "0", "operatingExpenses": "2958000000", "investmentIncomeNet": "None", "netInterestIncome": "None", "interestIncome": "None", "interestExpense": "322000000", "nonInterestIncome": "None", "otherNonOperatingIncome": "49000000", "depreciation": "None", "depreciationAndAmortization": "-84000000", "incomeBeforeTax": "328000000", "incomeTaxExpense": "35000000", "interestAndDebtExpense": "None", "netIncomeFromContinuingOperations": "293000000", "comprehensiveIncomeNetOfTax": "None", "ebit": "11570000000", "ebitda": "11486000000", "netIncome": "284000000"}, {"fiscalDateEnding": "2016-09-30", "reportedCurrency": "USD", "grossProfit": "16961000000", "totalRevenue": "16961000000", "costOfRevenue": "11663000000", "costofGoodsAndServicesSold": "11663000000", "operatingIncome": "13978000000", "sellingGeneralAndAdministrative": "2983000000", "researchAndDevelopment": "0", "operatingExpenses": "2983000000", "investmentIncomeNet": "None", "netInterestIncome": "None", "interestIncome": "None", "interestExpense": "314000000", "nonInterestIncome": "None", "otherNonOperatingIncome": "None", "depreciation": "None", "depreciationAndAmortization": "-22000000", "incomeBeforeTax": "2333000000", "incomeTaxExpense": "501000000", "interestAndDebtExpense": "None", "netIncomeFromContinuingOperations": "1832000000", "comprehensiveIncomeNetOfTax": "None", "ebit": "13978000000", "ebitda": "13956000000", "netIncome": "1827000000"}, {"fiscalDateEnding": "2016-06-30", "reportedCurrency": "USD", "grossProfit": "14439000000", "totalRevenue": "14439000000", "costOfRevenue": "10072000000", "costofGoodsAndServicesSold": "10072000000", "operatingIncome": "11415000000", "sellingGeneralAndAdministrative": "3024000000", "researchAndDevelopment": "0", "operatingExpenses": "3024000000", "investmentIncomeNet": "None", "netInterestIncome": "None", "interestIncome": "None", "interestExpense": "357000000", "nonInterestIncome": "None", "otherNonOperatingIncome": "None", "depreciation": "None", "depreciationAndAmortization": "257000000", "incomeBeforeTax": "1356000000", "incomeTaxExpense": "431000000", "interestAndDebtExpense": "None", "netIncomeFromContinuingOperations": "925000000", "comprehensiveIncomeNetOfTax": "None", "ebit": "11415000000", "ebitda": "11672000000", "netIncome": "921000000"}, {"fiscalDateEnding": "2016-03-31", "reportedCurrency": "USD", "grossProfit": "14329000000", "totalRevenue": "14329000000", "costOfRevenue": "9785000000", "costofGoodsAndServicesSold": "9785000000", "operatingIncome": "11517000000", "sellingGeneralAndAdministrative": "2812000000", "researchAndDevelopment": "0", "operatingExpenses": "2812000000", "investmentIncomeNet": "None", "netInterestIncome": "None", "interestIncome": "None", "interestExpense": "325000000", "nonInterestIncome": "None", "otherNonOperatingIncome": "None", "depreciation": "None", "depreciationAndAmortization": "167000000", "incomeBeforeTax": "1737000000", "incomeTaxExpense": "368000000", "interestAndDebtExpense": "None", "netIncomeFromContinuingOperations": "1369000000", "comprehensiveIncomeNetOfTax": "None", "ebit": "11517000000", "ebitda": "11684000000", "netIncome": "1336000000"}, {"fiscalDateEnding": "2015-12-31", "reportedCurrency": "USD", "grossProfit": "14256000000", "totalRevenue": "15546000000", "costOfRevenue": "10519000000", "costofGoodsAndServicesSold": "10519000000", "operatingIncome": "12669000000", "sellingGeneralAndAdministrative": "2877000000", "researchAndDevelopment": "0", "operatingExpenses": "2877000000", "investmentIncomeNet": "None", "netInterestIncome": "None", "interestIncome": "None", "interestExpense": "322000000", "nonInterestIncome": "None", "otherNonOperatingIncome": "None", "depreciation": "None", "depreciationAndAmortization": "-13000000", "incomeBeforeTax": "850000000", "incomeTaxExpense": "110000000", "interestAndDebtExpense": "None", "netIncomeFromContinuingOperations": "740000000", "comprehensiveIncomeNetOfTax": "None", "ebit": "12669000000", "ebitda": "12656000000", "netIncome": "735000000"}, {"fiscalDateEnding": "2015-09-30", "reportedCurrency": "USD", "grossProfit": "13599000000", "totalRevenue": "13726000000", "costOfRevenue": "8777000000", "costofGoodsAndServicesSold": "8777000000", "operatingIncome": "10953000000", "sellingGeneralAndAdministrative": "2773000000", "researchAndDevelopment": "0", "operatingExpenses": "2773000000", "investmentIncomeNet": "None", "netInterestIncome": "None", "interestIncome": "None", "interestExpense": "339000000", "nonInterestIncome": "None", "otherNonOperatingIncome": "None", "depreciation": "None", "depreciationAndAmortization": "174000000", "incomeBeforeTax": "2051000000", "incomeTaxExpense": "584000000", "interestAndDebtExpense": "None", "netIncomeFromContinuingOperations": "1467000000", "comprehensiveIncomeNetOfTax": "None", "ebit": "10953000000", "ebitda": "11127000000", "netIncome": "1465000000"}, {"fiscalDateEnding": "2015-06-30", "reportedCurrency": "USD", "grossProfit": "13712000000", "totalRevenue": "13579000000", "costOfRevenue": "9100000000", "costofGoodsAndServicesSold": "9100000000", "operatingIncome": "11098000000", "sellingGeneralAndAdministrative": "2481000000", "researchAndDevelopment": "0", "operatingExpenses": "2481000000", "investmentIncomeNet": "None", "netInterestIncome": "None", "interestIncome": "None", "interestExpense": "324000000", "nonInterestIncome": "None", "otherNonOperatingIncome": "None", "depreciation": "None", "depreciationAndAmortization": "-218000000", "incomeBeforeTax": "2138000000", "incomeTaxExpense": "679000000", "interestAndDebtExpense": "None", "netIncomeFromContinuingOperations": "1459000000", "comprehensiveIncomeNetOfTax": "None", "ebit": "11098000000", "ebitda": "10880000000", "netIncome": "1406000000"}, {"fiscalDateEnding": "2015-03-31", "reportedCurrency": "USD", "grossProfit": "15552000000", "totalRevenue": "15527000000", "costOfRevenue": "10042000000", "costofGoodsAndServicesSold": "10042000000", "operatingIncome": "12767000000", "sellingGeneralAndAdministrative": "2760000000", "researchAndDevelopment": "0", "operatingExpenses": "2760000000", "investmentIncomeNet": "None", "netInterestIncome": "None", "interestIncome": "None", "interestExpense": "317000000", "nonInterestIncome": "None", "otherNonOperatingIncome": "None", "depreciation": "None", "depreciationAndAmortization": "170000000", "incomeBeforeTax": "2745000000", "incomeTaxExpense": "699000000", "interestAndDebtExpense": "None", "netIncomeFromContinuingOperations": "2046000000", "comprehensiveIncomeNetOfTax": "None", "ebit": "12767000000", "ebitda": "12937000000", "netIncome": "2036000000"}, {"fiscalDateEnding": "2014-12-31", "reportedCurrency": "USD", "grossProfit": "15725000000", "totalRevenue": "20105000000", "costOfRevenue": "13957000000", "costofGoodsAndServicesSold": "13957000000", "operatingIncome": "16623000000", "sellingGeneralAndAdministrative": "3482000000", "researchAndDevelopment": "0", "operatingExpenses": "3482000000", "investmentIncomeNet": "None", "netInterestIncome": "None", "interestIncome": "None", "interestExpense": "328000000", "nonInterestIncome": "None", "otherNonOperatingIncome": "None", "depreciation": "None", "depreciationAndAmortization": "177000000", "incomeBeforeTax": "-1745000000", "incomeTaxExpense": "294000000", "interestAndDebtExpense": "None", "netIncomeFromContinuingOperations": "-1451000000", "comprehensiveIncomeNetOfTax": "None", "ebit": "16623000000", "ebitda": "16800000000", "netIncome": "-1459000000"}, {"fiscalDateEnding": "2014-09-30", "reportedCurrency": "USD", "grossProfit": "12380000000", "totalRevenue": "12954000000", "costOfRevenue": "9307000000", "costofGoodsAndServicesSold": "9307000000", "operatingIncome": "10165000000", "sellingGeneralAndAdministrative": "2789000000", "researchAndDevelopment": "0", "operatingExpenses": "2789000000", "investmentIncomeNet": "None", "netInterestIncome": "None", "interestIncome": "None", "interestExpense": "340000000", "nonInterestIncome": "None", "otherNonOperatingIncome": "None", "depreciation": "None", "depreciationAndAmortization": "275000000", "incomeBeforeTax": "289000000", "incomeTaxExpense": "234000000", "interestAndDebtExpense": "None", "netIncomeFromContinuingOperations": "523000000", "comprehensiveIncomeNetOfTax": "None", "ebit": "10165000000", "ebitda": "10440000000", "netIncome": "512000000"}, {"fiscalDateEnding": "2014-06-30", "reportedCurrency": "USD", "grossProfit": "13146000000", "totalRevenue": "13368000000", "costOfRevenue": "8837000000", "costofGoodsAndServicesSold": "8837000000", "operatingIncome": "10566000000", "sellingGeneralAndAdministrative": "2802000000", "researchAndDevelopment": "0", "operatingExpenses": "2802000000", "investmentIncomeNet": "None", "netInterestIncome": "None", "interestIncome": "None", "interestExpense": "319000000", "nonInterestIncome": "None", "otherNonOperatingIncome": "None", "depreciation": "None", "depreciationAndAmortization": "138000000", "incomeBeforeTax": "1513000000", "incomeTaxExpense": "404000000", "interestAndDebtExpense": "None", "netIncomeFromContinuingOperations": "1109000000", "comprehensiveIncomeNetOfTax": "None", "ebit": "10566000000", "ebitda": "10704000000", "netIncome": "1090000000"}, {"fiscalDateEnding": "2014-03-31", "reportedCurrency": "USD", "grossProfit": "12854000000", "totalRevenue": "12616000000", "costOfRevenue": "8438000000", "costofGoodsAndServicesSold": "8438000000", "operatingIncome": "9918000000", "sellingGeneralAndAdministrative": "2698000000", "researchAndDevelopment": "0", "operatingExpenses": "2698000000", "investmentIncomeNet": "None", "netInterestIncome": "None", "interestIncome": "None", "interestExpense": "321000000", "nonInterestIncome": "None", "otherNonOperatingIncome": "None", "depreciation": "None", "depreciationAndAmortization": "41000000", "incomeBeforeTax": "1718000000", "incomeTaxExpense": "473000000", "interestAndDebtExpense": "None", "netIncomeFromContinuingOperations": "1245000000", "comprehensiveIncomeNetOfTax": "None", "ebit": "9918000000", "ebitda": "9959000000", "netIncome": "1238000000"}, {"fiscalDateEnding": "2013-12-31", "reportedCurrency": "USD", "grossProfit": "9889000000", "totalRevenue": "9889000000", "costOfRevenue": "7878000000", "costofGoodsAndServicesSold": "7878000000", "operatingIncome": "-567000000", "sellingGeneralAndAdministrative": "2943000000", "researchAndDevelopment": "0", "operatingExpenses": "10821000000", "investmentIncomeNet": "None", "netInterestIncome": "None", "interestIncome": "None", "interestExpense": "331000000", "nonInterestIncome": "None", "otherNonOperatingIncome": "None", "depreciation": "None", "depreciationAndAmortization": "73000000", "incomeBeforeTax": "-932000000", "incomeTaxExpense": "-463000000", "interestAndDebtExpense": "None", "netIncomeFromContinuingOperations": "-467000000", "comprehensiveIncomeNetOfTax": "None", "ebit": "-945000000", "ebitda": "-872000000", "netIncome": "-482000000"}, {"fiscalDateEnding": "2013-09-30", "reportedCurrency": "USD", "grossProfit": "11343000000", "totalRevenue": "9891000000", "costOfRevenue": "7126000000", "costofGoodsAndServicesSold": "7126000000", "operatingIncome": "7233000000", "sellingGeneralAndAdministrative": "2658000000", "researchAndDevelopment": "0", "operatingExpenses": "2658000000", "investmentIncomeNet": "None", "netInterestIncome": "None", "interestIncome": "None", "interestExpense": "296000000", "nonInterestIncome": "None", "otherNonOperatingIncome": "None", "depreciation": "None", "depreciationAndAmortization": "177000000", "incomeBeforeTax": "1529000000", "incomeTaxExpense": "497000000", "interestAndDebtExpense": "None", "netIncomeFromContinuingOperations": "1053000000", "comprehensiveIncomeNetOfTax": "None", "ebit": "7233000000", "ebitda": "7410000000", "netIncome": "1027000000"}, {"fiscalDateEnding": "2013-06-30", "reportedCurrency": "USD", "grossProfit": "10044000000", "totalRevenue": "11285000000", "costOfRevenue": "8083000000", "costofGoodsAndServicesSold": "8083000000", "operatingIncome": "475000000", "sellingGeneralAndAdministrative": "2727000000", "researchAndDevelopment": "0", "operatingExpenses": "12049000000", "investmentIncomeNet": "None", "netInterestIncome": "None", "interestIncome": "None", "interestExpense": "331000000", "nonInterestIncome": "None", "otherNonOperatingIncome": "None", "depreciation": "None", "depreciationAndAmortization": "52000000", "incomeBeforeTax": "-764000000", "incomeTaxExpense": "275000000", "interestAndDebtExpense": "None", "netIncomeFromContinuingOperations": "-488000000", "comprehensiveIncomeNetOfTax": "None", "ebit": "475000000", "ebitda": "527000000", "netIncome": "-511000000"}, {"fiscalDateEnding": "2013-03-31", "reportedCurrency": "USD", "grossProfit": "10185000000", "totalRevenue": "12350000000", "costOfRevenue": "9047000000", "costofGoodsAndServicesSold": "9047000000", "operatingIncome": "622000000", "sellingGeneralAndAdministrative": "2681000000", "researchAndDevelopment": "0", "operatingExpenses": "13863000000", "investmentIncomeNet": "None", "netInterestIncome": "None", "interestIncome": "None", "interestExpense": "327000000", "nonInterestIncome": "None", "otherNonOperatingIncome": "None", "depreciation": "None", "depreciationAndAmortization": "109000000", "incomeBeforeTax": "-1513000000", "incomeTaxExpense": "827000000", "interestAndDebtExpense": "None", "netIncomeFromContinuingOperations": "-665000000", "comprehensiveIncomeNetOfTax": "None", "ebit": "622000000", "ebitda": "731000000", "netIncome": "-723000000"}, {"fiscalDateEnding": "2012-12-31", "reportedCurrency": "USD", "grossProfit": "45912000000", "totalRevenue": "45952000000", "costOfRevenue": "43572000000", "costofGoodsAndServicesSold": "43572000000", "operatingIncome": "901000000", "sellingGeneralAndAdministrative": "1479000000", "researchAndDevelopment": "0", "operatingExpenses": "45129000000", "investmentIncomeNet": "None", "netInterestIncome": "None", "interestIncome": "None", "interestExpense": "1369000000", "nonInterestIncome": "None", "otherNonOperatingIncome": "None", "depreciation": "None", "depreciationAndAmortization": "72000000", "incomeBeforeTax": "-566000000", "incomeTaxExpense": "381000000", "interestAndDebtExpense": "None", "netIncomeFromContinuingOperations": "0", "comprehensiveIncomeNetOfTax": "None", "ebit": "901000000", "ebitda": "973000000", "netIncome": "-185000000"}, {"fiscalDateEnding": "2012-09-30", "reportedCurrency": "USD", "grossProfit": "13144000000", "totalRevenue": "13144000000", "costOfRevenue": "11332000000", "costofGoodsAndServicesSold": "11332000000", "operatingIncome": "-591000000", "sellingGeneralAndAdministrative": "2737000000", "researchAndDevelopment": "0", "operatingExpenses": "14029000000", "investmentIncomeNet": "None", "netInterestIncome": "None", "interestIncome": "None", "interestExpense": "1057000000", "nonInterestIncome": "None", "otherNonOperatingIncome": "None", "depreciation": "None", "depreciationAndAmortization": "27000000", "incomeBeforeTax": "-885000000", "incomeTaxExpense": "328000000", "interestAndDebtExpense": "None", "netIncomeFromContinuingOperations": "0", "comprehensiveIncomeNetOfTax": "None", "ebit": "0", "ebitda": "27000000", "netIncome": "-582000000"}, {"fiscalDateEnding": "2012-06-30", "reportedCurrency": "USD", "grossProfit": "16136000000", "totalRevenue": "16136000000", "costOfRevenue": "10515000000", "costofGoodsAndServicesSold": "10515000000", "operatingIncome": "2206000000", "sellingGeneralAndAdministrative": "2689000000", "researchAndDevelopment": "0", "operatingExpenses": "13167000000", "investmentIncomeNet": "None", "netInterestIncome": "None", "interestIncome": "None", "interestExpense": "312000000", "nonInterestIncome": "None", "otherNonOperatingIncome": "None", "depreciation": "None", "depreciationAndAmortization": "98000000", "incomeBeforeTax": "2932000000", "incomeTaxExpense": "732000000", "interestAndDebtExpense": "None", "netIncomeFromContinuingOperations": "0", "comprehensiveIncomeNetOfTax": "None", "ebit": "2206000000", "ebitda": "2304000000", "netIncome": "2208000000"}, {"fiscalDateEnding": "2012-03-31", "reportedCurrency": "USD", "grossProfit": "9623000000", "totalRevenue": "9623000000", "costOfRevenue": "7626000000", "costofGoodsAndServicesSold": "7626000000", "operatingIncome": "-963000000", "sellingGeneralAndAdministrative": "2796000000", "researchAndDevelopment": "0", "operatingExpenses": "10386000000", "investmentIncomeNet": "None", "netInterestIncome": "None", "interestIncome": "None", "interestExpense": "308000000", "nonInterestIncome": "None", "otherNonOperatingIncome": "None", "depreciation": "None", "depreciationAndAmortization": "105000000", "incomeBeforeTax": "-799000000", "incomeTaxExpense": "171000000", "interestAndDebtExpense": "None", "netIncomeFromContinuingOperations": "0", "comprehensiveIncomeNetOfTax": "None", "ebit": "-963000000", "ebitda": "-858000000", "netIncome": "-967000000"}, {"fiscalDateEnding": "2011-12-31", "reportedCurrency": "USD", "grossProfit": "11695000000", "totalRevenue": "11695000000", "costOfRevenue": "8027000000", "costofGoodsAndServicesSold": "8027000000", "operatingIncome": "3703000000", "sellingGeneralAndAdministrative": "2677000000", "researchAndDevelopment": "0", "operatingExpenses": "10894000000", "investmentIncomeNet": "None", "netInterestIncome": "None", "interestIncome": "None", "interestExpense": "586000000", "nonInterestIncome": "None", "otherNonOperatingIncome": "None", "depreciation": "None", "depreciationAndAmortization": "88000000", "incomeBeforeTax": "907000000", "incomeTaxExpense": "229000000", "interestAndDebtExpense": "None", "netIncomeFromContinuingOperations": "0", "comprehensiveIncomeNetOfTax": "None", "ebit": "3703000000", "ebitda": "3791000000", "netIncome": "686000000"}, {"fiscalDateEnding": "2011-09-30", "reportedCurrency": "USD", "grossProfit": "14917000000", "totalRevenue": "14917000000", "costOfRevenue": "9860000000", "costofGoodsAndServicesSold": "9860000000", "operatingIncome": "1553000000", "sellingGeneralAndAdministrative": "2447000000", "researchAndDevelopment": "0", "operatingExpenses": "12525000000", "investmentIncomeNet": "None", "netInterestIncome": "None", "interestIncome": "None", "interestExpense": "296000000", "nonInterestIncome": "None", "otherNonOperatingIncome": "None", "depreciation": "None", "depreciationAndAmortization": "35000000", "incomeBeforeTax": "2334000000", "incomeTaxExpense": "848000000", "interestAndDebtExpense": "None", "netIncomeFromContinuingOperations": "1553000000", "comprehensiveIncomeNetOfTax": "None", "ebit": "1553000000", "ebitda": "1588000000", "netIncome": "1594000000"}, {"fiscalDateEnding": "2011-06-30", "reportedCurrency": "USD", "grossProfit": "12247000000", "totalRevenue": "12247000000", "costOfRevenue": "8471000000", "costofGoodsAndServicesSold": "8471000000", "operatingIncome": "851000000", "sellingGeneralAndAdministrative": "2472000000", "researchAndDevelopment": "0", "operatingExpenses": "11160000000", "investmentIncomeNet": "None", "netInterestIncome": "None", "interestIncome": "None", "interestExpense": "290000000", "nonInterestIncome": "None", "otherNonOperatingIncome": "None", "depreciation": "None", "depreciationAndAmortization": "186000000", "incomeBeforeTax": "1172000000", "incomeTaxExpense": "332000000", "interestAndDebtExpense": "None", "netIncomeFromContinuingOperations": "851000000", "comprehensiveIncomeNetOfTax": "None", "ebit": "851000000", "ebitda": "1037000000", "netIncome": "789000000"}, {"fiscalDateEnding": "2011-03-31", "reportedCurrency": "USD", "grossProfit": "10186000000", "totalRevenue": "10186000000", "costOfRevenue": "7158000000", "costofGoodsAndServicesSold": "7158000000", "operatingIncome": "619000000", "sellingGeneralAndAdministrative": "2219000000", "researchAndDevelopment": "0", "operatingExpenses": "9542000000", "investmentIncomeNet": "None", "netInterestIncome": "None", "interestIncome": "None", "interestExpense": "279000000", "nonInterestIncome": "None", "otherNonOperatingIncome": "None", "depreciation": "None", "depreciationAndAmortization": "-19000000", "incomeBeforeTax": "704000000", "incomeTaxExpense": "190000000", "interestAndDebtExpense": "None", "netIncomeFromContinuingOperations": "619000000", "comprehensiveIncomeNetOfTax": "None", "ebit": "619000000", "ebitda": "600000000", "netIncome": "561000000"}, {"fiscalDateEnding": "2010-12-31", "reportedCurrency": "USD", "grossProfit": "8106000000", "totalRevenue": "8106000000", "costOfRevenue": "5853000000", "costofGoodsAndServicesSold": "5853000000", "operatingIncome": "3196000000", "sellingGeneralAndAdministrative": "703000000", "researchAndDevelopment": "0", "operatingExpenses": "8191000000", "investmentIncomeNet": "None", "netInterestIncome": "None", "interestIncome": "None", "interestExpense": "273000000", "nonInterestIncome": "None", "otherNonOperatingIncome": "None", "depreciation": "None", "depreciationAndAmortization": "-48000000", "incomeBeforeTax": "138000000", "incomeTaxExpense": "4000000", "interestAndDebtExpense": "None", "netIncomeFromContinuingOperations": "0", "comprehensiveIncomeNetOfTax": "None", "ebit": "3196000000", "ebitda": "3148000000", "netIncome": "177000000"}, {"fiscalDateEnding": "2010-09-30", "reportedCurrency": "USD", "grossProfit": "9917000000", "totalRevenue": "9917000000", "costOfRevenue": "6218000000", "costofGoodsAndServicesSold": "6218000000", "operatingIncome": "1234000000", "sellingGeneralAndAdministrative": "1949000000", "researchAndDevelopment": "0", "operatingExpenses": "8167000000", "investmentIncomeNet": "None", "netInterestIncome": "None", "interestIncome": "None", "interestExpense": "267000000", "nonInterestIncome": "None", "otherNonOperatingIncome": "None", "depreciation": "None", "depreciationAndAmortization": "-17000000", "incomeBeforeTax": "1750000000", "incomeTaxExpense": "524000000", "interestAndDebtExpense": "None", "netIncomeFromContinuingOperations": "0", "comprehensiveIncomeNetOfTax": "None", "ebit": "1234000000", "ebitda": "1217000000", "netIncome": "1244000000"}, {"fiscalDateEnding": "2010-06-30", "reportedCurrency": "USD", "grossProfit": "11054000000", "totalRevenue": "11054000000", "costOfRevenue": "7628000000", "costofGoodsAndServicesSold": "7628000000", "operatingIncome": "1104000000", "sellingGeneralAndAdministrative": "2890000000", "researchAndDevelopment": "0", "operatingExpenses": "9481000000", "investmentIncomeNet": "None", "netInterestIncome": "None", "interestIncome": "None", "interestExpense": "258000000", "nonInterestIncome": "None", "otherNonOperatingIncome": "None", "depreciation": "None", "depreciationAndAmortization": "-8000000", "incomeBeforeTax": "1528000000", "incomeTaxExpense": "433000000", "interestAndDebtExpense": "None", "netIncomeFromContinuingOperations": "0", "comprehensiveIncomeNetOfTax": "None", "ebit": "1104000000", "ebitda": "1096000000", "netIncome": "1077000000"}, {"fiscalDateEnding": "2010-03-31", "reportedCurrency": "USD", "grossProfit": "9292000000", "totalRevenue": "9292000000", "costOfRevenue": "6421000000", "costofGoodsAndServicesSold": "6421000000", "operatingIncome": "673000000", "sellingGeneralAndAdministrative": "2281000000", "researchAndDevelopment": "0", "operatingExpenses": "8238000000", "investmentIncomeNet": "None", "netInterestIncome": "None", "interestIncome": "None", "interestExpense": "251000000", "nonInterestIncome": "None", "otherNonOperatingIncome": "None", "depreciation": "None", "depreciationAndAmortization": "-31000000", "incomeBeforeTax": "1016000000", "incomeTaxExpense": "353000000", "interestAndDebtExpense": "None", "netIncomeFromContinuingOperations": "0", "comprehensiveIncomeNetOfTax": "None", "ebit": "673000000", "ebitda": "642000000", "netIncome": "697000000"}, {"fiscalDateEnding": "2009-12-31", "reportedCurrency": "USD", "grossProfit": "8659000000", "totalRevenue": "8659000000", "costOfRevenue": "6970000000", "costofGoodsAndServicesSold": "6970000000", "operatingIncome": "19000000", "sellingGeneralAndAdministrative": "2397000000", "researchAndDevelopment": "0", "operatingExpenses": "7750000000", "investmentIncomeNet": "None", "netInterestIncome": "None", "interestIncome": "None", "interestExpense": "241000000", "nonInterestIncome": "None", "otherNonOperatingIncome": "None", "depreciation": "None", "depreciationAndAmortization": "17000000", "incomeBeforeTax": "713000000", "incomeTaxExpense": "332000000", "interestAndDebtExpense": "None", "netIncomeFromContinuingOperations": "0", "comprehensiveIncomeNetOfTax": "None", "ebit": "19000000", "ebitda": "36000000", "netIncome": "1865000000"}, {"fiscalDateEnding": "2009-09-30", "reportedCurrency": "USD", "grossProfit": "8564000000", "totalRevenue": "8564000000", "costOfRevenue": "5808000000", "costofGoodsAndServicesSold": "5808000000", "operatingIncome": "1036000000", "sellingGeneralAndAdministrative": "1904000000", "researchAndDevelopment": "0", "operatingExpenses": "7695000000", "investmentIncomeNet": "None", "netInterestIncome": "None", "interestIncome": "None", "interestExpense": "228000000", "nonInterestIncome": "None", "otherNonOperatingIncome": "None", "depreciation": "None", "depreciationAndAmortization": "-34000000", "incomeBeforeTax": "852000000", "incomeTaxExpense": "-153000000", "interestAndDebtExpense": "None", "netIncomeFromContinuingOperations": "0", "comprehensiveIncomeNetOfTax": "None", "ebit": "1036000000", "ebitda": "1002000000", "netIncome": "1082000000"}, {"fiscalDateEnding": "2009-06-30", "reportedCurrency": "USD", "grossProfit": "6906000000", "totalRevenue": "6906000000", "costOfRevenue": "5262000000", "costofGoodsAndServicesSold": "5262000000", "operatingIncome": "159000000", "sellingGeneralAndAdministrative": "1652000000", "researchAndDevelopment": "0", "operatingExpenses": "6889000000", "investmentIncomeNet": "None", "netInterestIncome": "None", "interestIncome": "None", "interestExpense": "239000000", "nonInterestIncome": "None", "otherNonOperatingIncome": "None", "depreciation": "None", "depreciationAndAmortization": "50000000", "incomeBeforeTax": "-8000000", "incomeTaxExpense": "-162000000", "interestAndDebtExpense": "None", "netIncomeFromContinuingOperations": "0", "comprehensiveIncomeNetOfTax": "None", "ebit": "159000000", "ebitda": "209000000", "netIncome": "163000000"}, {"fiscalDateEnding": "2009-03-31", "reportedCurrency": "USD", "grossProfit": "8563000000", "totalRevenue": "8563000000", "costOfRevenue": "5509000000", "costofGoodsAndServicesSold": "5509000000", "operatingIncome": "2000000", "sellingGeneralAndAdministrative": "3042000000", "researchAndDevelopment": "0", "operatingExpenses": "8522000000", "investmentIncomeNet": "None", "netInterestIncome": "None", "interestIncome": "None", "interestExpense": "247000000", "nonInterestIncome": "None", "otherNonOperatingIncome": "None", "depreciation": "None", "depreciationAndAmortization": "142000000", "incomeBeforeTax": "12000000", "incomeTaxExpense": "4000000", "interestAndDebtExpense": "None", "netIncomeFromContinuingOperations": "0", "comprehensiveIncomeNetOfTax": "None", "ebit": "2000000", "ebitda": "144000000", "netIncome": "14000000"}, {"fiscalDateEnding": "2008-12-31", "reportedCurrency": "USD", "grossProfit": "6966000000", "totalRevenue": "6966000000", "costOfRevenue": "5710000000", "costofGoodsAndServicesSold": "5710000000", "operatingIncome": "31000000", "sellingGeneralAndAdministrative": "2878000000", "researchAndDevelopment": "0", "operatingExpenses": "8414000000", "investmentIncomeNet": "None", "netInterestIncome": "None", "interestIncome": "None", "interestExpense": "303000000", "nonInterestIncome": "None", "otherNonOperatingIncome": "None", "depreciation": "None", "depreciationAndAmortization": "329000000", "incomeBeforeTax": "-1622000000", "incomeTaxExpense": "-413000000", "interestAndDebtExpense": "None", "netIncomeFromContinuingOperations": "0", "comprehensiveIncomeNetOfTax": "None", "ebit": "31000000", "ebitda": "360000000", "netIncome": "-1566000000"}, {"fiscalDateEnding": "2008-09-30", "reportedCurrency": "USD", "grossProfit": "7036000000", "totalRevenue": "7036000000", "costOfRevenue": "5229000000", "costofGoodsAndServicesSold": "5229000000", "operatingIncome": "-113000000", "sellingGeneralAndAdministrative": "1992000000", "researchAndDevelopment": "0", "operatingExpenses": "7226000000", "investmentIncomeNet": "None", "netInterestIncome": "None", "interestIncome": "None", "interestExpense": "287000000", "nonInterestIncome": "None", "otherNonOperatingIncome": "None", "depreciation": "None", "depreciationAndAmortization": "165000000", "incomeBeforeTax": "-185000000", "incomeTaxExpense": "-143000000", "interestAndDebtExpense": "None", "netIncomeFromContinuingOperations": "0", "comprehensiveIncomeNetOfTax": "None", "ebit": "-113000000", "ebitda": "52000000", "netIncome": "-166000000"}, {"fiscalDateEnding": "2008-06-30", "reportedCurrency": "USD", "grossProfit": "7709000000", "totalRevenue": "7709000000", "costOfRevenue": "4914000000", "costofGoodsAndServicesSold": "4914000000", "operatingIncome": "593000000", "sellingGeneralAndAdministrative": "2160000000", "researchAndDevelopment": "0", "operatingExpenses": "7075000000", "investmentIncomeNet": "None", "netInterestIncome": "None", "interestIncome": "None", "interestExpense": "248000000", "nonInterestIncome": "None", "otherNonOperatingIncome": "None", "depreciation": "None", "depreciationAndAmortization": "102000000", "incomeBeforeTax": "635000000", "incomeTaxExpense": "66000000", "interestAndDebtExpense": "None", "netIncomeFromContinuingOperations": "0", "comprehensiveIncomeNetOfTax": "None", "ebit": "593000000", "ebitda": "695000000", "netIncome": "581000000"}, {"fiscalDateEnding": "2008-03-31", "reportedCurrency": "USD", "grossProfit": "7564000000", "totalRevenue": "7564000000", "costOfRevenue": "5231000000", "costofGoodsAndServicesSold": "5231000000", "operatingIncome": "68000000", "sellingGeneralAndAdministrative": "2279000000", "researchAndDevelopment": "0", "operatingExpenses": "7501000000", "investmentIncomeNet": "None", "netInterestIncome": "None", "interestIncome": "None", "interestExpense": "298000000", "nonInterestIncome": "None", "otherNonOperatingIncome": "None", "depreciation": "None", "depreciationAndAmortization": "106000000", "incomeBeforeTax": "54000000", "incomeTaxExpense": "29000000", "interestAndDebtExpense": "None", "netIncomeFromContinuingOperations": "0", "comprehensiveIncomeNetOfTax": "None", "ebit": "68000000", "ebitda": "174000000", "netIncome": "60000000"}, {"fiscalDateEnding": "2007-12-31", "reportedCurrency": "USD", "grossProfit": "8808000000", "totalRevenue": "8808000000", "costOfRevenue": "5444000000", "costofGoodsAndServicesSold": "5444000000", "operatingIncome": "17000000", "sellingGeneralAndAdministrative": "2368000000", "researchAndDevelopment": "0", "operatingExpenses": "7791000000", "investmentIncomeNet": "None", "netInterestIncome": "None", "interestIncome": "None", "interestExpense": "289000000", "nonInterestIncome": "None", "otherNonOperatingIncome": "None", "depreciation": "None", "depreciationAndAmortization": "113000000", "incomeBeforeTax": "996000000", "incomeTaxExpense": "182000000", "interestAndDebtExpense": "None", "netIncomeFromContinuingOperations": "0", "comprehensiveIncomeNetOfTax": "None", "ebit": "17000000", "ebitda": "130000000", "netIncome": "871000000"}, {"fiscalDateEnding": "2007-09-30", "reportedCurrency": "USD", "grossProfit": "8393000000", "totalRevenue": "8393000000", "costOfRevenue": "5128000000", "costofGoodsAndServicesSold": "5128000000", "operatingIncome": "871000000", "sellingGeneralAndAdministrative": "2145000000", "researchAndDevelopment": "0", "operatingExpenses": "7273000000", "investmentIncomeNet": "None", "netInterestIncome": "None", "interestIncome": "None", "interestExpense": "281000000", "nonInterestIncome": "None", "otherNonOperatingIncome": "None", "depreciation": "None", "depreciationAndAmortization": "62000000", "incomeBeforeTax": "1120000000", "incomeTaxExpense": "316000000", "interestAndDebtExpense": "None", "netIncomeFromContinuingOperations": "0", "comprehensiveIncomeNetOfTax": "None", "ebit": "871000000", "ebitda": "933000000", "netIncome": "867000000"}, {"fiscalDateEnding": "2007-06-30", "reportedCurrency": "USD", "grossProfit": "8425000000", "totalRevenue": "8425000000", "costOfRevenue": "5063000000", "costofGoodsAndServicesSold": "5063000000", "operatingIncome": "875000000", "sellingGeneralAndAdministrative": "2219000000", "researchAndDevelopment": "0", "operatingExpenses": "7282000000", "investmentIncomeNet": "None", "netInterestIncome": "None", "interestIncome": "None", "interestExpense": "276000000", "nonInterestIncome": "None", "otherNonOperatingIncome": "None", "depreciation": "None", "depreciationAndAmortization": "35000000", "incomeBeforeTax": "1143000000", "incomeTaxExpense": "324000000", "interestAndDebtExpense": "None", "netIncomeFromContinuingOperations": "0", "comprehensiveIncomeNetOfTax": "None", "ebit": "875000000", "ebitda": "910000000", "netIncome": "846000000"}, {"fiscalDateEnding": "2007-03-31", "reportedCurrency": "USD", "grossProfit": "8821000000", "totalRevenue": "8821000000", "costOfRevenue": "5239000000", "costofGoodsAndServicesSold": "5239000000", "operatingIncome": "1082000000", "sellingGeneralAndAdministrative": "2153000000", "researchAndDevelopment": "0", "operatingExpenses": "7348000000", "investmentIncomeNet": "None", "netInterestIncome": "None", "interestIncome": "None", "interestExpense": "274000000", "nonInterestIncome": "None", "otherNonOperatingIncome": "None", "depreciation": "None", "depreciationAndAmortization": "62000000", "incomeBeforeTax": "1429000000", "incomeTaxExpense": "424000000", "interestAndDebtExpense": "None", "netIncomeFromContinuingOperations": "0", "comprehensiveIncomeNetOfTax": "None", "ebit": "1082000000", "ebitda": "1144000000", "netIncome": "1120000000"}, {"fiscalDateEnding": "2006-12-31", "reportedCurrency": "USD", "grossProfit": "8665000000", "totalRevenue": "8665000000", "costOfRevenue": "7175000000", "costofGoodsAndServicesSold": "7175000000", "operatingIncome": "65000000", "sellingGeneralAndAdministrative": "2324000000", "researchAndDevelopment": "0", "operatingExpenses": "7373000000", "investmentIncomeNet": "None", "netInterestIncome": "None", "interestIncome": "None", "interestExpense": "255000000", "nonInterestIncome": "None", "otherNonOperatingIncome": "None", "depreciation": "None", "depreciationAndAmortization": "78000000", "incomeBeforeTax": "1150000000", "incomeTaxExpense": "340000000", "interestAndDebtExpense": "None", "netIncomeFromContinuingOperations": "0", "comprehensiveIncomeNetOfTax": "None", "ebit": "65000000", "ebitda": "143000000", "netIncome": "1037000000"}, {"fiscalDateEnding": "2006-09-30", "reportedCurrency": "USD", "grossProfit": "8476000000", "totalRevenue": "8476000000", "costOfRevenue": "6639000000", "costofGoodsAndServicesSold": "6639000000", "operatingIncome": "1137000000", "sellingGeneralAndAdministrative": "1765000000", "researchAndDevelopment": "0", "operatingExpenses": "6888000000", "investmentIncomeNet": "None", "netInterestIncome": "None", "interestIncome": "None", "interestExpense": "249000000", "nonInterestIncome": "None", "otherNonOperatingIncome": "None", "depreciation": "None", "depreciationAndAmortization": "136000000", "incomeBeforeTax": "1548000000", "incomeTaxExpense": "411000000", "interestAndDebtExpense": "None", "netIncomeFromContinuingOperations": "0", "comprehensiveIncomeNetOfTax": "None", "ebit": "1137000000", "ebitda": "1273000000", "netIncome": "1205000000"}, {"fiscalDateEnding": "2006-06-30", "reportedCurrency": "USD", "grossProfit": "7432000000", "totalRevenue": "7432000000", "costOfRevenue": "6497000000", "costofGoodsAndServicesSold": "6497000000", "operatingIncome": "468000000", "sellingGeneralAndAdministrative": "2029000000", "researchAndDevelopment": "0", "operatingExpenses": "6730000000", "investmentIncomeNet": "None", "netInterestIncome": "None", "interestIncome": "None", "interestExpense": "233000000", "nonInterestIncome": "None", "otherNonOperatingIncome": "None", "depreciation": "None", "depreciationAndAmortization": "52000000", "incomeBeforeTax": "658000000", "incomeTaxExpense": "190000000", "interestAndDebtExpense": "None", "netIncomeFromContinuingOperations": "0", "comprehensiveIncomeNetOfTax": "None", "ebit": "468000000", "ebitda": "520000000", "netIncome": "453000000"}, {"fiscalDateEnding": "2006-03-31", "reportedCurrency": "USD", "grossProfit": "7927000000", "totalRevenue": "7927000000", "costOfRevenue": "6614000000", "costofGoodsAndServicesSold": "6614000000", "operatingIncome": "736000000", "sellingGeneralAndAdministrative": "2153000000", "researchAndDevelopment": "0", "operatingExpenses": "6883000000", "investmentIncomeNet": "None", "netInterestIncome": "None", "interestIncome": "None", "interestExpense": "212000000", "nonInterestIncome": "None", "otherNonOperatingIncome": "None", "depreciation": "None", "depreciationAndAmortization": "84000000", "incomeBeforeTax": "1041000000", "incomeTaxExpense": "305000000", "interestAndDebtExpense": "None", "netIncomeFromContinuingOperations": "0", "comprehensiveIncomeNetOfTax": "None", "ebit": "736000000", "ebitda": "820000000", "netIncome": "733000000"}, {"fiscalDateEnding": "2005-12-31", "reportedCurrency": "USD", "grossProfit": "7807000000", "totalRevenue": "7807000000", "costOfRevenue": "7174000000", "costofGoodsAndServicesSold": "7174000000", "operatingIncome": "-62000000", "sellingGeneralAndAdministrative": "2155000000", "researchAndDevelopment": "0", "operatingExpenses": "6986000000", "investmentIncomeNet": "None", "netInterestIncome": "None", "interestIncome": "None", "interestExpense": "775000000", "nonInterestIncome": "None", "otherNonOperatingIncome": "None", "depreciation": "None", "depreciationAndAmortization": "54000000", "incomeBeforeTax": "720000000", "incomeTaxExpense": "353000000", "interestAndDebtExpense": "None", "netIncomeFromContinuingOperations": "0", "comprehensiveIncomeNetOfTax": "None", "ebit": "-62000000", "ebitda": "-8000000", "netIncome": "364000000"}, {"fiscalDateEnding": "2005-09-30", "reportedCurrency": "USD", "grossProfit": "7791000000", "totalRevenue": "7791000000", "costOfRevenue": "6717000000", "costofGoodsAndServicesSold": "6717000000", "operatingIncome": "-14000000", "sellingGeneralAndAdministrative": "1959000000", "researchAndDevelopment": "0", "operatingExpenses": "6673000000", "investmentIncomeNet": "None", "netInterestIncome": "None", "interestIncome": "None", "interestExpense": "0", "nonInterestIncome": "None", "otherNonOperatingIncome": "None", "depreciation": "None", "depreciationAndAmortization": "190000000", "incomeBeforeTax": "1117000000", "incomeTaxExpense": "-261000000", "interestAndDebtExpense": "None", "netIncomeFromContinuingOperations": "0", "comprehensiveIncomeNetOfTax": "None", "ebit": "-14000000", "ebitda": "176000000", "netIncome": "1364000000"}, {"fiscalDateEnding": "2005-06-30", "reportedCurrency": "USD", "grossProfit": "8361000000", "totalRevenue": "8361000000", "costOfRevenue": "7009000000", "costofGoodsAndServicesSold": "7009000000", "operatingIncome": "-44000000", "sellingGeneralAndAdministrative": "1928000000", "researchAndDevelopment": "0", "operatingExpenses": "7019000000", "investmentIncomeNet": "None", "netInterestIncome": "None", "interestIncome": "None", "interestExpense": "0", "nonInterestIncome": "None", "otherNonOperatingIncome": "None", "depreciation": "None", "depreciationAndAmortization": "138000000", "incomeBeforeTax": "1316000000", "incomeTaxExpense": "389000000", "interestAndDebtExpense": "None", "netIncomeFromContinuingOperations": "0", "comprehensiveIncomeNetOfTax": "None", "ebit": "-44000000", "ebitda": "94000000", "netIncome": "883000000"}, {"fiscalDateEnding": "2005-03-31", "reportedCurrency": "USD", "grossProfit": "7778000000", "totalRevenue": "7778000000", "costOfRevenue": "6411000000", "costofGoodsAndServicesSold": "6411000000", "operatingIncome": "8000000", "sellingGeneralAndAdministrative": "1834000000", "researchAndDevelopment": "0", "operatingExpenses": "6395000000", "investmentIncomeNet": "None", "netInterestIncome": "None", "interestIncome": "None", "interestExpense": "0", "nonInterestIncome": "None", "otherNonOperatingIncome": "None", "depreciation": "None", "depreciationAndAmortization": "119000000", "incomeBeforeTax": "1309000000", "incomeTaxExpense": "388000000", "interestAndDebtExpense": "None", "netIncomeFromContinuingOperations": "0", "comprehensiveIncomeNetOfTax": "None", "ebit": "8000000", "ebitda": "127000000", "netIncome": "929000000"}, {"fiscalDateEnding": "2004-12-31", "reportedCurrency": "USD", "grossProfit": "7388000000", "totalRevenue": "7388000000", "costOfRevenue": "6334000000", "costofGoodsAndServicesSold": "6334000000", "operatingIncome": "-18000000", "sellingGeneralAndAdministrative": "1990000000", "researchAndDevelopment": "0", "operatingExpenses": "7346000000", "investmentIncomeNet": "None", "netInterestIncome": "None", "interestIncome": "None", "interestExpense": "492000000", "nonInterestIncome": "None", "otherNonOperatingIncome": "None", "depreciation": "None", "depreciationAndAmortization": "110000000", "incomeBeforeTax": "852000000", "incomeTaxExpense": "264000000", "interestAndDebtExpense": "None", "netIncomeFromContinuingOperations": "0", "comprehensiveIncomeNetOfTax": "None", "ebit": "-18000000", "ebitda": "92000000", "netIncome": "578000000"}]}