{"symbol": "MOH", "annualReports": [{"fiscalDateEnding": "2024-12-31", "reportedCurrency": "USD", "grossProfit": "40650000000", "totalRevenue": "40650000000", "costOfRevenue": "35914000000", "costofGoodsAndServicesSold": "35914000000", "operatingIncome": "1707000000", "sellingGeneralAndAdministrative": "2743000000", "researchAndDevelopment": "None", "operatingExpenses": "38943000000", "investmentIncomeNet": "None", "netInterestIncome": "-118000000", "interestIncome": "None", "interestExpense": "118000000", "nonInterestIncome": "None", "otherNonOperatingIncome": "None", "depreciation": "None", "depreciationAndAmortization": "186000000", "incomeBeforeTax": "1589000000", "incomeTaxExpense": "410000000", "interestAndDebtExpense": "None", "netIncomeFromContinuingOperations": "1179000000", "comprehensiveIncomeNetOfTax": "None", "ebit": "1707000000", "ebitda": "1893000000", "netIncome": "1179000000"}, {"fiscalDateEnding": "2023-12-31", "reportedCurrency": "USD", "grossProfit": "4334000000", "totalRevenue": "34072000000", "costOfRevenue": "29738000000", "costofGoodsAndServicesSold": "29738000000", "operatingIncome": "1573000000", "sellingGeneralAndAdministrative": "2462000000", "researchAndDevelopment": "None", "operatingExpenses": "2761000000", "investmentIncomeNet": "None", "netInterestIncome": "-109000000", "interestIncome": "None", "interestExpense": "109000000", "nonInterestIncome": "None", "otherNonOperatingIncome": "None", "depreciation": "None", "depreciationAndAmortization": "171000000", "incomeBeforeTax": "1464000000", "incomeTaxExpense": "373000000", "interestAndDebtExpense": "None", "netIncomeFromContinuingOperations": "1091000000", "comprehensiveIncomeNetOfTax": "None", "ebit": "1573000000", "ebitda": "1744000000", "netIncome": "1091000000"}, {"fiscalDateEnding": "2022-12-31", "reportedCurrency": "USD", "grossProfit": "3926000000", "totalRevenue": "31974000000", "costOfRevenue": "28048000000", "costofGoodsAndServicesSold": "28048000000", "operatingIncome": "1173000000", "sellingGeneralAndAdministrative": "2311000000", "researchAndDevelopment": "None", "operatingExpenses": "2545000000", "investmentIncomeNet": "None", "netInterestIncome": "-110000000", "interestIncome": "110000000", "interestExpense": "110000000", "nonInterestIncome": "None", "otherNonOperatingIncome": "None", "depreciation": "None", "depreciationAndAmortization": "176000000", "incomeBeforeTax": "1063000000", "incomeTaxExpense": "271000000", "interestAndDebtExpense": "None", "netIncomeFromContinuingOperations": "792000000", "comprehensiveIncomeNetOfTax": "None", "ebit": "1173000000", "ebitda": "1349000000", "netIncome": "792000000"}, {"fiscalDateEnding": "2021-12-31", "reportedCurrency": "USD", "grossProfit": "3280000000", "totalRevenue": "27771000000", "costOfRevenue": "24491000000", "costofGoodsAndServicesSold": "24491000000", "operatingIncome": "1020000000", "sellingGeneralAndAdministrative": "2068000000", "researchAndDevelopment": "None", "operatingExpenses": "2260000000", "investmentIncomeNet": "None", "netInterestIncome": "-120000000", "interestIncome": "120000000", "interestExpense": "120000000", "nonInterestIncome": "None", "otherNonOperatingIncome": "-25000000", "depreciation": "None", "depreciationAndAmortization": "131000000", "incomeBeforeTax": "875000000", "incomeTaxExpense": "216000000", "interestAndDebtExpense": "None", "netIncomeFromContinuingOperations": "659000000", "comprehensiveIncomeNetOfTax": "None", "ebit": "995000000", "ebitda": "1126000000", "netIncome": "659000000"}, {"fiscalDateEnding": "2020-12-31", "reportedCurrency": "USD", "grossProfit": "2677000000", "totalRevenue": "19423000000", "costOfRevenue": "16746000000", "costofGoodsAndServicesSold": "16746000000", "operatingIncome": "1078000000", "sellingGeneralAndAdministrative": "1480000000", "researchAndDevelopment": "None", "operatingExpenses": "1599000000", "investmentIncomeNet": "None", "netInterestIncome": "-102000000", "interestIncome": "102000000", "interestExpense": "102000000", "nonInterestIncome": "None", "otherNonOperatingIncome": "-15000000", "depreciation": "None", "depreciationAndAmortization": "88000000", "incomeBeforeTax": "961000000", "incomeTaxExpense": "288000000", "interestAndDebtExpense": "None", "netIncomeFromContinuingOperations": "673000000", "comprehensiveIncomeNetOfTax": "None", "ebit": "1063000000", "ebitda": "1151000000", "netIncome": "673000000"}, {"fiscalDateEnding": "2019-12-31", "reportedCurrency": "USD", "grossProfit": "2435000000", "totalRevenue": "16829000000", "costOfRevenue": "14394000000", "costofGoodsAndServicesSold": "14394000000", "operatingIncome": "1044000000", "sellingGeneralAndAdministrative": "1296000000", "researchAndDevelopment": "None", "operatingExpenses": "1385000000", "investmentIncomeNet": "None", "netInterestIncome": "-87000000", "interestIncome": "87000000", "interestExpense": "87000000", "nonInterestIncome": "None", "otherNonOperatingIncome": "15000000", "depreciation": "None", "depreciationAndAmortization": "89000000", "incomeBeforeTax": "972000000", "incomeTaxExpense": "235000000", "interestAndDebtExpense": "None", "netIncomeFromContinuingOperations": "737000000", "comprehensiveIncomeNetOfTax": "None", "ebit": "1059000000", "ebitda": "1148000000", "netIncome": "737000000"}, {"fiscalDateEnding": "2018-12-31", "reportedCurrency": "USD", "grossProfit": "2624000000", "totalRevenue": "18890000000", "costOfRevenue": "16266000000", "costofGoodsAndServicesSold": "16266000000", "operatingIncome": "1131000000", "sellingGeneralAndAdministrative": "1333000000", "researchAndDevelopment": "0", "operatingExpenses": "1432000000", "investmentIncomeNet": "None", "netInterestIncome": "-115000000", "interestIncome": "115000000", "interestExpense": "115000000", "nonInterestIncome": "None", "otherNonOperatingIncome": "-17000000", "depreciation": "None", "depreciationAndAmortization": "127000000", "incomeBeforeTax": "999000000", "incomeTaxExpense": "292000000", "interestAndDebtExpense": "None", "netIncomeFromContinuingOperations": "1291000000", "comprehensiveIncomeNetOfTax": "None", "ebit": "1114000000", "ebitda": "1241000000", "netIncome": "707000000"}, {"fiscalDateEnding": "2017-12-31", "reportedCurrency": "USD", "grossProfit": "1880000000", "totalRevenue": "19883000000", "costOfRevenue": "18003000000", "costofGoodsAndServicesSold": "18003000000", "operatingIncome": "-555000000", "sellingGeneralAndAdministrative": "1594000000", "researchAndDevelopment": "0", "operatingExpenses": "1731000000", "investmentIncomeNet": "None", "netInterestIncome": "-118000000", "interestIncome": "118000000", "interestExpense": "118000000", "nonInterestIncome": "None", "otherNonOperatingIncome": "61000000", "depreciation": "None", "depreciationAndAmortization": "178000000", "incomeBeforeTax": "-612000000", "incomeTaxExpense": "-100000000", "interestAndDebtExpense": "None", "netIncomeFromContinuingOperations": "-712000000", "comprehensiveIncomeNetOfTax": "None", "ebit": "-494000000", "ebitda": "-316000000", "netIncome": "-512000000"}, {"fiscalDateEnding": "2016-12-31", "reportedCurrency": "USD", "grossProfit": "1770000000", "totalRevenue": "17711000000", "costOfRevenue": "15941000000", "costofGoodsAndServicesSold": "15941000000", "operatingIncome": "238000000", "sellingGeneralAndAdministrative": "1393000000", "researchAndDevelopment": "0", "operatingExpenses": "1532000000", "investmentIncomeNet": "None", "netInterestIncome": "-101000000", "interestIncome": "101000000", "interestExpense": "101000000", "nonInterestIncome": "None", "otherNonOperatingIncome": "None", "depreciation": "None", "depreciationAndAmortization": "182000000", "incomeBeforeTax": "137000000", "incomeTaxExpense": "129000000", "interestAndDebtExpense": "None", "netIncomeFromContinuingOperations": "52000000", "comprehensiveIncomeNetOfTax": "None", "ebit": "306000000", "ebitda": "488000000", "netIncome": "8000000"}, {"fiscalDateEnding": "2015-12-31", "reportedCurrency": "USD", "grossProfit": "1638000000", "totalRevenue": "14072000000", "costOfRevenue": "12434000000", "costofGoodsAndServicesSold": "12434000000", "operatingIncome": "387000000", "sellingGeneralAndAdministrative": "1147000000", "researchAndDevelopment": "0", "operatingExpenses": "1251000000", "investmentIncomeNet": "None", "netInterestIncome": "None", "interestIncome": "66000000", "interestExpense": "67000000", "nonInterestIncome": "None", "otherNonOperatingIncome": "1000000", "depreciation": "None", "depreciationAndAmortization": "126000000", "incomeBeforeTax": "322000000", "incomeTaxExpense": "179000000", "interestAndDebtExpense": "None", "netIncomeFromContinuingOperations": "143000000", "comprehensiveIncomeNetOfTax": "None", "ebit": "388000000", "ebitda": "514000000", "netIncome": "143000000"}, {"fiscalDateEnding": "2014-12-31", "reportedCurrency": "USD", "grossProfit": "1050527000", "totalRevenue": "9666601000", "costOfRevenue": "8616074000", "costofGoodsAndServicesSold": "8616074000", "operatingIncome": "192917000", "sellingGeneralAndAdministrative": "764693000", "researchAndDevelopment": "0", "operatingExpenses": "857610000", "investmentIncomeNet": "None", "netInterestIncome": "None", "interestIncome": "None", "interestExpense": "56811000", "nonInterestIncome": "None", "otherNonOperatingIncome": "-57613000", "depreciation": "None", "depreciationAndAmortization": "134404000", "incomeBeforeTax": "135304000", "incomeTaxExpense": "72726000", "interestAndDebtExpense": "None", "netIncomeFromContinuingOperations": "62578000", "comprehensiveIncomeNetOfTax": "None", "ebit": "198295000", "ebitda": "332699000", "netIncome": "62223000"}, {"fiscalDateEnding": "2013-12-31", "reportedCurrency": "USD", "grossProfit": "875299000", "totalRevenue": "6588934000", "costOfRevenue": "5713635000", "costofGoodsAndServicesSold": "5713635000", "operatingIncome": "136560000", "sellingGeneralAndAdministrative": "665996000", "researchAndDevelopment": "0", "operatingExpenses": "738739000", "investmentIncomeNet": "None", "netInterestIncome": "None", "interestIncome": "None", "interestExpense": "52071000", "nonInterestIncome": "None", "otherNonOperatingIncome": "-55414000", "depreciation": "None", "depreciationAndAmortization": "93866000", "incomeBeforeTax": "81146000", "incomeTaxExpense": "36316000", "interestAndDebtExpense": "None", "netIncomeFromContinuingOperations": "44830000", "comprehensiveIncomeNetOfTax": "None", "ebit": "120193000", "ebitda": "214059000", "netIncome": "52929000"}, {"fiscalDateEnding": "2012-12-31", "reportedCurrency": "USD", "grossProfit": "631804000", "totalRevenue": "6028763000", "costOfRevenue": "5396959000", "costofGoodsAndServicesSold": "5396959000", "operatingIncome": "35473000", "sellingGeneralAndAdministrative": "532627000", "researchAndDevelopment": "0", "operatingExpenses": "596331000", "investmentIncomeNet": "None", "netInterestIncome": "None", "interestIncome": "None", "interestExpense": "16769000", "nonInterestIncome": "None", "otherNonOperatingIncome": "-16408000", "depreciation": "None", "depreciationAndAmortization": "78764000", "incomeBeforeTax": "19065000", "incomeTaxExpense": "9275000", "interestAndDebtExpense": "None", "netIncomeFromContinuingOperations": "9790000", "comprehensiveIncomeNetOfTax": "None", "ebit": "39558000", "ebitda": "118322000", "netIncome": "9790000"}, {"fiscalDateEnding": "2011-12-31", "reportedCurrency": "USD", "grossProfit": "765959000", "totalRevenue": "4769940000", "costOfRevenue": "4003981000", "costofGoodsAndServicesSold": "4003981000", "operatingIncome": "80173000", "sellingGeneralAndAdministrative": "415932000", "researchAndDevelopment": "None", "operatingExpenses": "621211000", "investmentIncomeNet": "None", "netInterestIncome": "None", "interestIncome": "None", "interestExpense": "15519000", "nonInterestIncome": "None", "otherNonOperatingIncome": "None", "depreciation": "None", "depreciationAndAmortization": "74383000", "incomeBeforeTax": "64654000", "incomeTaxExpense": "43836000", "interestAndDebtExpense": "None", "netIncomeFromContinuingOperations": "20818000", "comprehensiveIncomeNetOfTax": "None", "ebit": "135821000", "ebitda": "210204000", "netIncome": "20818000"}, {"fiscalDateEnding": "2010-12-31", "reportedCurrency": "USD", "grossProfit": "636473000", "totalRevenue": "4085977000", "costOfRevenue": "3449504000", "costofGoodsAndServicesSold": "3449504000", "operatingIncome": "105001000", "sellingGeneralAndAdministrative": "345993000", "researchAndDevelopment": "None", "operatingExpenses": "531472000", "investmentIncomeNet": "None", "netInterestIncome": "None", "interestIncome": "None", "interestExpense": "15509000", "nonInterestIncome": "None", "otherNonOperatingIncome": "None", "depreciation": "None", "depreciationAndAmortization": "60765000", "incomeBeforeTax": "89492000", "incomeTaxExpense": "34522000", "interestAndDebtExpense": "None", "netIncomeFromContinuingOperations": "None", "comprehensiveIncomeNetOfTax": "None", "ebit": "105001000", "ebitda": "165766000", "netIncome": "54970000"}, {"fiscalDateEnding": "2009-12-31", "reportedCurrency": "USD", "grossProfit": "493120000", "totalRevenue": "3669356000", "costOfRevenue": "3176236000", "costofGoodsAndServicesSold": "3176236000", "operatingIncome": "57393000", "sellingGeneralAndAdministrative": "399149000", "researchAndDevelopment": "None", "operatingExpenses": "437259000", "investmentIncomeNet": "None", "netInterestIncome": "None", "interestIncome": "None", "interestExpense": "13777000", "nonInterestIncome": "None", "otherNonOperatingIncome": "None", "depreciation": "None", "depreciationAndAmortization": "38110000", "incomeBeforeTax": "43616000", "incomeTaxExpense": "12748000", "interestAndDebtExpense": "None", "netIncomeFromContinuingOperations": "None", "comprehensiveIncomeNetOfTax": "None", "ebit": "55861000", "ebitda": "93971000", "netIncome": "30868000"}, {"fiscalDateEnding": "2008-12-31", "reportedCurrency": "USD", "grossProfit": "491054000", "totalRevenue": "3112366000", "costOfRevenue": "2621312000", "costofGoodsAndServicesSold": "2621312000", "operatingIncome": "112605000", "sellingGeneralAndAdministrative": "344761000", "researchAndDevelopment": "None", "operatingExpenses": "378449000", "investmentIncomeNet": "None", "netInterestIncome": "None", "interestIncome": "None", "interestExpense": "8714000", "nonInterestIncome": "None", "otherNonOperatingIncome": "None", "depreciation": "None", "depreciationAndAmortization": "35314000", "incomeBeforeTax": "103891000", "incomeTaxExpense": "41493000", "interestAndDebtExpense": "None", "netIncomeFromContinuingOperations": "None", "comprehensiveIncomeNetOfTax": "None", "ebit": "110979000", "ebitda": "146293000", "netIncome": "62398000"}, {"fiscalDateEnding": "2007-12-31", "reportedCurrency": "USD", "grossProfit": "412371000", "totalRevenue": "2492454000", "costOfRevenue": "2080083000", "costofGoodsAndServicesSold": "2080083000", "operatingIncome": "98327000", "sellingGeneralAndAdministrative": "285295000", "researchAndDevelopment": "None", "operatingExpenses": "314044000", "investmentIncomeNet": "None", "netInterestIncome": "None", "interestIncome": "None", "interestExpense": "4631000", "nonInterestIncome": "None", "otherNonOperatingIncome": "None", "depreciation": "None", "depreciationAndAmortization": "27967000", "incomeBeforeTax": "93696000", "incomeTaxExpense": "35366000", "interestAndDebtExpense": "None", "netIncomeFromContinuingOperations": "None", "comprehensiveIncomeNetOfTax": "None", "ebit": "98327000", "ebitda": "126294000", "netIncome": "58330000"}, {"fiscalDateEnding": "2006-12-31", "reportedCurrency": "USD", "grossProfit": "326343000", "totalRevenue": "2004995000", "costOfRevenue": "1678652000", "costofGoodsAndServicesSold": "1678652000", "operatingIncome": "75811000", "sellingGeneralAndAdministrative": "229057000", "researchAndDevelopment": "None", "operatingExpenses": "250532000", "investmentIncomeNet": "None", "netInterestIncome": "None", "interestIncome": "None", "interestExpense": "2353000", "nonInterestIncome": "None", "otherNonOperatingIncome": "None", "depreciation": "None", "depreciationAndAmortization": "21475000", "incomeBeforeTax": "73458000", "incomeTaxExpense": "27731000", "interestAndDebtExpense": "None", "netIncomeFromContinuingOperations": "None", "comprehensiveIncomeNetOfTax": "None", "ebit": "75811000", "ebitda": "97286000", "netIncome": "45727000"}, {"fiscalDateEnding": "2005-12-31", "reportedCurrency": "USD", "grossProfit": "225186000", "totalRevenue": "1650058000", "costOfRevenue": "1424872000", "costofGoodsAndServicesSold": "1424872000", "operatingIncome": "45780000", "sellingGeneralAndAdministrative": "163342000", "researchAndDevelopment": "None", "operatingExpenses": "179406000", "investmentIncomeNet": "None", "netInterestIncome": "None", "interestIncome": "None", "interestExpense": "1529000", "nonInterestIncome": "None", "otherNonOperatingIncome": "None", "depreciation": "None", "depreciationAndAmortization": "15125000", "incomeBeforeTax": "43851000", "incomeTaxExpense": "16255000", "interestAndDebtExpense": "None", "netIncomeFromContinuingOperations": "None", "comprehensiveIncomeNetOfTax": "None", "ebit": "45780000", "ebitda": "60905000", "netIncome": "27596000"}], "quarterlyReports": [{"fiscalDateEnding": "2024-12-31", "reportedCurrency": "USD", "grossProfit": "1113000000", "totalRevenue": "10499000000", "costOfRevenue": "9386000000", "costofGoodsAndServicesSold": "9386000000", "operatingIncome": "380000000", "sellingGeneralAndAdministrative": "665000000", "researchAndDevelopment": "None", "operatingExpenses": "733000000", "investmentIncomeNet": "None", "netInterestIncome": "-34000000", "interestIncome": "None", "interestExpense": "34000000", "nonInterestIncome": "None", "otherNonOperatingIncome": "None", "depreciation": "None", "depreciationAndAmortization": "48000000", "incomeBeforeTax": "346000000", "incomeTaxExpense": "95000000", "interestAndDebtExpense": "None", "netIncomeFromContinuingOperations": "251000000", "comprehensiveIncomeNetOfTax": "None", "ebit": "380000000", "ebitda": "428000000", "netIncome": "251000000"}, {"fiscalDateEnding": "2024-09-30", "reportedCurrency": "USD", "grossProfit": "1189000000", "totalRevenue": "10340000000", "costOfRevenue": "9151000000", "costofGoodsAndServicesSold": "9151000000", "operatingIncome": "467000000", "sellingGeneralAndAdministrative": "676000000", "researchAndDevelopment": "None", "operatingExpenses": "722000000", "investmentIncomeNet": "None", "netInterestIncome": "-29000000", "interestIncome": "None", "interestExpense": "29000000", "nonInterestIncome": "None", "otherNonOperatingIncome": "None", "depreciation": "None", "depreciationAndAmortization": "47000000", "incomeBeforeTax": "438000000", "incomeTaxExpense": "112000000", "interestAndDebtExpense": "None", "netIncomeFromContinuingOperations": "326000000", "comprehensiveIncomeNetOfTax": "None", "ebit": "467000000", "ebitda": "514000000", "netIncome": "326000000"}, {"fiscalDateEnding": "2024-06-30", "reportedCurrency": "USD", "grossProfit": "1193000000", "totalRevenue": "9859000000", "costOfRevenue": "8666000000", "costofGoodsAndServicesSold": "8666000000", "operatingIncome": "434000000", "sellingGeneralAndAdministrative": "691000000", "researchAndDevelopment": "None", "operatingExpenses": "1078000000", "investmentIncomeNet": "None", "netInterestIncome": "-28000000", "interestIncome": "None", "interestExpense": "28000000", "nonInterestIncome": "None", "otherNonOperatingIncome": "None", "depreciation": "None", "depreciationAndAmortization": "46000000", "incomeBeforeTax": "406000000", "incomeTaxExpense": "105000000", "interestAndDebtExpense": "None", "netIncomeFromContinuingOperations": "301000000", "comprehensiveIncomeNetOfTax": "None", "ebit": "434000000", "ebitda": "480000000", "netIncome": "301000000"}, {"fiscalDateEnding": "2024-03-31", "reportedCurrency": "USD", "grossProfit": "1220000000", "totalRevenue": "9931000000", "costOfRevenue": "8711000000", "costofGoodsAndServicesSold": "8711000000", "operatingIncome": "426000000", "sellingGeneralAndAdministrative": "711000000", "researchAndDevelopment": "None", "operatingExpenses": "1091000000", "investmentIncomeNet": "None", "netInterestIncome": "-27000000", "interestIncome": "None", "interestExpense": "27000000", "nonInterestIncome": "None", "otherNonOperatingIncome": "None", "depreciation": "None", "depreciationAndAmortization": "45000000", "incomeBeforeTax": "399000000", "incomeTaxExpense": "98000000", "interestAndDebtExpense": "None", "netIncomeFromContinuingOperations": "301000000", "comprehensiveIncomeNetOfTax": "None", "ebit": "426000000", "ebitda": "471000000", "netIncome": "301000000"}, {"fiscalDateEnding": "2023-12-31", "reportedCurrency": "USD", "grossProfit": "1042000000", "totalRevenue": "9048000000", "costOfRevenue": "8006000000", "costofGoodsAndServicesSold": "8006000000", "operatingIncome": "316000000", "sellingGeneralAndAdministrative": "645000000", "researchAndDevelopment": "None", "operatingExpenses": "726000000", "investmentIncomeNet": "None", "netInterestIncome": "-27000000", "interestIncome": "None", "interestExpense": "27000000", "nonInterestIncome": "None", "otherNonOperatingIncome": "None", "depreciation": "None", "depreciationAndAmortization": "43000000", "incomeBeforeTax": "289000000", "incomeTaxExpense": "73000000", "interestAndDebtExpense": "None", "netIncomeFromContinuingOperations": "216000000", "comprehensiveIncomeNetOfTax": "None", "ebit": "316000000", "ebitda": "359000000", "netIncome": "216000000"}, {"fiscalDateEnding": "2023-09-30", "reportedCurrency": "USD", "grossProfit": "1066000000", "totalRevenue": "8548000000", "costOfRevenue": "7482000000", "costofGoodsAndServicesSold": "7482000000", "operatingIncome": "359000000", "sellingGeneralAndAdministrative": "608000000", "researchAndDevelopment": "None", "operatingExpenses": "8189000000", "investmentIncomeNet": "None", "netInterestIncome": "-27000000", "interestIncome": "27000000", "interestExpense": "27000000", "nonInterestIncome": "None", "otherNonOperatingIncome": "None", "depreciation": "None", "depreciationAndAmortization": "42000000", "incomeBeforeTax": "332000000", "incomeTaxExpense": "87000000", "interestAndDebtExpense": "None", "netIncomeFromContinuingOperations": "245000000", "comprehensiveIncomeNetOfTax": "None", "ebit": "359000000", "ebitda": "401000000", "netIncome": "245000000"}, {"fiscalDateEnding": "2023-06-30", "reportedCurrency": "USD", "grossProfit": "1120000000", "totalRevenue": "8327000000", "costOfRevenue": "7207000000", "costofGoodsAndServicesSold": "7207000000", "operatingIncome": "443000000", "sellingGeneralAndAdministrative": "618000000", "researchAndDevelopment": "None", "operatingExpenses": "677000000", "investmentIncomeNet": "None", "netInterestIncome": "-27000000", "interestIncome": "27000000", "interestExpense": "27000000", "nonInterestIncome": "None", "otherNonOperatingIncome": "None", "depreciation": "None", "depreciationAndAmortization": "42000000", "incomeBeforeTax": "416000000", "incomeTaxExpense": "107000000", "interestAndDebtExpense": "None", "netIncomeFromContinuingOperations": "309000000", "comprehensiveIncomeNetOfTax": "None", "ebit": "443000000", "ebitda": "485000000", "netIncome": "309000000"}, {"fiscalDateEnding": "2023-03-31", "reportedCurrency": "USD", "grossProfit": "1106000000", "totalRevenue": "8149000000", "costOfRevenue": "7043000000", "costofGoodsAndServicesSold": "7043000000", "operatingIncome": "455000000", "sellingGeneralAndAdministrative": "591000000", "researchAndDevelopment": "None", "operatingExpenses": "651000000", "investmentIncomeNet": "None", "netInterestIncome": "-28000000", "interestIncome": "28000000", "interestExpense": "28000000", "nonInterestIncome": "None", "otherNonOperatingIncome": "None", "depreciation": "None", "depreciationAndAmortization": "44000000", "incomeBeforeTax": "427000000", "incomeTaxExpense": "106000000", "interestAndDebtExpense": "None", "netIncomeFromContinuingOperations": "321000000", "comprehensiveIncomeNetOfTax": "None", "ebit": "455000000", "ebitda": "499000000", "netIncome": "321000000"}, {"fiscalDateEnding": "2022-12-31", "reportedCurrency": "USD", "grossProfit": "1004000000", "totalRevenue": "8223000000", "costOfRevenue": "7219000000", "costofGoodsAndServicesSold": "7219000000", "operatingIncome": "313000000", "sellingGeneralAndAdministrative": "629000000", "researchAndDevelopment": "None", "operatingExpenses": "691000000", "investmentIncomeNet": "None", "netInterestIncome": "-27000000", "interestIncome": "27000000", "interestExpense": "27000000", "nonInterestIncome": "None", "otherNonOperatingIncome": "None", "depreciation": "None", "depreciationAndAmortization": "47000000", "incomeBeforeTax": "78000000", "incomeTaxExpense": "22000000", "interestAndDebtExpense": "None", "netIncomeFromContinuingOperations": "56000000", "comprehensiveIncomeNetOfTax": "None", "ebit": "105000000", "ebitda": "152000000", "netIncome": "56000000"}, {"fiscalDateEnding": "2022-09-30", "reportedCurrency": "USD", "grossProfit": "956000000", "totalRevenue": "7927000000", "costOfRevenue": "6971000000", "costofGoodsAndServicesSold": "6971000000", "operatingIncome": "335000000", "sellingGeneralAndAdministrative": "560000000", "researchAndDevelopment": "None", "operatingExpenses": "621000000", "investmentIncomeNet": "None", "netInterestIncome": "-28000000", "interestIncome": "28000000", "interestExpense": "28000000", "nonInterestIncome": "None", "otherNonOperatingIncome": "None", "depreciation": "None", "depreciationAndAmortization": "45000000", "incomeBeforeTax": "307000000", "incomeTaxExpense": "77000000", "interestAndDebtExpense": "None", "netIncomeFromContinuingOperations": "230000000", "comprehensiveIncomeNetOfTax": "None", "ebit": "335000000", "ebitda": "380000000", "netIncome": "230000000"}, {"fiscalDateEnding": "2022-06-30", "reportedCurrency": "USD", "grossProfit": "967000000", "totalRevenue": "8054000000", "costOfRevenue": "7087000000", "costofGoodsAndServicesSold": "7087000000", "operatingIncome": "361000000", "sellingGeneralAndAdministrative": "551000000", "researchAndDevelopment": "None", "operatingExpenses": "606000000", "investmentIncomeNet": "None", "netInterestIncome": "-27000000", "interestIncome": "27000000", "interestExpense": "27000000", "nonInterestIncome": "None", "otherNonOperatingIncome": "None", "depreciation": "None", "depreciationAndAmortization": "44000000", "incomeBeforeTax": "334000000", "incomeTaxExpense": "86000000", "interestAndDebtExpense": "None", "netIncomeFromContinuingOperations": "248000000", "comprehensiveIncomeNetOfTax": "None", "ebit": "361000000", "ebitda": "405000000", "netIncome": "248000000"}, {"fiscalDateEnding": "2022-03-31", "reportedCurrency": "USD", "grossProfit": "999000000", "totalRevenue": "7770000000", "costOfRevenue": "6771000000", "costofGoodsAndServicesSold": "6771000000", "operatingIncome": "372000000", "sellingGeneralAndAdministrative": "571000000", "researchAndDevelopment": "None", "operatingExpenses": "627000000", "investmentIncomeNet": "None", "netInterestIncome": "-28000000", "interestIncome": "28000000", "interestExpense": "28000000", "nonInterestIncome": "None", "otherNonOperatingIncome": "None", "depreciation": "None", "depreciationAndAmortization": "40000000", "incomeBeforeTax": "344000000", "incomeTaxExpense": "86000000", "interestAndDebtExpense": "None", "netIncomeFromContinuingOperations": "258000000", "comprehensiveIncomeNetOfTax": "None", "ebit": "372000000", "ebitda": "412000000", "netIncome": "258000000"}, {"fiscalDateEnding": "2021-12-31", "reportedCurrency": "USD", "grossProfit": "836000000", "totalRevenue": "7409000000", "costOfRevenue": "6573000000", "costofGoodsAndServicesSold": "6573000000", "operatingIncome": "191000000", "sellingGeneralAndAdministrative": "579000000", "researchAndDevelopment": "None", "operatingExpenses": "645000000", "investmentIncomeNet": "None", "netInterestIncome": "-30000000", "interestIncome": "30000000", "interestExpense": "30000000", "nonInterestIncome": "None", "otherNonOperatingIncome": "-25000000", "depreciation": "None", "depreciationAndAmortization": "35000000", "incomeBeforeTax": "136000000", "incomeTaxExpense": "33000000", "interestAndDebtExpense": "None", "netIncomeFromContinuingOperations": "103000000", "comprehensiveIncomeNetOfTax": "None", "ebit": "166000000", "ebitda": "201000000", "netIncome": "103000000"}, {"fiscalDateEnding": "2021-09-30", "reportedCurrency": "USD", "grossProfit": "787000000", "totalRevenue": "7040000000", "costOfRevenue": "6253000000", "costofGoodsAndServicesSold": "6253000000", "operatingIncome": "221000000", "sellingGeneralAndAdministrative": "532000000", "researchAndDevelopment": "None", "operatingExpenses": "566000000", "investmentIncomeNet": "None", "netInterestIncome": "-30000000", "interestIncome": "30000000", "interestExpense": "30000000", "nonInterestIncome": "None", "otherNonOperatingIncome": "None", "depreciation": "None", "depreciationAndAmortization": "32000000", "incomeBeforeTax": "191000000", "incomeTaxExpense": "48000000", "interestAndDebtExpense": "None", "netIncomeFromContinuingOperations": "143000000", "comprehensiveIncomeNetOfTax": "None", "ebit": "221000000", "ebitda": "253000000", "netIncome": "143000000"}, {"fiscalDateEnding": "2021-06-30", "reportedCurrency": "USD", "grossProfit": "796000000", "totalRevenue": "6800000000", "costOfRevenue": "6004000000", "costofGoodsAndServicesSold": "6004000000", "operatingIncome": "273000000", "sellingGeneralAndAdministrative": "484000000", "researchAndDevelopment": "None", "operatingExpenses": "523000000", "investmentIncomeNet": "None", "netInterestIncome": "-30000000", "interestIncome": "30000000", "interestExpense": "30000000", "nonInterestIncome": "None", "otherNonOperatingIncome": "None", "depreciation": "None", "depreciationAndAmortization": "31000000", "incomeBeforeTax": "243000000", "incomeTaxExpense": "58000000", "interestAndDebtExpense": "None", "netIncomeFromContinuingOperations": "185000000", "comprehensiveIncomeNetOfTax": "None", "ebit": "273000000", "ebitda": "304000000", "netIncome": "185000000"}, {"fiscalDateEnding": "2021-03-31", "reportedCurrency": "USD", "grossProfit": "861000000", "totalRevenue": "6522000000", "costOfRevenue": "5661000000", "costofGoodsAndServicesSold": "5661000000", "operatingIncome": "335000000", "sellingGeneralAndAdministrative": "473000000", "researchAndDevelopment": "None", "operatingExpenses": "526000000", "investmentIncomeNet": "None", "netInterestIncome": "-30000000", "interestIncome": "30000000", "interestExpense": "30000000", "nonInterestIncome": "None", "otherNonOperatingIncome": "None", "depreciation": "None", "depreciationAndAmortization": "33000000", "incomeBeforeTax": "305000000", "incomeTaxExpense": "77000000", "interestAndDebtExpense": "None", "netIncomeFromContinuingOperations": "228000000", "comprehensiveIncomeNetOfTax": "None", "ebit": "335000000", "ebitda": "368000000", "netIncome": "228000000"}, {"fiscalDateEnding": "2020-12-31", "reportedCurrency": "USD", "grossProfit": "587000000", "totalRevenue": "5235000000", "costOfRevenue": "4648000000", "costofGoodsAndServicesSold": "4648000000", "operatingIncome": "91000000", "sellingGeneralAndAdministrative": "450000000", "researchAndDevelopment": "None", "operatingExpenses": "496000000", "investmentIncomeNet": "None", "netInterestIncome": "-30000000", "interestIncome": "30000000", "interestExpense": "30000000", "nonInterestIncome": "None", "otherNonOperatingIncome": "-10000000", "depreciation": "None", "depreciationAndAmortization": "24000000", "incomeBeforeTax": "51000000", "incomeTaxExpense": "17000000", "interestAndDebtExpense": "None", "netIncomeFromContinuingOperations": "34000000", "comprehensiveIncomeNetOfTax": "None", "ebit": "81000000", "ebitda": "105000000", "netIncome": "34000000"}, {"fiscalDateEnding": "2020-09-30", "reportedCurrency": "USD", "grossProfit": "683000000", "totalRevenue": "5021000000", "costOfRevenue": "4338000000", "costofGoodsAndServicesSold": "4338000000", "operatingIncome": "289000000", "sellingGeneralAndAdministrative": "368000000", "researchAndDevelopment": "None", "operatingExpenses": "394000000", "investmentIncomeNet": "None", "netInterestIncome": "-27000000", "interestIncome": "27000000", "interestExpense": "27000000", "nonInterestIncome": "None", "otherNonOperatingIncome": "None", "depreciation": "None", "depreciationAndAmortization": "23000000", "incomeBeforeTax": "262000000", "incomeTaxExpense": "77000000", "interestAndDebtExpense": "None", "netIncomeFromContinuingOperations": "185000000", "comprehensiveIncomeNetOfTax": "None", "ebit": "289000000", "ebitda": "312000000", "netIncome": "185000000"}, {"fiscalDateEnding": "2020-06-30", "reportedCurrency": "USD", "grossProfit": "792000000", "totalRevenue": "4618000000", "costOfRevenue": "3826000000", "costofGoodsAndServicesSold": "3826000000", "operatingIncome": "424000000", "sellingGeneralAndAdministrative": "345000000", "researchAndDevelopment": "None", "operatingExpenses": "368000000", "investmentIncomeNet": "None", "netInterestIncome": "-24000000", "interestIncome": "24000000", "interestExpense": "24000000", "nonInterestIncome": "None", "otherNonOperatingIncome": "-5000000", "depreciation": "None", "depreciationAndAmortization": "21000000", "incomeBeforeTax": "395000000", "incomeTaxExpense": "119000000", "interestAndDebtExpense": "None", "netIncomeFromContinuingOperations": "276000000", "comprehensiveIncomeNetOfTax": "None", "ebit": "419000000", "ebitda": "440000000", "netIncome": "276000000"}, {"fiscalDateEnding": "2020-03-31", "reportedCurrency": "USD", "grossProfit": "615000000", "totalRevenue": "4549000000", "costOfRevenue": "3934000000", "costofGoodsAndServicesSold": "3934000000", "operatingIncome": "274000000", "sellingGeneralAndAdministrative": "317000000", "researchAndDevelopment": "None", "operatingExpenses": "341000000", "investmentIncomeNet": "None", "netInterestIncome": "-21000000", "interestIncome": "21000000", "interestExpense": "21000000", "nonInterestIncome": "None", "otherNonOperatingIncome": "None", "depreciation": "None", "depreciationAndAmortization": "20000000", "incomeBeforeTax": "253000000", "incomeTaxExpense": "75000000", "interestAndDebtExpense": "None", "netIncomeFromContinuingOperations": "178000000", "comprehensiveIncomeNetOfTax": "None", "ebit": "274000000", "ebitda": "294000000", "netIncome": "178000000"}, {"fiscalDateEnding": "2019-12-31", "reportedCurrency": "USD", "grossProfit": "607000000", "totalRevenue": "4274000000", "costOfRevenue": "3667000000", "costofGoodsAndServicesSold": "3667000000", "operatingIncome": "242000000", "sellingGeneralAndAdministrative": "343000000", "researchAndDevelopment": "None", "operatingExpenses": "364000000", "investmentIncomeNet": "None", "netInterestIncome": "-20000000", "interestIncome": "20000000", "interestExpense": "20000000", "nonInterestIncome": "None", "otherNonOperatingIncome": "None", "depreciation": "None", "depreciationAndAmortization": "21000000", "incomeBeforeTax": "222000000", "incomeTaxExpense": "54000000", "interestAndDebtExpense": "None", "netIncomeFromContinuingOperations": "44000000", "comprehensiveIncomeNetOfTax": "None", "ebit": "242000000", "ebitda": "263000000", "netIncome": "168000000"}, {"fiscalDateEnding": "2019-09-30", "reportedCurrency": "USD", "grossProfit": "601000000", "totalRevenue": "4243000000", "costOfRevenue": "3642000000", "costofGoodsAndServicesSold": "3642000000", "operatingIncome": "257000000", "sellingGeneralAndAdministrative": "323000000", "researchAndDevelopment": "None", "operatingExpenses": "344000000", "investmentIncomeNet": "None", "netInterestIncome": "-22000000", "interestIncome": "22000000", "interestExpense": "22000000", "nonInterestIncome": "None", "otherNonOperatingIncome": "-2000000", "depreciation": "None", "depreciationAndAmortization": "21000000", "incomeBeforeTax": "233000000", "incomeTaxExpense": "58000000", "interestAndDebtExpense": "None", "netIncomeFromContinuingOperations": "175000000", "comprehensiveIncomeNetOfTax": "None", "ebit": "255000000", "ebitda": "276000000", "netIncome": "175000000"}, {"fiscalDateEnding": "2019-06-30", "reportedCurrency": "USD", "grossProfit": "617000000", "totalRevenue": "4193000000", "costOfRevenue": "3576000000", "costofGoodsAndServicesSold": "3576000000", "operatingIncome": "265000000", "sellingGeneralAndAdministrative": "328000000", "researchAndDevelopment": "None", "operatingExpenses": "350000000", "investmentIncomeNet": "None", "netInterestIncome": "-22000000", "interestIncome": "22000000", "interestExpense": "22000000", "nonInterestIncome": "None", "otherNonOperatingIncome": "14000000", "depreciation": "None", "depreciationAndAmortization": "22000000", "incomeBeforeTax": "257000000", "incomeTaxExpense": "61000000", "interestAndDebtExpense": "None", "netIncomeFromContinuingOperations": "196000000", "comprehensiveIncomeNetOfTax": "None", "ebit": "279000000", "ebitda": "301000000", "netIncome": "196000000"}, {"fiscalDateEnding": "2019-03-31", "reportedCurrency": "USD", "grossProfit": "610000000", "totalRevenue": "4119000000", "costOfRevenue": "3509000000", "costofGoodsAndServicesSold": "3509000000", "operatingIncome": "280000000", "sellingGeneralAndAdministrative": "302000000", "researchAndDevelopment": "None", "operatingExpenses": "327000000", "investmentIncomeNet": "None", "netInterestIncome": "-23000000", "interestIncome": "23000000", "interestExpense": "23000000", "nonInterestIncome": "None", "otherNonOperatingIncome": "3000000", "depreciation": "None", "depreciationAndAmortization": "25000000", "incomeBeforeTax": "260000000", "incomeTaxExpense": "62000000", "interestAndDebtExpense": "None", "netIncomeFromContinuingOperations": "322000000", "comprehensiveIncomeNetOfTax": "None", "ebit": "283000000", "ebitda": "308000000", "netIncome": "198000000"}, {"fiscalDateEnding": "2018-12-31", "reportedCurrency": "USD", "grossProfit": "690000000", "totalRevenue": "4664000000", "costOfRevenue": "3974000000", "costofGoodsAndServicesSold": "3974000000", "operatingIncome": "272000000", "sellingGeneralAndAdministrative": "335000000", "researchAndDevelopment": "0", "operatingExpenses": "358000000", "investmentIncomeNet": "None", "netInterestIncome": "None", "interestIncome": "None", "interestExpense": "24000000", "nonInterestIncome": "None", "otherNonOperatingIncome": "8000000", "depreciation": "None", "depreciationAndAmortization": "23000000", "incomeBeforeTax": "256000000", "incomeTaxExpense": "55000000", "interestAndDebtExpense": "None", "netIncomeFromContinuingOperations": "311000000", "comprehensiveIncomeNetOfTax": "None", "ebit": "280000000", "ebitda": "303000000", "netIncome": "201000000"}, {"fiscalDateEnding": "2018-09-30", "reportedCurrency": "USD", "grossProfit": "599000000", "totalRevenue": "4697000000", "costOfRevenue": "4098000000", "costofGoodsAndServicesSold": "4098000000", "operatingIncome": "295000000", "sellingGeneralAndAdministrative": "311000000", "researchAndDevelopment": "0", "operatingExpenses": "336000000", "investmentIncomeNet": "None", "netInterestIncome": "None", "interestIncome": "None", "interestExpense": "26000000", "nonInterestIncome": "None", "otherNonOperatingIncome": "-10000000", "depreciation": "None", "depreciationAndAmortization": "31000000", "incomeBeforeTax": "259000000", "incomeTaxExpense": "62000000", "interestAndDebtExpense": "None", "netIncomeFromContinuingOperations": "321000000", "comprehensiveIncomeNetOfTax": "None", "ebit": "279000000", "ebitda": "310000000", "netIncome": "197000000"}, {"fiscalDateEnding": "2018-06-30", "reportedCurrency": "USD", "grossProfit": "710000000", "totalRevenue": "4883000000", "costOfRevenue": "4173000000", "costofGoodsAndServicesSold": "4173000000", "operatingIncome": "342000000", "sellingGeneralAndAdministrative": "335000000", "researchAndDevelopment": "0", "operatingExpenses": "360000000", "investmentIncomeNet": "None", "netInterestIncome": "None", "interestIncome": "None", "interestExpense": "32000000", "nonInterestIncome": "None", "otherNonOperatingIncome": "-5000000", "depreciation": "None", "depreciationAndAmortization": "36000000", "incomeBeforeTax": "305000000", "incomeTaxExpense": "103000000", "interestAndDebtExpense": "None", "netIncomeFromContinuingOperations": "408000000", "comprehensiveIncomeNetOfTax": "None", "ebit": "337000000", "ebitda": "373000000", "netIncome": "202000000"}, {"fiscalDateEnding": "2018-03-31", "reportedCurrency": "USD", "grossProfit": "625000000", "totalRevenue": "4646000000", "costOfRevenue": "4021000000", "costofGoodsAndServicesSold": "4021000000", "operatingIncome": "222000000", "sellingGeneralAndAdministrative": "352000000", "researchAndDevelopment": "0", "operatingExpenses": "378000000", "investmentIncomeNet": "None", "netInterestIncome": "None", "interestIncome": "None", "interestExpense": "33000000", "nonInterestIncome": "None", "otherNonOperatingIncome": "-10000000", "depreciation": "None", "depreciationAndAmortization": "37000000", "incomeBeforeTax": "179000000", "incomeTaxExpense": "72000000", "interestAndDebtExpense": "None", "netIncomeFromContinuingOperations": "251000000", "comprehensiveIncomeNetOfTax": "None", "ebit": "212000000", "ebitda": "249000000", "netIncome": "107000000"}, {"fiscalDateEnding": "2017-12-31", "reportedCurrency": "USD", "grossProfit": "468000000", "totalRevenue": "4949000000", "costOfRevenue": "4481000000", "costofGoodsAndServicesSold": "4481000000", "operatingIncome": "-269000000", "sellingGeneralAndAdministrative": "367000000", "researchAndDevelopment": "0", "operatingExpenses": "395000000", "investmentIncomeNet": "None", "netInterestIncome": "None", "interestIncome": "None", "interestExpense": "33000000", "nonInterestIncome": "None", "otherNonOperatingIncome": "-14000000", "depreciation": "None", "depreciationAndAmortization": "39000000", "incomeBeforeTax": "-316000000", "incomeTaxExpense": "-54000000", "interestAndDebtExpense": "None", "netIncomeFromContinuingOperations": "-370000000", "comprehensiveIncomeNetOfTax": "None", "ebit": "-283000000", "ebitda": "-244000000", "netIncome": "-262000000"}, {"fiscalDateEnding": "2017-09-30", "reportedCurrency": "USD", "grossProfit": "582000000", "totalRevenue": "5031000000", "costOfRevenue": "4449000000", "costofGoodsAndServicesSold": "4449000000", "operatingIncome": "-81000000", "sellingGeneralAndAdministrative": "383000000", "researchAndDevelopment": "0", "operatingExpenses": "416000000", "investmentIncomeNet": "None", "netInterestIncome": "None", "interestIncome": "None", "interestExpense": "32000000", "nonInterestIncome": "None", "otherNonOperatingIncome": "None", "depreciation": "None", "depreciationAndAmortization": "43000000", "incomeBeforeTax": "-113000000", "incomeTaxExpense": "-16000000", "interestAndDebtExpense": "None", "netIncomeFromContinuingOperations": "-129000000", "comprehensiveIncomeNetOfTax": "None", "ebit": "-81000000", "ebitda": "-38000000", "netIncome": "-97000000"}, {"fiscalDateEnding": "2017-06-30", "reportedCurrency": "USD", "grossProfit": "270000000", "totalRevenue": "4999000000", "costOfRevenue": "4729000000", "costofGoodsAndServicesSold": "4729000000", "operatingIncome": "-287000000", "sellingGeneralAndAdministrative": "405000000", "researchAndDevelopment": "0", "operatingExpenses": "442000000", "investmentIncomeNet": "None", "netInterestIncome": "None", "interestIncome": "None", "interestExpense": "27000000", "nonInterestIncome": "None", "otherNonOperatingIncome": "None", "depreciation": "None", "depreciationAndAmortization": "47000000", "incomeBeforeTax": "-314000000", "incomeTaxExpense": "-84000000", "interestAndDebtExpense": "None", "netIncomeFromContinuingOperations": "-398000000", "comprehensiveIncomeNetOfTax": "None", "ebit": "-287000000", "ebitda": "-240000000", "netIncome": "-230000000"}, {"fiscalDateEnding": "2017-03-31", "reportedCurrency": "USD", "grossProfit": "560000000", "totalRevenue": "4904000000", "costOfRevenue": "4344000000", "costofGoodsAndServicesSold": "4344000000", "operatingIncome": "82000000", "sellingGeneralAndAdministrative": "439000000", "researchAndDevelopment": "0", "operatingExpenses": "478000000", "investmentIncomeNet": "None", "netInterestIncome": "None", "interestIncome": "None", "interestExpense": "26000000", "nonInterestIncome": "None", "otherNonOperatingIncome": "75000000", "depreciation": "None", "depreciationAndAmortization": "49000000", "incomeBeforeTax": "131000000", "incomeTaxExpense": "54000000", "interestAndDebtExpense": "None", "netIncomeFromContinuingOperations": "185000000", "comprehensiveIncomeNetOfTax": "None", "ebit": "157000000", "ebitda": "206000000", "netIncome": "77000000"}, {"fiscalDateEnding": "2016-12-31", "reportedCurrency": "USD", "grossProfit": "322000000", "totalRevenue": "4463000000", "costOfRevenue": "4141000000", "costofGoodsAndServicesSold": "4141000000", "operatingIncome": "-74000000", "sellingGeneralAndAdministrative": "359000000", "researchAndDevelopment": "0", "operatingExpenses": "396000000", "investmentIncomeNet": "None", "netInterestIncome": "None", "interestIncome": "None", "interestExpense": "25000000", "nonInterestIncome": "None", "otherNonOperatingIncome": "None", "depreciation": "None", "depreciationAndAmortization": "47000000", "incomeBeforeTax": "-99000000", "incomeTaxExpense": "-8000000", "interestAndDebtExpense": "None", "netIncomeFromContinuingOperations": "-47000000", "comprehensiveIncomeNetOfTax": "None", "ebit": "-6000000", "ebitda": "41000000", "netIncome": "-91000000"}, {"fiscalDateEnding": "2016-09-30", "reportedCurrency": "USD", "grossProfit": "497000000", "totalRevenue": "4546000000", "costOfRevenue": "4049000000", "costofGoodsAndServicesSold": "4049000000", "operatingIncome": "118000000", "sellingGeneralAndAdministrative": "343000000", "researchAndDevelopment": "0", "operatingExpenses": "379000000", "investmentIncomeNet": "None", "netInterestIncome": "None", "interestIncome": "None", "interestExpense": "26000000", "nonInterestIncome": "None", "otherNonOperatingIncome": "None", "depreciation": "None", "depreciationAndAmortization": "46000000", "incomeBeforeTax": "92000000", "incomeTaxExpense": "50000000", "interestAndDebtExpense": "None", "netIncomeFromContinuingOperations": "42000000", "comprehensiveIncomeNetOfTax": "None", "ebit": "118000000", "ebitda": "164000000", "netIncome": "42000000"}, {"fiscalDateEnding": "2016-06-30", "reportedCurrency": "USD", "grossProfit": "490000000", "totalRevenue": "4359000000", "costOfRevenue": "3869000000", "costofGoodsAndServicesSold": "3869000000", "operatingIncome": "105000000", "sellingGeneralAndAdministrative": "351000000", "researchAndDevelopment": "0", "operatingExpenses": "385000000", "investmentIncomeNet": "None", "netInterestIncome": "None", "interestIncome": "None", "interestExpense": "25000000", "nonInterestIncome": "None", "otherNonOperatingIncome": "None", "depreciation": "None", "depreciationAndAmortization": "45000000", "incomeBeforeTax": "80000000", "incomeTaxExpense": "47000000", "interestAndDebtExpense": "None", "netIncomeFromContinuingOperations": "33000000", "comprehensiveIncomeNetOfTax": "None", "ebit": "94000000", "ebitda": "139000000", "netIncome": "33000000"}, {"fiscalDateEnding": "2016-03-31", "reportedCurrency": "USD", "grossProfit": "461000000", "totalRevenue": "4343000000", "costOfRevenue": "3882000000", "costofGoodsAndServicesSold": "3882000000", "operatingIncome": "89000000", "sellingGeneralAndAdministrative": "340000000", "researchAndDevelopment": "0", "operatingExpenses": "372000000", "investmentIncomeNet": "None", "netInterestIncome": "None", "interestIncome": "None", "interestExpense": "25000000", "nonInterestIncome": "None", "otherNonOperatingIncome": "None", "depreciation": "None", "depreciationAndAmortization": "44000000", "incomeBeforeTax": "64000000", "incomeTaxExpense": "40000000", "interestAndDebtExpense": "None", "netIncomeFromContinuingOperations": "24000000", "comprehensiveIncomeNetOfTax": "None", "ebit": "77000000", "ebitda": "121000000", "netIncome": "24000000"}, {"fiscalDateEnding": "2015-12-31", "reportedCurrency": "USD", "grossProfit": "421000000", "totalRevenue": "3765000000", "costOfRevenue": "3344000000", "costofGoodsAndServicesSold": "3344000000", "operatingIncome": "76000000", "sellingGeneralAndAdministrative": "317000000", "researchAndDevelopment": "0", "operatingExpenses": "345000000", "investmentIncomeNet": "None", "netInterestIncome": "None", "interestIncome": "None", "interestExpense": "22000000", "nonInterestIncome": "None", "otherNonOperatingIncome": "918000", "depreciation": "None", "depreciationAndAmortization": "33000000", "incomeBeforeTax": "56000000", "incomeTaxExpense": "26000000", "interestAndDebtExpense": "None", "netIncomeFromContinuingOperations": "29633000", "comprehensiveIncomeNetOfTax": "None", "ebit": "77624000", "ebitda": "110624000", "netIncome": "29605000"}, {"fiscalDateEnding": "2015-09-30", "reportedCurrency": "USD", "grossProfit": "426387000", "totalRevenue": "3611363000", "costOfRevenue": "3184976000", "costofGoodsAndServicesSold": "3184976000", "operatingIncome": "112853000", "sellingGeneralAndAdministrative": "287691000", "researchAndDevelopment": "0", "operatingExpenses": "313534000", "investmentIncomeNet": "None", "netInterestIncome": "None", "interestIncome": "None", "interestExpense": "15269000", "nonInterestIncome": "None", "otherNonOperatingIncome": "40000", "depreciation": "None", "depreciationAndAmortization": "30507000", "incomeBeforeTax": "97624000", "incomeTaxExpense": "51329000", "interestAndDebtExpense": "None", "netIncomeFromContinuingOperations": "46295000", "comprehensiveIncomeNetOfTax": "None", "ebit": "113493000", "ebitda": "144000000", "netIncome": "46000000"}, {"fiscalDateEnding": "2015-06-30", "reportedCurrency": "USD", "grossProfit": "427276000", "totalRevenue": "3524890000", "costOfRevenue": "3097614000", "costofGoodsAndServicesSold": "3097614000", "operatingIncome": "115628000", "sellingGeneralAndAdministrative": "286496000", "researchAndDevelopment": "0", "operatingExpenses": "311648000", "investmentIncomeNet": "None", "netInterestIncome": "None", "interestIncome": "None", "interestExpense": "14946000", "nonInterestIncome": "None", "otherNonOperatingIncome": "32000", "depreciation": "None", "depreciationAndAmortization": "29502000", "incomeBeforeTax": "100714000", "incomeTaxExpense": "61783000", "interestAndDebtExpense": "None", "netIncomeFromContinuingOperations": "38931000", "comprehensiveIncomeNetOfTax": "None", "ebit": "115498000", "ebitda": "145000000", "netIncome": "39000000"}, {"fiscalDateEnding": "2015-03-31", "reportedCurrency": "USD", "grossProfit": "363312000", "totalRevenue": "3171123000", "costOfRevenue": "2807811000", "costofGoodsAndServicesSold": "2807811000", "operatingIncome": "82230000", "sellingGeneralAndAdministrative": "256090000", "researchAndDevelopment": "0", "operatingExpenses": "281082000", "investmentIncomeNet": "None", "netInterestIncome": "None", "interestIncome": "None", "interestExpense": "14876000", "nonInterestIncome": "None", "otherNonOperatingIncome": "10000", "depreciation": "None", "depreciationAndAmortization": "32574000", "incomeBeforeTax": "67364000", "incomeTaxExpense": "39223000", "interestAndDebtExpense": "None", "netIncomeFromContinuingOperations": "28141000", "comprehensiveIncomeNetOfTax": "None", "ebit": "82426000", "ebitda": "115000000", "netIncome": "28000000"}, {"fiscalDateEnding": "2014-12-31", "reportedCurrency": "USD", "grossProfit": "326014000", "totalRevenue": "2800968000", "costOfRevenue": "2474954000", "costofGoodsAndServicesSold": "2474954000", "operatingIncome": "96444000", "sellingGeneralAndAdministrative": "204488000", "researchAndDevelopment": "0", "operatingExpenses": "229570000", "investmentIncomeNet": "None", "netInterestIncome": "None", "interestIncome": "None", "interestExpense": "14577000", "nonInterestIncome": "None", "otherNonOperatingIncome": "-56803000", "depreciation": "None", "depreciationAndAmortization": "34940000", "incomeBeforeTax": "81875000", "incomeTaxExpense": "47942000", "interestAndDebtExpense": "None", "netIncomeFromContinuingOperations": "33933000", "comprehensiveIncomeNetOfTax": "None", "ebit": "96452000", "ebitda": "131392000", "netIncome": "33792000"}, {"fiscalDateEnding": "2014-09-30", "reportedCurrency": "USD", "grossProfit": "242900000", "totalRevenue": "2484351000", "costOfRevenue": "2241451000", "costofGoodsAndServicesSold": "2241451000", "operatingIncome": "39779000", "sellingGeneralAndAdministrative": "178879000", "researchAndDevelopment": "0", "operatingExpenses": "203121000", "investmentIncomeNet": "None", "netInterestIncome": "None", "interestIncome": "None", "interestExpense": "14419000", "nonInterestIncome": "None", "otherNonOperatingIncome": "-863000", "depreciation": "None", "depreciationAndAmortization": "33810000", "incomeBeforeTax": "24497000", "incomeTaxExpense": "8427000", "interestAndDebtExpense": "None", "netIncomeFromContinuingOperations": "16070000", "comprehensiveIncomeNetOfTax": "None", "ebit": "38916000", "ebitda": "72726000", "netIncome": "16122000"}, {"fiscalDateEnding": "2014-06-30", "reportedCurrency": "USD", "grossProfit": "248568000", "totalRevenue": "2312039000", "costOfRevenue": "2063471000", "costofGoodsAndServicesSold": "2063471000", "operatingIncome": "32427000", "sellingGeneralAndAdministrative": "193239000", "researchAndDevelopment": "0", "operatingExpenses": "216141000", "investmentIncomeNet": "None", "netInterestIncome": "None", "interestIncome": "None", "interestExpense": "13993000", "nonInterestIncome": "None", "otherNonOperatingIncome": "9000", "depreciation": "None", "depreciationAndAmortization": "32660000", "incomeBeforeTax": "18443000", "incomeTaxExpense": "10702000", "interestAndDebtExpense": "None", "netIncomeFromContinuingOperations": "7741000", "comprehensiveIncomeNetOfTax": "None", "ebit": "32436000", "ebitda": "65096000", "netIncome": "7811000"}, {"fiscalDateEnding": "2014-03-31", "reportedCurrency": "USD", "grossProfit": "233045000", "totalRevenue": "2069243000", "costOfRevenue": "1836198000", "costofGoodsAndServicesSold": "1836198000", "operatingIncome": "24267000", "sellingGeneralAndAdministrative": "188087000", "researchAndDevelopment": "0", "operatingExpenses": "208778000", "investmentIncomeNet": "None", "netInterestIncome": "None", "interestIncome": "None", "interestExpense": "13822000", "nonInterestIncome": "None", "otherNonOperatingIncome": "44000", "depreciation": "None", "depreciationAndAmortization": "32994000", "incomeBeforeTax": "10489000", "incomeTaxExpense": "5655000", "interestAndDebtExpense": "None", "netIncomeFromContinuingOperations": "4834000", "comprehensiveIncomeNetOfTax": "None", "ebit": "24311000", "ebitda": "57305000", "netIncome": "4498000"}, {"fiscalDateEnding": "2013-12-31", "reportedCurrency": "USD", "grossProfit": "204615000", "totalRevenue": "1705622000", "costOfRevenue": "1501007000", "costofGoodsAndServicesSold": "1501007000", "operatingIncome": "-2685000", "sellingGeneralAndAdministrative": "187006000", "researchAndDevelopment": "0", "operatingExpenses": "207300000", "investmentIncomeNet": "None", "netInterestIncome": "None", "interestIncome": "None", "interestExpense": "13835000", "nonInterestIncome": "None", "otherNonOperatingIncome": "-13831000", "depreciation": "None", "depreciationAndAmortization": "25831000", "incomeBeforeTax": "-16516000", "incomeTaxExpense": "-7475000", "interestAndDebtExpense": "None", "netIncomeFromContinuingOperations": "-39396000", "comprehensiveIncomeNetOfTax": "None", "ebit": "-2681000", "ebitda": "23150000", "netIncome": "-9126000"}, {"fiscalDateEnding": "2013-09-30", "reportedCurrency": "USD", "grossProfit": "220030000", "totalRevenue": "1687079000", "costOfRevenue": "1467049000", "costofGoodsAndServicesSold": "1467049000", "operatingIncome": "24926000", "sellingGeneralAndAdministrative": "176233000", "researchAndDevelopment": "0", "operatingExpenses": "195104000", "investmentIncomeNet": "None", "netInterestIncome": "None", "interestIncome": "None", "interestExpense": "13532000", "nonInterestIncome": "None", "otherNonOperatingIncome": "-13508000", "depreciation": "None", "depreciationAndAmortization": "24128000", "incomeBeforeTax": "11418000", "incomeTaxExpense": "3865000", "interestAndDebtExpense": "None", "netIncomeFromContinuingOperations": "7553000", "comprehensiveIncomeNetOfTax": "None", "ebit": "24950000", "ebitda": "49078000", "netIncome": "7569000"}, {"fiscalDateEnding": "2013-06-30", "reportedCurrency": "USD", "grossProfit": "224940000", "totalRevenue": "1605834000", "costOfRevenue": "1380894000", "costofGoodsAndServicesSold": "1380894000", "operatingIncome": "46446000", "sellingGeneralAndAdministrative": "161479000", "researchAndDevelopment": "0", "operatingExpenses": "178494000", "investmentIncomeNet": "None", "netInterestIncome": "None", "interestIncome": "None", "interestExpense": "11667000", "nonInterestIncome": "None", "otherNonOperatingIncome": "-15169000", "depreciation": "None", "depreciationAndAmortization": "22108000", "incomeBeforeTax": "31277000", "incomeTaxExpense": "15481000", "interestAndDebtExpense": "None", "netIncomeFromContinuingOperations": "46758000", "comprehensiveIncomeNetOfTax": "None", "ebit": "42944000", "ebitda": "65052000", "netIncome": "24571000"}, {"fiscalDateEnding": "2013-03-31", "reportedCurrency": "USD", "grossProfit": "225063000", "totalRevenue": "1590587000", "costOfRevenue": "1365524000", "costofGoodsAndServicesSold": "1365524000", "operatingIncome": "67091000", "sellingGeneralAndAdministrative": "141407000", "researchAndDevelopment": "0", "operatingExpenses": "157972000", "investmentIncomeNet": "None", "netInterestIncome": "None", "interestIncome": "None", "interestExpense": "13037000", "nonInterestIncome": "None", "otherNonOperatingIncome": "-12906000", "depreciation": "None", "depreciationAndAmortization": "21799000", "incomeBeforeTax": "54185000", "incomeTaxExpense": "24270000", "interestAndDebtExpense": "None", "netIncomeFromContinuingOperations": "29915000", "comprehensiveIncomeNetOfTax": "None", "ebit": "68004000", "ebitda": "89803000", "netIncome": "29915000"}, {"fiscalDateEnding": "2012-12-31", "reportedCurrency": "USD", "grossProfit": "223810000", "totalRevenue": "1578569000", "costOfRevenue": "1354759000", "costofGoodsAndServicesSold": "1354759000", "operatingIncome": "54133000", "sellingGeneralAndAdministrative": "153419000", "researchAndDevelopment": "0", "operatingExpenses": "169677000", "investmentIncomeNet": "None", "netInterestIncome": "None", "interestIncome": "None", "interestExpense": "4348000", "nonInterestIncome": "None", "otherNonOperatingIncome": "-16408000", "depreciation": "None", "depreciationAndAmortization": "20475000", "incomeBeforeTax": "50146000", "incomeTaxExpense": "24503000", "interestAndDebtExpense": "None", "netIncomeFromContinuingOperations": "25643000", "comprehensiveIncomeNetOfTax": "None", "ebit": "39434000", "ebitda": "59909000", "netIncome": "25643000"}, {"fiscalDateEnding": "2012-09-30", "reportedCurrency": "USD", "grossProfit": "188615000", "totalRevenue": "1540190000", "costOfRevenue": "1351575000", "costofGoodsAndServicesSold": "1351575000", "operatingIncome": "7187000", "sellingGeneralAndAdministrative": "127500000", "researchAndDevelopment": "0", "operatingExpenses": "181428000", "investmentIncomeNet": "None", "netInterestIncome": "None", "interestIncome": "None", "interestExpense": "4315000", "nonInterestIncome": "None", "otherNonOperatingIncome": "None", "depreciation": "None", "depreciationAndAmortization": "20279000", "incomeBeforeTax": "2872000", "incomeTaxExpense": "-492000", "interestAndDebtExpense": "None", "netIncomeFromContinuingOperations": "3364000", "comprehensiveIncomeNetOfTax": "None", "ebit": "2184000", "ebitda": "22463000", "netIncome": "3364000"}, {"fiscalDateEnding": "2012-06-30", "reportedCurrency": "USD", "grossProfit": "127126000", "totalRevenue": "1535316000", "costOfRevenue": "1408190000", "costofGoodsAndServicesSold": "1408190000", "operatingIncome": "-59267000", "sellingGeneralAndAdministrative": "131485000", "researchAndDevelopment": "0", "operatingExpenses": "187501000", "investmentIncomeNet": "None", "netInterestIncome": "None", "interestIncome": "None", "interestExpense": "3808000", "nonInterestIncome": "None", "otherNonOperatingIncome": "None", "depreciation": "None", "depreciationAndAmortization": "19671000", "incomeBeforeTax": "-63075000", "incomeTaxExpense": "-25769000", "interestAndDebtExpense": "None", "netIncomeFromContinuingOperations": "-37306000", "comprehensiveIncomeNetOfTax": "None", "ebit": "-50516000", "ebitda": "-30845000", "netIncome": "-37306000"}, {"fiscalDateEnding": "2012-03-31", "reportedCurrency": "USD", "grossProfit": "212098000", "totalRevenue": "1373580000", "costOfRevenue": "1161482000", "costofGoodsAndServicesSold": "1161482000", "operatingIncome": "33420000", "sellingGeneralAndAdministrative": "120223000", "researchAndDevelopment": "0", "operatingExpenses": "178678000", "investmentIncomeNet": "None", "netInterestIncome": "None", "interestIncome": "None", "interestExpense": "4298000", "nonInterestIncome": "None", "otherNonOperatingIncome": "None", "depreciation": "None", "depreciationAndAmortization": "18339000", "incomeBeforeTax": "29122000", "incomeTaxExpense": "11033000", "interestAndDebtExpense": "None", "netIncomeFromContinuingOperations": "18089000", "comprehensiveIncomeNetOfTax": "None", "ebit": "30106000", "ebitda": "48445000", "netIncome": "18089000"}, {"fiscalDateEnding": "2011-12-31", "reportedCurrency": "USD", "grossProfit": "229496000", "totalRevenue": "1306408000", "costOfRevenue": "1076912000", "costofGoodsAndServicesSold": "1076912000", "operatingIncome": "-16103000", "sellingGeneralAndAdministrative": "124965000", "researchAndDevelopment": "0", "operatingExpenses": "181024000", "investmentIncomeNet": "None", "netInterestIncome": "None", "interestIncome": "None", "interestExpense": "3853000", "nonInterestIncome": "None", "otherNonOperatingIncome": "None", "depreciation": "None", "depreciationAndAmortization": "21969000", "incomeBeforeTax": "-19956000", "incomeTaxExpense": "13004000", "interestAndDebtExpense": "None", "netIncomeFromContinuingOperations": "0", "comprehensiveIncomeNetOfTax": "None", "ebit": "-16103000", "ebitda": "5866000", "netIncome": "-32960000"}, {"fiscalDateEnding": "2011-09-30", "reportedCurrency": "USD", "grossProfit": "182980000", "totalRevenue": "1176722000", "costOfRevenue": "993742000", "costofGoodsAndServicesSold": "993742000", "operatingIncome": "33566000", "sellingGeneralAndAdministrative": "99610000", "researchAndDevelopment": "0", "operatingExpenses": "149414000", "investmentIncomeNet": "None", "netInterestIncome": "None", "interestIncome": "None", "interestExpense": "4380000", "nonInterestIncome": "None", "otherNonOperatingIncome": "None", "depreciation": "None", "depreciationAndAmortization": "17812000", "incomeBeforeTax": "29186000", "incomeTaxExpense": "10236000", "interestAndDebtExpense": "None", "netIncomeFromContinuingOperations": "18950000", "comprehensiveIncomeNetOfTax": "None", "ebit": "29184000", "ebitda": "46996000", "netIncome": "18950000"}, {"fiscalDateEnding": "2011-06-30", "reportedCurrency": "USD", "grossProfit": "178530000", "totalRevenue": "1167104000", "costOfRevenue": "988574000", "costofGoodsAndServicesSold": "988574000", "operatingIncome": "31410000", "sellingGeneralAndAdministrative": "96921000", "researchAndDevelopment": "0", "operatingExpenses": "147120000", "investmentIncomeNet": "None", "netInterestIncome": "None", "interestIncome": "None", "interestExpense": "3683000", "nonInterestIncome": "None", "otherNonOperatingIncome": "None", "depreciation": "None", "depreciationAndAmortization": "16508000", "incomeBeforeTax": "27727000", "incomeTaxExpense": "10287000", "interestAndDebtExpense": "None", "netIncomeFromContinuingOperations": "17440000", "comprehensiveIncomeNetOfTax": "None", "ebit": "27392000", "ebitda": "43900000", "netIncome": "17440000"}, {"fiscalDateEnding": "2011-03-31", "reportedCurrency": "USD", "grossProfit": "174953000", "totalRevenue": "1119706000", "costOfRevenue": "944753000", "costofGoodsAndServicesSold": "944753000", "operatingIncome": "31300000", "sellingGeneralAndAdministrative": "94436000", "researchAndDevelopment": "0", "operatingExpenses": "143653000", "investmentIncomeNet": "None", "netInterestIncome": "None", "interestIncome": "None", "interestExpense": "3603000", "nonInterestIncome": "None", "otherNonOperatingIncome": "None", "depreciation": "None", "depreciationAndAmortization": "18094000", "incomeBeforeTax": "27697000", "incomeTaxExpense": "10309000", "interestAndDebtExpense": "None", "netIncomeFromContinuingOperations": "0", "comprehensiveIncomeNetOfTax": "None", "ebit": "25873000", "ebitda": "43967000", "netIncome": "17388000"}, {"fiscalDateEnding": "2010-12-31", "reportedCurrency": "USD", "grossProfit": "181473000", "totalRevenue": "1080752000", "costOfRevenue": "899279000", "costofGoodsAndServicesSold": "899279000", "operatingIncome": "33432000", "sellingGeneralAndAdministrative": "100374000", "researchAndDevelopment": "0", "operatingExpenses": "148041000", "investmentIncomeNet": "None", "netInterestIncome": "None", "interestIncome": "None", "interestExpense": "3453000", "nonInterestIncome": "None", "otherNonOperatingIncome": "None", "depreciation": "None", "depreciationAndAmortization": "20280000", "incomeBeforeTax": "29979000", "incomeTaxExpense": "12351000", "interestAndDebtExpense": "None", "netIncomeFromContinuingOperations": "0", "comprehensiveIncomeNetOfTax": "None", "ebit": "33432000", "ebitda": "53712000", "netIncome": "17628000"}, {"fiscalDateEnding": "2010-09-30", "reportedCurrency": "USD", "grossProfit": "165604000", "totalRevenue": "1039146000", "costOfRevenue": "873542000", "costofGoodsAndServicesSold": "873542000", "operatingIncome": "29953000", "sellingGeneralAndAdministrative": "88660000", "researchAndDevelopment": "0", "operatingExpenses": "135651000", "investmentIncomeNet": "None", "netInterestIncome": "None", "interestIncome": "None", "interestExpense": "4600000", "nonInterestIncome": "None", "otherNonOperatingIncome": "None", "depreciation": "None", "depreciationAndAmortization": "16573000", "incomeBeforeTax": "25353000", "incomeTaxExpense": "9180000", "interestAndDebtExpense": "None", "netIncomeFromContinuingOperations": "0", "comprehensiveIncomeNetOfTax": "None", "ebit": "29953000", "ebitda": "46526000", "netIncome": "16173000"}, {"fiscalDateEnding": "2010-06-30", "reportedCurrency": "USD", "grossProfit": "145471000", "totalRevenue": "999338000", "costOfRevenue": "853867000", "costofGoodsAndServicesSold": "853867000", "operatingIncome": "21178000", "sellingGeneralAndAdministrative": "78079000", "researchAndDevelopment": "0", "operatingExpenses": "124293000", "investmentIncomeNet": "None", "netInterestIncome": "None", "interestIncome": "None", "interestExpense": "4099000", "nonInterestIncome": "None", "otherNonOperatingIncome": "None", "depreciation": "None", "depreciationAndAmortization": "13851000", "incomeBeforeTax": "17079000", "incomeTaxExpense": "6500000", "interestAndDebtExpense": "None", "netIncomeFromContinuingOperations": "0", "comprehensiveIncomeNetOfTax": "None", "ebit": "21178000", "ebitda": "35029000", "netIncome": "10579000"}, {"fiscalDateEnding": "2010-03-31", "reportedCurrency": "USD", "grossProfit": "143925000", "totalRevenue": "966741000", "costOfRevenue": "822816000", "costofGoodsAndServicesSold": "822816000", "operatingIncome": "20438000", "sellingGeneralAndAdministrative": "113426000", "researchAndDevelopment": "0", "operatingExpenses": "123487000", "investmentIncomeNet": "None", "netInterestIncome": "None", "interestIncome": "None", "interestExpense": "3357000", "nonInterestIncome": "None", "otherNonOperatingIncome": "None", "depreciation": "None", "depreciationAndAmortization": "10061000", "incomeBeforeTax": "17081000", "incomeTaxExpense": "6491000", "interestAndDebtExpense": "None", "netIncomeFromContinuingOperations": "0", "comprehensiveIncomeNetOfTax": "None", "ebit": "20438000", "ebitda": "30499000", "netIncome": "10590000"}, {"fiscalDateEnding": "2009-12-31", "reportedCurrency": "USD", "grossProfit": "121853000", "totalRevenue": "964224000", "costOfRevenue": "842371000", "costofGoodsAndServicesSold": "842371000", "operatingIncome": "-3722000", "sellingGeneralAndAdministrative": "115933000", "researchAndDevelopment": "0", "operatingExpenses": "125575000", "investmentIncomeNet": "None", "netInterestIncome": "None", "interestIncome": "None", "interestExpense": "3860000", "nonInterestIncome": "None", "otherNonOperatingIncome": "None", "depreciation": "None", "depreciationAndAmortization": "9642000", "incomeBeforeTax": "-7582000", "incomeTaxExpense": "-3110000", "interestAndDebtExpense": "None", "netIncomeFromContinuingOperations": "0", "comprehensiveIncomeNetOfTax": "None", "ebit": "-3722000", "ebitda": "5920000", "netIncome": "-4472000"}, {"fiscalDateEnding": "2009-09-30", "reportedCurrency": "USD", "grossProfit": "123741000", "totalRevenue": "916512000", "costOfRevenue": "792771000", "costofGoodsAndServicesSold": "792771000", "operatingIncome": "16274000", "sellingGeneralAndAdministrative": "97635000", "researchAndDevelopment": "0", "operatingExpenses": "107467000", "investmentIncomeNet": "None", "netInterestIncome": "None", "interestIncome": "None", "interestExpense": "3279000", "nonInterestIncome": "None", "otherNonOperatingIncome": "None", "depreciation": "None", "depreciationAndAmortization": "10176000", "incomeBeforeTax": "12995000", "incomeTaxExpense": "4431000", "interestAndDebtExpense": "None", "netIncomeFromContinuingOperations": "0", "comprehensiveIncomeNetOfTax": "None", "ebit": "16274000", "ebitda": "26450000", "netIncome": "8564000"}, {"fiscalDateEnding": "2009-06-30", "reportedCurrency": "USD", "grossProfit": "124383000", "totalRevenue": "927589000", "costOfRevenue": "803206000", "costofGoodsAndServicesSold": "803206000", "operatingIncome": "20726000", "sellingGeneralAndAdministrative": "94073000", "researchAndDevelopment": "0", "operatingExpenses": "103657000", "investmentIncomeNet": "None", "netInterestIncome": "None", "interestIncome": "None", "interestExpense": "3223000", "nonInterestIncome": "None", "otherNonOperatingIncome": "None", "depreciation": "None", "depreciationAndAmortization": "9928000", "incomeBeforeTax": "17503000", "incomeTaxExpense": "2938000", "interestAndDebtExpense": "None", "netIncomeFromContinuingOperations": "0", "comprehensiveIncomeNetOfTax": "None", "ebit": "20726000", "ebitda": "30654000", "netIncome": "14565000"}, {"fiscalDateEnding": "2009-03-31", "reportedCurrency": "USD", "grossProfit": "123143000", "totalRevenue": "861031000", "costOfRevenue": "737888000", "costofGoodsAndServicesSold": "737888000", "operatingIncome": "24115000", "sellingGeneralAndAdministrative": "91508000", "researchAndDevelopment": "0", "operatingExpenses": "100560000", "investmentIncomeNet": "None", "netInterestIncome": "None", "interestIncome": "None", "interestExpense": "3415000", "nonInterestIncome": "None", "otherNonOperatingIncome": "None", "depreciation": "None", "depreciationAndAmortization": "9052000", "incomeBeforeTax": "20700000", "incomeTaxExpense": "8489000", "interestAndDebtExpense": "None", "netIncomeFromContinuingOperations": "0", "comprehensiveIncomeNetOfTax": "None", "ebit": "23161000", "ebitda": "32213000", "netIncome": "12211000"}, {"fiscalDateEnding": "2008-12-31", "reportedCurrency": "USD", "grossProfit": "127723000", "totalRevenue": "812504000", "costOfRevenue": "684781000", "costofGoodsAndServicesSold": "684781000", "operatingIncome": "27467000", "sellingGeneralAndAdministrative": "91565000", "researchAndDevelopment": "0", "operatingExpenses": "100256000", "investmentIncomeNet": "None", "netInterestIncome": "None", "interestIncome": "None", "interestExpense": "2155000", "nonInterestIncome": "None", "otherNonOperatingIncome": "None", "depreciation": "None", "depreciationAndAmortization": "8691000", "incomeBeforeTax": "25312000", "incomeTaxExpense": "9771000", "interestAndDebtExpense": "None", "netIncomeFromContinuingOperations": "0", "comprehensiveIncomeNetOfTax": "None", "ebit": "27467000", "ebitda": "36158000", "netIncome": "15541000"}, {"fiscalDateEnding": "2008-09-30", "reportedCurrency": "USD", "grossProfit": "126974000", "totalRevenue": "796329000", "costOfRevenue": "669355000", "costofGoodsAndServicesSold": "669355000", "operatingIncome": "30429000", "sellingGeneralAndAdministrative": "88030000", "researchAndDevelopment": "0", "operatingExpenses": "96545000", "investmentIncomeNet": "None", "netInterestIncome": "None", "interestIncome": "None", "interestExpense": "1980000", "nonInterestIncome": "None", "otherNonOperatingIncome": "None", "depreciation": "None", "depreciationAndAmortization": "8515000", "incomeBeforeTax": "28449000", "incomeTaxExpense": "11263000", "interestAndDebtExpense": "None", "netIncomeFromContinuingOperations": "0", "comprehensiveIncomeNetOfTax": "None", "ebit": "30429000", "ebitda": "38944000", "netIncome": "16480000"}, {"fiscalDateEnding": "2008-06-30", "reportedCurrency": "USD", "grossProfit": "125662000", "totalRevenue": "766491000", "costOfRevenue": "640829000", "costofGoodsAndServicesSold": "640829000", "operatingIncome": "30258000", "sellingGeneralAndAdministrative": "87074000", "researchAndDevelopment": "0", "operatingExpenses": "95404000", "investmentIncomeNet": "None", "netInterestIncome": "None", "interestIncome": "None", "interestExpense": "2307000", "nonInterestIncome": "None", "otherNonOperatingIncome": "None", "depreciation": "None", "depreciationAndAmortization": "7924000", "incomeBeforeTax": "27951000", "incomeTaxExpense": "11435000", "interestAndDebtExpense": "None", "netIncomeFromContinuingOperations": "0", "comprehensiveIncomeNetOfTax": "None", "ebit": "30664000", "ebitda": "38588000", "netIncome": "15823000"}, {"fiscalDateEnding": "2008-03-31", "reportedCurrency": "USD", "grossProfit": "110695000", "totalRevenue": "737042000", "costOfRevenue": "626347000", "costofGoodsAndServicesSold": "626347000", "operatingIncome": "24451000", "sellingGeneralAndAdministrative": "78092000", "researchAndDevelopment": "0", "operatingExpenses": "86244000", "investmentIncomeNet": "None", "netInterestIncome": "None", "interestIncome": "None", "interestExpense": "3368000", "nonInterestIncome": "None", "otherNonOperatingIncome": "None", "depreciation": "None", "depreciationAndAmortization": "8558000", "incomeBeforeTax": "22179000", "incomeTaxExpense": "9024000", "interestAndDebtExpense": "None", "netIncomeFromContinuingOperations": "0", "comprehensiveIncomeNetOfTax": "None", "ebit": "24451000", "ebitda": "33009000", "netIncome": "12475000"}, {"fiscalDateEnding": "2007-12-31", "reportedCurrency": "USD", "grossProfit": "118790000", "totalRevenue": "679629000", "costOfRevenue": "560839000", "costofGoodsAndServicesSold": "560839000", "operatingIncome": "30633000", "sellingGeneralAndAdministrative": "80464000", "researchAndDevelopment": "0", "operatingExpenses": "88939000", "investmentIncomeNet": "None", "netInterestIncome": "None", "interestIncome": "None", "interestExpense": "4631000", "nonInterestIncome": "None", "otherNonOperatingIncome": "None", "depreciation": "None", "depreciationAndAmortization": "7693000", "incomeBeforeTax": "28382000", "incomeTaxExpense": "10471000", "interestAndDebtExpense": "None", "netIncomeFromContinuingOperations": "0", "comprehensiveIncomeNetOfTax": "None", "ebit": "29851000", "ebitda": "37544000", "netIncome": "17911000"}, {"fiscalDateEnding": "2007-09-30", "reportedCurrency": "USD", "grossProfit": "110132000", "totalRevenue": "636034000", "costOfRevenue": "525902000", "costofGoodsAndServicesSold": "525902000", "operatingIncome": "28815000", "sellingGeneralAndAdministrative": "74235000", "researchAndDevelopment": "0", "operatingExpenses": "81317000", "investmentIncomeNet": "None", "netInterestIncome": "None", "interestIncome": "None", "interestExpense": "530000", "nonInterestIncome": "None", "otherNonOperatingIncome": "None", "depreciation": "None", "depreciationAndAmortization": "7082000", "incomeBeforeTax": "28285000", "incomeTaxExpense": "10772000", "interestAndDebtExpense": "None", "netIncomeFromContinuingOperations": "0", "comprehensiveIncomeNetOfTax": "None", "ebit": "28815000", "ebitda": "35897000", "netIncome": "17513000"}, {"fiscalDateEnding": "2007-06-30", "reportedCurrency": "USD", "grossProfit": "97023000", "totalRevenue": "613888000", "costOfRevenue": "516865000", "costofGoodsAndServicesSold": "516865000", "operatingIncome": "22284000", "sellingGeneralAndAdministrative": "67208000", "researchAndDevelopment": "0", "operatingExpenses": "-442908000", "investmentIncomeNet": "None", "netInterestIncome": "None", "interestIncome": "None", "interestExpense": "725000", "nonInterestIncome": "None", "otherNonOperatingIncome": "None", "depreciation": "None", "depreciationAndAmortization": "6749000", "incomeBeforeTax": "21559000", "incomeTaxExpense": "8245000", "interestAndDebtExpense": "None", "netIncomeFromContinuingOperations": "0", "comprehensiveIncomeNetOfTax": "None", "ebit": "22284000", "ebitda": "29033000", "netIncome": "13314000"}, {"fiscalDateEnding": "2007-03-31", "reportedCurrency": "USD", "grossProfit": "86426000", "totalRevenue": "562903000", "costOfRevenue": "476477000", "costofGoodsAndServicesSold": "476477000", "operatingIncome": "16595000", "sellingGeneralAndAdministrative": "63388000", "researchAndDevelopment": "0", "operatingExpenses": "69831000", "investmentIncomeNet": "None", "netInterestIncome": "None", "interestIncome": "None", "interestExpense": "1125000", "nonInterestIncome": "None", "otherNonOperatingIncome": "None", "depreciation": "None", "depreciationAndAmortization": "6443000", "incomeBeforeTax": "15470000", "incomeTaxExpense": "5878000", "interestAndDebtExpense": "None", "netIncomeFromContinuingOperations": "0", "comprehensiveIncomeNetOfTax": "None", "ebit": "16595000", "ebitda": "23038000", "netIncome": "9592000"}, {"fiscalDateEnding": "2006-12-31", "reportedCurrency": "USD", "grossProfit": "86700000", "totalRevenue": "549520000", "costOfRevenue": "462820000", "costofGoodsAndServicesSold": "462820000", "operatingIncome": "19458000", "sellingGeneralAndAdministrative": "61032000", "researchAndDevelopment": "0", "operatingExpenses": "67242000", "investmentIncomeNet": "None", "netInterestIncome": "None", "interestIncome": "None", "interestExpense": "717000", "nonInterestIncome": "None", "otherNonOperatingIncome": "None", "depreciation": "None", "depreciationAndAmortization": "6210000", "incomeBeforeTax": "18741000", "incomeTaxExpense": "7097000", "interestAndDebtExpense": "None", "netIncomeFromContinuingOperations": "0", "comprehensiveIncomeNetOfTax": "None", "ebit": "19458000", "ebitda": "25668000", "netIncome": "11644000"}, {"fiscalDateEnding": "2006-09-30", "reportedCurrency": "USD", "grossProfit": "86595000", "totalRevenue": "517465000", "costOfRevenue": "430870000", "costofGoodsAndServicesSold": "430870000", "operatingIncome": "20458000", "sellingGeneralAndAdministrative": "60504000", "researchAndDevelopment": "0", "operatingExpenses": "66137000", "investmentIncomeNet": "None", "netInterestIncome": "None", "interestIncome": "None", "interestExpense": "645000", "nonInterestIncome": "None", "otherNonOperatingIncome": "None", "depreciation": "None", "depreciationAndAmortization": "5633000", "incomeBeforeTax": "19813000", "incomeTaxExpense": "7472000", "interestAndDebtExpense": "None", "netIncomeFromContinuingOperations": "0", "comprehensiveIncomeNetOfTax": "None", "ebit": "20458000", "ebitda": "26091000", "netIncome": "12341000"}, {"fiscalDateEnding": "2006-06-30", "reportedCurrency": "USD", "grossProfit": "82919000", "totalRevenue": "484634000", "costOfRevenue": "401715000", "costofGoodsAndServicesSold": "401715000", "operatingIncome": "21741000", "sellingGeneralAndAdministrative": "56308000", "researchAndDevelopment": "0", "operatingExpenses": "61178000", "investmentIncomeNet": "None", "netInterestIncome": "None", "interestIncome": "None", "interestExpense": "577000", "nonInterestIncome": "None", "otherNonOperatingIncome": "None", "depreciation": "None", "depreciationAndAmortization": "4870000", "incomeBeforeTax": "21164000", "incomeTaxExpense": "8012000", "interestAndDebtExpense": "None", "netIncomeFromContinuingOperations": "0", "comprehensiveIncomeNetOfTax": "None", "ebit": "21741000", "ebitda": "26611000", "netIncome": "13152000"}, {"fiscalDateEnding": "2006-03-31", "reportedCurrency": "USD", "grossProfit": "70129000", "totalRevenue": "453376000", "costOfRevenue": "383247000", "costofGoodsAndServicesSold": "383247000", "operatingIncome": "14154000", "sellingGeneralAndAdministrative": "51213000", "researchAndDevelopment": "0", "operatingExpenses": "55975000", "investmentIncomeNet": "None", "netInterestIncome": "None", "interestIncome": "None", "interestExpense": "414000", "nonInterestIncome": "None", "otherNonOperatingIncome": "None", "depreciation": "None", "depreciationAndAmortization": "4762000", "incomeBeforeTax": "13740000", "incomeTaxExpense": "5150000", "interestAndDebtExpense": "None", "netIncomeFromContinuingOperations": "0", "comprehensiveIncomeNetOfTax": "None", "ebit": "14154000", "ebitda": "18916000", "netIncome": "8590000"}, {"fiscalDateEnding": "2005-12-31", "reportedCurrency": "USD", "grossProfit": "67565000", "totalRevenue": "423221000", "costOfRevenue": "355656000", "costofGoodsAndServicesSold": "355656000", "operatingIncome": "17578000", "sellingGeneralAndAdministrative": "45731000", "researchAndDevelopment": "0", "operatingExpenses": "50926000", "investmentIncomeNet": "None", "netInterestIncome": "None", "interestIncome": "None", "interestExpense": "1529000", "nonInterestIncome": "None", "otherNonOperatingIncome": "None", "depreciation": "None", "depreciationAndAmortization": "4256000", "incomeBeforeTax": "17337000", "incomeTaxExpense": "6605000", "interestAndDebtExpense": "None", "netIncomeFromContinuingOperations": "0", "comprehensiveIncomeNetOfTax": "None", "ebit": "16639000", "ebitda": "20895000", "netIncome": "10732000"}, {"fiscalDateEnding": "2005-09-30", "reportedCurrency": "USD", "grossProfit": "61999000", "totalRevenue": "428611000", "costOfRevenue": "366612000", "costofGoodsAndServicesSold": "366612000", "operatingIncome": "10881000", "sellingGeneralAndAdministrative": "47005000", "researchAndDevelopment": "0", "operatingExpenses": "51118000", "investmentIncomeNet": "None", "netInterestIncome": "None", "interestIncome": "None", "interestExpense": "581000", "nonInterestIncome": "None", "otherNonOperatingIncome": "None", "depreciation": "None", "depreciationAndAmortization": "4113000", "incomeBeforeTax": "10300000", "incomeTaxExpense": "3489000", "interestAndDebtExpense": "None", "netIncomeFromContinuingOperations": "0", "comprehensiveIncomeNetOfTax": "None", "ebit": "10881000", "ebitda": "14994000", "netIncome": "6811000"}, {"fiscalDateEnding": "2005-06-30", "reportedCurrency": "USD", "grossProfit": "34784000", "totalRevenue": "404274000", "costOfRevenue": "369490000", "costofGoodsAndServicesSold": "369490000", "operatingIncome": "-6773000", "sellingGeneralAndAdministrative": "37060000", "researchAndDevelopment": "0", "operatingExpenses": "40618000", "investmentIncomeNet": "None", "netInterestIncome": "None", "interestIncome": "None", "interestExpense": "418000", "nonInterestIncome": "None", "otherNonOperatingIncome": "None", "depreciation": "None", "depreciationAndAmortization": "3558000", "incomeBeforeTax": "-7591000", "incomeTaxExpense": "-2885000", "interestAndDebtExpense": "None", "netIncomeFromContinuingOperations": "0", "comprehensiveIncomeNetOfTax": "None", "ebit": "-6773000", "ebitda": "-3215000", "netIncome": "-4706000"}, {"fiscalDateEnding": "2005-03-31", "reportedCurrency": "USD", "grossProfit": "60838000", "totalRevenue": "393952000", "costOfRevenue": "333114000", "costofGoodsAndServicesSold": "333114000", "operatingIncome": "24094000", "sellingGeneralAndAdministrative": "33546000", "researchAndDevelopment": "0", "operatingExpenses": "36744000", "investmentIncomeNet": "None", "netInterestIncome": "None", "interestIncome": "None", "interestExpense": "289000", "nonInterestIncome": "None", "otherNonOperatingIncome": "None", "depreciation": "None", "depreciationAndAmortization": "3198000", "incomeBeforeTax": "23805000", "incomeTaxExpense": "9046000", "interestAndDebtExpense": "None", "netIncomeFromContinuingOperations": "0", "comprehensiveIncomeNetOfTax": "None", "ebit": "24094000", "ebitda": "27292000", "netIncome": "14759000"}, {"fiscalDateEnding": "2004-12-31", "reportedCurrency": "USD", "grossProfit": "60474000", "totalRevenue": "375377000", "costOfRevenue": "314903000", "costofGoodsAndServicesSold": "314903000", "operatingIncome": "26288000", "sellingGeneralAndAdministrative": "31208000", "researchAndDevelopment": "0", "operatingExpenses": "34186000", "investmentIncomeNet": "None", "netInterestIncome": "None", "interestIncome": "None", "interestExpense": "1049000", "nonInterestIncome": "None", "otherNonOperatingIncome": "None", "depreciation": "None", "depreciationAndAmortization": "2978000", "incomeBeforeTax": "26059000", "incomeTaxExpense": "9773000", "interestAndDebtExpense": "None", "netIncomeFromContinuingOperations": "0", "comprehensiveIncomeNetOfTax": "None", "ebit": "26288000", "ebitda": "29266000", "netIncome": "16286000"}]}