{"symbol": "WEC", "annualReports": [{"fiscalDateEnding": "2024-12-31", "reportedCurrency": "USD", "grossProfit": "3785900000", "totalRevenue": "8599900000", "costOfRevenue": "4814000000", "costofGoodsAndServicesSold": "4814000000", "operatingIncome": "2152800000", "sellingGeneralAndAdministrative": "None", "researchAndDevelopment": "None", "operatingExpenses": "1633100000", "investmentIncomeNet": "None", "netInterestIncome": "-798100000", "interestIncome": "17200000", "interestExpense": "815300000", "nonInterestIncome": "None", "otherNonOperatingIncome": "None", "depreciation": "None", "depreciationAndAmortization": "1354500000", "incomeBeforeTax": "1746300000", "incomeTaxExpense": "222000000", "interestAndDebtExpense": "None", "netIncomeFromContinuingOperations": "1524300000", "comprehensiveIncomeNetOfTax": "None", "ebit": "2164900000", "ebitda": "3519400000", "netIncome": "1524300000"}, {"fiscalDateEnding": "2023-12-31", "reportedCurrency": "USD", "grossProfit": "3601300000", "totalRevenue": "8893000000", "costOfRevenue": "5291700000", "costofGoodsAndServicesSold": "5291700000", "operatingIncome": "1908000000", "sellingGeneralAndAdministrative": "None", "researchAndDevelopment": "None", "operatingExpenses": "1693300000", "investmentIncomeNet": "None", "netInterestIncome": "-683600000", "interestIncome": "3900000", "interestExpense": "726900000", "nonInterestIncome": "None", "otherNonOperatingIncome": "None", "depreciation": "None", "depreciationAndAmortization": "1264200000", "incomeBeforeTax": "1536300000", "incomeTaxExpense": "204600000", "interestAndDebtExpense": "None", "netIncomeFromContinuingOperations": "1331700000", "comprehensiveIncomeNetOfTax": "None", "ebit": "2263200000", "ebitda": "3527400000", "netIncome": "1332900000"}, {"fiscalDateEnding": "2022-12-31", "reportedCurrency": "USD", "grossProfit": "3300500000", "totalRevenue": "9597400000", "costOfRevenue": "6296900000", "costofGoodsAndServicesSold": "6296900000", "operatingIncome": "1924200000", "sellingGeneralAndAdministrative": "2191700000", "researchAndDevelopment": "None", "operatingExpenses": "1376300000", "investmentIncomeNet": "None", "netInterestIncome": "-515100000", "interestIncome": "320400000", "interestExpense": "515100000", "nonInterestIncome": "None", "otherNonOperatingIncome": "323500000", "depreciation": "None", "depreciationAndAmortization": "1122600000", "incomeBeforeTax": "1732600000", "incomeTaxExpense": "322900000", "interestAndDebtExpense": "None", "netIncomeFromContinuingOperations": "1409700000", "comprehensiveIncomeNetOfTax": "None", "ebit": "2028600000", "ebitda": "3151200000", "netIncome": "1409300000"}, {"fiscalDateEnding": "2021-12-31", "reportedCurrency": "USD", "grossProfit": "2999500000", "totalRevenue": "8316000000", "costOfRevenue": "5316500000", "costofGoodsAndServicesSold": "5316500000", "operatingIncome": "1714900000", "sellingGeneralAndAdministrative": "2215800000", "researchAndDevelopment": "None", "operatingExpenses": "1284600000", "investmentIncomeNet": "None", "netInterestIncome": "-471100000", "interestIncome": "313000000", "interestExpense": "471100000", "nonInterestIncome": "None", "otherNonOperatingIncome": "255000000", "depreciation": "None", "depreciationAndAmortization": "1074300000", "incomeBeforeTax": "1498800000", "incomeTaxExpense": "200300000", "interestAndDebtExpense": "None", "netIncomeFromContinuingOperations": "1298500000", "comprehensiveIncomeNetOfTax": "None", "ebit": "1787100000", "ebitda": "2861400000", "netIncome": "1301500000"}, {"fiscalDateEnding": "2020-12-31", "reportedCurrency": "USD", "grossProfit": "2890000000", "totalRevenue": "7241700000", "costOfRevenue": "4351700000", "costofGoodsAndServicesSold": "4351700000", "operatingIncome": "1706100000", "sellingGeneralAndAdministrative": "2240200000", "researchAndDevelopment": "None", "operatingExpenses": "1183900000", "investmentIncomeNet": "None", "netInterestIncome": "-493700000", "interestIncome": "317900000", "interestExpense": "493700000", "nonInterestIncome": "None", "otherNonOperatingIncome": "216900000", "depreciation": "None", "depreciationAndAmortization": "975900000", "incomeBeforeTax": "1429300000", "incomeTaxExpense": "227900000", "interestAndDebtExpense": "None", "netIncomeFromContinuingOperations": "1201400000", "comprehensiveIncomeNetOfTax": "None", "ebit": "1747300000", "ebitda": "2723200000", "netIncome": "1201100000"}, {"fiscalDateEnding": "2019-12-31", "reportedCurrency": "USD", "grossProfit": "2659500000", "totalRevenue": "7523100000", "costOfRevenue": "4863600000", "costofGoodsAndServicesSold": "4863600000", "operatingIncome": "1531400000", "sellingGeneralAndAdministrative": "2386600000", "researchAndDevelopment": "None", "operatingExpenses": "1128100000", "investmentIncomeNet": "None", "netInterestIncome": "-501500000", "interestIncome": "352700000", "interestExpense": "501500000", "nonInterestIncome": "None", "otherNonOperatingIncome": "229800000", "depreciation": "None", "depreciationAndAmortization": "926300000", "incomeBeforeTax": "1259700000", "incomeTaxExpense": "125000000", "interestAndDebtExpense": "None", "netIncomeFromContinuingOperations": "1134700000", "comprehensiveIncomeNetOfTax": "None", "ebit": "1567600000", "ebitda": "2493900000", "netIncome": "1135200000"}, {"fiscalDateEnding": "2018-12-31", "reportedCurrency": "USD", "grossProfit": "2511100000", "totalRevenue": "7679500000", "costOfRevenue": "5168400000", "costofGoodsAndServicesSold": "5168400000", "operatingIncome": "1468400000", "sellingGeneralAndAdministrative": "2467400000", "researchAndDevelopment": "0", "operatingExpenses": "1042700000", "investmentIncomeNet": "None", "netInterestIncome": "-445100000", "interestIncome": "308400000", "interestExpense": "445100000", "nonInterestIncome": "None", "otherNonOperatingIncome": "207000000", "depreciation": "None", "depreciationAndAmortization": "845800000", "incomeBeforeTax": "1230300000", "incomeTaxExpense": "169800000", "interestAndDebtExpense": "None", "netIncomeFromContinuingOperations": "1060500000", "comprehensiveIncomeNetOfTax": "None", "ebit": "1494400000", "ebitda": "2340200000", "netIncome": "1060500000"}, {"fiscalDateEnding": "2017-12-31", "reportedCurrency": "USD", "grossProfit": "2778700000", "totalRevenue": "7648500000", "costOfRevenue": "4869800000", "costofGoodsAndServicesSold": "4869800000", "operatingIncome": "1785200000", "sellingGeneralAndAdministrative": "194900000", "researchAndDevelopment": "0", "operatingExpenses": "993500000", "investmentIncomeNet": "None", "netInterestIncome": "-415700000", "interestIncome": "261400000", "interestExpense": "415700000", "nonInterestIncome": "None", "otherNonOperatingIncome": "218900000", "depreciation": "None", "depreciationAndAmortization": "798600000", "incomeBeforeTax": "1588400000", "incomeTaxExpense": "383500000", "interestAndDebtExpense": "None", "netIncomeFromContinuingOperations": "1204900000", "comprehensiveIncomeNetOfTax": "None", "ebit": "1785200000", "ebitda": "2583800000", "netIncome": "1204900000"}, {"fiscalDateEnding": "2016-12-31", "reportedCurrency": "USD", "grossProfit": "2639400000", "totalRevenue": "7472300000", "costOfRevenue": "4832900000", "costofGoodsAndServicesSold": "4832900000", "operatingIncome": "1682100000", "sellingGeneralAndAdministrative": "194700000", "researchAndDevelopment": "0", "operatingExpenses": "957300000", "investmentIncomeNet": "None", "netInterestIncome": "-402700000", "interestIncome": "256200000", "interestExpense": "402700000", "nonInterestIncome": "None", "otherNonOperatingIncome": "227300000", "depreciation": "None", "depreciationAndAmortization": "762600000", "incomeBeforeTax": "1506700000", "incomeTaxExpense": "566500000", "interestAndDebtExpense": "None", "netIncomeFromContinuingOperations": "940200000", "comprehensiveIncomeNetOfTax": "None", "ebit": "1682100000", "ebitda": "2444700000", "netIncome": "940200000"}, {"fiscalDateEnding": "2015-12-31", "reportedCurrency": "USD", "grossProfit": "1976700000", "totalRevenue": "5926100000", "costOfRevenue": "3949400000", "costofGoodsAndServicesSold": "3949400000", "operatingIncome": "1250500000", "sellingGeneralAndAdministrative": "36200000", "researchAndDevelopment": "0", "operatingExpenses": "726200000", "investmentIncomeNet": "None", "netInterestIncome": "None", "interestIncome": "235300000", "interestExpense": "331400000", "nonInterestIncome": "None", "otherNonOperatingIncome": "155000000", "depreciation": "None", "depreciationAndAmortization": "583500000", "incomeBeforeTax": "1074100000", "incomeTaxExpense": "433800000", "interestAndDebtExpense": "None", "netIncomeFromContinuingOperations": "640300000", "comprehensiveIncomeNetOfTax": "None", "ebit": "1250500000", "ebitda": "1834000000", "netIncome": "640300000"}, {"fiscalDateEnding": "2014-12-31", "reportedCurrency": "USD", "grossProfit": "1625300000", "totalRevenue": "4997100000", "costOfRevenue": "3371800000", "costofGoodsAndServicesSold": "3371800000", "operatingIncome": "1112100000", "sellingGeneralAndAdministrative": "36200000", "researchAndDevelopment": "0", "operatingExpenses": "513200000", "investmentIncomeNet": "None", "netInterestIncome": "None", "interestIncome": "None", "interestExpense": "241500000", "nonInterestIncome": "None", "otherNonOperatingIncome": "79300000", "depreciation": "None", "depreciationAndAmortization": "419400000", "incomeBeforeTax": "950000000", "incomeTaxExpense": "361700000", "interestAndDebtExpense": "None", "netIncomeFromContinuingOperations": "588300000", "comprehensiveIncomeNetOfTax": "None", "ebit": "1180900000", "ebitda": "1600300000", "netIncome": "588300000"}, {"fiscalDateEnding": "2013-12-31", "reportedCurrency": "USD", "grossProfit": "1536900000", "totalRevenue": "4519000000", "costOfRevenue": "2982100000", "costofGoodsAndServicesSold": "2982100000", "operatingIncome": "1080100000", "sellingGeneralAndAdministrative": "0", "researchAndDevelopment": "0", "operatingExpenses": "456800000", "investmentIncomeNet": "None", "netInterestIncome": "None", "interestIncome": "None", "interestExpense": "252100000", "nonInterestIncome": "None", "otherNonOperatingIncome": "87200000", "depreciation": "None", "depreciationAndAmortization": "400200000", "incomeBeforeTax": "915300000", "incomeTaxExpense": "337900000", "interestAndDebtExpense": "None", "netIncomeFromContinuingOperations": "577400000", "comprehensiveIncomeNetOfTax": "None", "ebit": "1155300000", "ebitda": "1555500000", "netIncome": "577400000"}, {"fiscalDateEnding": "2012-12-31", "reportedCurrency": "USD", "grossProfit": "1485900000", "totalRevenue": "4246400000", "costOfRevenue": "2760500000", "costofGoodsAndServicesSold": "2760500000", "operatingIncome": "1000300000", "sellingGeneralAndAdministrative": "0", "researchAndDevelopment": "0", "operatingExpenses": "485600000", "investmentIncomeNet": "None", "netInterestIncome": "None", "interestIncome": "None", "interestExpense": "248200000", "nonInterestIncome": "None", "otherNonOperatingIncome": "100300000", "depreciation": "None", "depreciationAndAmortization": "371700000", "incomeBeforeTax": "852600000", "incomeTaxExpense": "306300000", "interestAndDebtExpense": "None", "netIncomeFromContinuingOperations": "546300000", "comprehensiveIncomeNetOfTax": "None", "ebit": "1100800000", "ebitda": "1472500000", "netIncome": "546300000"}, {"fiscalDateEnding": "2011-12-31", "reportedCurrency": "USD", "grossProfit": "2588000000", "totalRevenue": "4486400000", "costOfRevenue": "1898400000", "costofGoodsAndServicesSold": "1898400000", "operatingIncome": "887300000", "sellingGeneralAndAdministrative": "0", "researchAndDevelopment": "0", "operatingExpenses": "1700700000", "investmentIncomeNet": "None", "netInterestIncome": "None", "interestIncome": "None", "interestExpense": "262500000", "nonInterestIncome": "None", "otherNonOperatingIncome": "125200000", "depreciation": "None", "depreciationAndAmortization": "336400000", "incomeBeforeTax": "776700000", "incomeTaxExpense": "263900000", "interestAndDebtExpense": "None", "netIncomeFromContinuingOperations": "512800000", "comprehensiveIncomeNetOfTax": "None", "ebit": "824600000", "ebitda": "1161000000", "netIncome": "526200000"}, {"fiscalDateEnding": "2010-12-31", "reportedCurrency": "USD", "grossProfit": "2351100000", "totalRevenue": "4202500000", "costOfRevenue": "1851400000", "costofGoodsAndServicesSold": "1851400000", "operatingIncome": "810400000", "sellingGeneralAndAdministrative": "0", "researchAndDevelopment": "0", "operatingExpenses": "1540700000", "investmentIncomeNet": "None", "netInterestIncome": "None", "interestIncome": "None", "interestExpense": "206400000", "nonInterestIncome": "None", "otherNonOperatingIncome": "100300000", "depreciation": "None", "depreciationAndAmortization": "317400000", "incomeBeforeTax": "704300000", "incomeTaxExpense": "249900000", "interestAndDebtExpense": "None", "netIncomeFromContinuingOperations": "454400000", "comprehensiveIncomeNetOfTax": "None", "ebit": "898900000", "ebitda": "1216300000", "netIncome": "456500000"}, {"fiscalDateEnding": "2009-12-31", "reportedCurrency": "USD", "grossProfit": "2152200000", "totalRevenue": "4127900000", "costOfRevenue": "1975700000", "costofGoodsAndServicesSold": "1975700000", "operatingIncome": "663700000", "sellingGeneralAndAdministrative": "0", "researchAndDevelopment": "0", "operatingExpenses": "1488500000", "investmentIncomeNet": "None", "netInterestIncome": "None", "interestIncome": "None", "interestExpense": "156700000", "nonInterestIncome": "None", "otherNonOperatingIncome": "87500000", "depreciation": "None", "depreciationAndAmortization": "349400000", "incomeBeforeTax": "594500000", "incomeTaxExpense": "217300000", "interestAndDebtExpense": "None", "netIncomeFromContinuingOperations": "377200000", "comprehensiveIncomeNetOfTax": "None", "ebit": "747900000", "ebitda": "1097300000", "netIncome": "382400000"}, {"fiscalDateEnding": "2008-12-31", "reportedCurrency": "USD", "grossProfit": "3190300000", "totalRevenue": "4431000000", "costOfRevenue": "1240700000", "costofGoodsAndServicesSold": "1240700000", "operatingIncome": "172500000", "sellingGeneralAndAdministrative": "None", "researchAndDevelopment": "None", "operatingExpenses": "3017800000", "investmentIncomeNet": "None", "netInterestIncome": "None", "interestIncome": "None", "interestExpense": "153700000", "nonInterestIncome": "None", "otherNonOperatingIncome": "None", "depreciation": "None", "depreciationAndAmortization": "332300000", "incomeBeforeTax": "575700000", "incomeTaxExpense": "217100000", "interestAndDebtExpense": "None", "netIncomeFromContinuingOperations": "None", "comprehensiveIncomeNetOfTax": "None", "ebit": "727800000", "ebitda": "1060100000", "netIncome": "359100000"}, {"fiscalDateEnding": "2007-12-31", "reportedCurrency": "USD", "grossProfit": "3241400000", "totalRevenue": "4237800000", "costOfRevenue": "996400000", "costofGoodsAndServicesSold": "996400000", "operatingIncome": "628500000", "sellingGeneralAndAdministrative": "None", "researchAndDevelopment": "None", "operatingExpenses": "2612900000", "investmentIncomeNet": "None", "netInterestIncome": "None", "interestIncome": "None", "interestExpense": "167600000", "nonInterestIncome": "None", "otherNonOperatingIncome": "None", "depreciation": "None", "depreciationAndAmortization": "361200000", "incomeBeforeTax": "552900000", "incomeTaxExpense": "216400000", "interestAndDebtExpense": "None", "netIncomeFromContinuingOperations": "None", "comprehensiveIncomeNetOfTax": "None", "ebit": "605300000", "ebitda": "966500000", "netIncome": "335600000"}, {"fiscalDateEnding": "2006-12-31", "reportedCurrency": "USD", "grossProfit": "3194400000", "totalRevenue": "3996400000", "costOfRevenue": "802000000", "costofGoodsAndServicesSold": "802000000", "operatingIncome": "568500000", "sellingGeneralAndAdministrative": "None", "researchAndDevelopment": "None", "operatingExpenses": "2625900000", "investmentIncomeNet": "None", "netInterestIncome": "None", "interestIncome": "None", "interestExpense": "0", "nonInterestIncome": "None", "otherNonOperatingIncome": "None", "depreciation": "None", "depreciationAndAmortization": "336800000", "incomeBeforeTax": "487500000", "incomeTaxExpense": "175000000", "interestAndDebtExpense": "None", "netIncomeFromContinuingOperations": "None", "comprehensiveIncomeNetOfTax": "None", "ebit": "476800000", "ebitda": "813600000", "netIncome": "316400000"}, {"fiscalDateEnding": "2005-12-31", "reportedCurrency": "USD", "grossProfit": "3038800000", "totalRevenue": "3815500000", "costOfRevenue": "776700000", "costofGoodsAndServicesSold": "776700000", "operatingIncome": "562900000", "sellingGeneralAndAdministrative": "None", "researchAndDevelopment": "None", "operatingExpenses": "2475900000", "investmentIncomeNet": "None", "netInterestIncome": "None", "interestIncome": "None", "interestExpense": "0", "nonInterestIncome": "None", "otherNonOperatingIncome": "None", "depreciation": "None", "depreciationAndAmortization": "350000000", "incomeBeforeTax": "452800000", "incomeTaxExpense": "149200000", "interestAndDebtExpense": "None", "netIncomeFromContinuingOperations": "None", "comprehensiveIncomeNetOfTax": "None", "ebit": "562900000", "ebitda": "912900000", "netIncome": "308700000"}], "quarterlyReports": [{"fiscalDateEnding": "2024-12-31", "reportedCurrency": "USD", "grossProfit": "1006700000", "totalRevenue": "2284200000", "costOfRevenue": "1277500000", "costofGoodsAndServicesSold": "1277500000", "operatingIncome": "590900000", "sellingGeneralAndAdministrative": "None", "researchAndDevelopment": "None", "operatingExpenses": "415800000", "investmentIncomeNet": "None", "netInterestIncome": "-201300000", "interestIncome": "None", "interestExpense": "211900000", "nonInterestIncome": "None", "otherNonOperatingIncome": "None", "depreciation": "None", "depreciationAndAmortization": "344000000", "incomeBeforeTax": "514200000", "incomeTaxExpense": "61100000", "interestAndDebtExpense": "None", "netIncomeFromContinuingOperations": "453100000", "comprehensiveIncomeNetOfTax": "None", "ebit": "726100000", "ebitda": "1070100000", "netIncome": "453800000"}, {"fiscalDateEnding": "2024-09-30", "reportedCurrency": "USD", "grossProfit": "775900000", "totalRevenue": "1863500000", "costOfRevenue": "1087600000", "costofGoodsAndServicesSold": "1087600000", "operatingIncome": "383700000", "sellingGeneralAndAdministrative": "None", "researchAndDevelopment": "None", "operatingExpenses": "392200000", "investmentIncomeNet": "None", "netInterestIncome": "-204200000", "interestIncome": "None", "interestExpense": "204200000", "nonInterestIncome": "None", "otherNonOperatingIncome": "None", "depreciation": "None", "depreciationAndAmortization": "340500000", "incomeBeforeTax": "270200000", "incomeTaxExpense": "31600000", "interestAndDebtExpense": "None", "netIncomeFromContinuingOperations": "238600000", "comprehensiveIncomeNetOfTax": "None", "ebit": "474400000", "ebitda": "814900000", "netIncome": "240400000"}, {"fiscalDateEnding": "2024-06-30", "reportedCurrency": "USD", "grossProfit": "460100000", "totalRevenue": "1772000000", "costOfRevenue": "1311900000", "costofGoodsAndServicesSold": "1311900000", "operatingIncome": "392600000", "sellingGeneralAndAdministrative": "None", "researchAndDevelopment": "None", "operatingExpenses": "67500000", "investmentIncomeNet": "None", "netInterestIncome": "-200600000", "interestIncome": "None", "interestExpense": "200600000", "nonInterestIncome": "None", "otherNonOperatingIncome": "None", "depreciation": "None", "depreciationAndAmortization": "336600000", "incomeBeforeTax": "251600000", "incomeTaxExpense": "41600000", "interestAndDebtExpense": "None", "netIncomeFromContinuingOperations": "210000000", "comprehensiveIncomeNetOfTax": "None", "ebit": "452200000", "ebitda": "788800000", "netIncome": "211600000"}, {"fiscalDateEnding": "2024-03-31", "reportedCurrency": "USD", "grossProfit": "944200000", "totalRevenue": "2680200000", "costOfRevenue": "1736000000", "costofGoodsAndServicesSold": "1736000000", "operatingIncome": "868700000", "sellingGeneralAndAdministrative": "None", "researchAndDevelopment": "None", "operatingExpenses": "75500000", "investmentIncomeNet": "None", "netInterestIncome": "-192000000", "interestIncome": "None", "interestExpense": "192000000", "nonInterestIncome": "None", "otherNonOperatingIncome": "None", "depreciation": "None", "depreciationAndAmortization": "333400000", "incomeBeforeTax": "710300000", "incomeTaxExpense": "87700000", "interestAndDebtExpense": "None", "netIncomeFromContinuingOperations": "622600000", "comprehensiveIncomeNetOfTax": "None", "ebit": "902300000", "ebitda": "1235700000", "netIncome": "622600000"}, {"fiscalDateEnding": "2023-12-31", "reportedCurrency": "USD", "grossProfit": "1131900000", "totalRevenue": "2217500000", "costOfRevenue": "1085600000", "costofGoodsAndServicesSold": "1085600000", "operatingIncome": "520299999", "sellingGeneralAndAdministrative": "None", "researchAndDevelopment": "None", "operatingExpenses": "611600000", "investmentIncomeNet": "None", "netInterestIncome": "-193500000", "interestIncome": "None", "interestExpense": "193500000", "nonInterestIncome": "None", "otherNonOperatingIncome": "None", "depreciation": "None", "depreciationAndAmortization": "324500000", "incomeBeforeTax": "240100000", "incomeTaxExpense": "21600000", "interestAndDebtExpense": "None", "netIncomeFromContinuingOperations": "218500000", "comprehensiveIncomeNetOfTax": "None", "ebit": "433600000", "ebitda": "758100000", "netIncome": "218800000"}, {"fiscalDateEnding": "2023-09-30", "reportedCurrency": "USD", "grossProfit": "853400000", "totalRevenue": "1957400000", "costOfRevenue": "1104000000", "costofGoodsAndServicesSold": "1104000000", "operatingIncome": "472000000", "sellingGeneralAndAdministrative": "None", "researchAndDevelopment": "None", "operatingExpenses": "381400000", "investmentIncomeNet": "None", "netInterestIncome": "-182500000", "interestIncome": "137800000", "interestExpense": "182500000", "nonInterestIncome": "None", "otherNonOperatingIncome": "None", "depreciation": "None", "depreciationAndAmortization": "320300000", "incomeBeforeTax": "376000000", "incomeTaxExpense": "60400000", "interestAndDebtExpense": "None", "netIncomeFromContinuingOperations": "315600000", "comprehensiveIncomeNetOfTax": "None", "ebit": "558500000", "ebitda": "878800000", "netIncome": "316300000"}, {"fiscalDateEnding": "2023-06-30", "reportedCurrency": "USD", "grossProfit": "801000000", "totalRevenue": "1830000000", "costOfRevenue": "1029000000", "costofGoodsAndServicesSold": "1029000000", "operatingIncome": "425300000", "sellingGeneralAndAdministrative": "557800000", "researchAndDevelopment": "None", "operatingExpenses": "375700000", "investmentIncomeNet": "None", "netInterestIncome": "-178700000", "interestIncome": "135100000", "interestExpense": "178700000", "nonInterestIncome": "None", "otherNonOperatingIncome": "91900000", "depreciation": "None", "depreciationAndAmortization": "313900000", "incomeBeforeTax": "338500000", "incomeTaxExpense": "48500000", "interestAndDebtExpense": "None", "netIncomeFromContinuingOperations": "290000000", "comprehensiveIncomeNetOfTax": "None", "ebit": "517200000", "ebitda": "831100000", "netIncome": "290000000"}, {"fiscalDateEnding": "2023-03-31", "reportedCurrency": "USD", "grossProfit": "1044400000", "totalRevenue": "2888100000", "costOfRevenue": "1843700000", "costofGoodsAndServicesSold": "1843700000", "operatingIncome": "669300000", "sellingGeneralAndAdministrative": "603600000", "researchAndDevelopment": "None", "operatingExpenses": "375100000", "investmentIncomeNet": "None", "netInterestIncome": "-172200000", "interestIncome": "128400000", "interestExpense": "172200000", "nonInterestIncome": "None", "otherNonOperatingIncome": "84600000", "depreciation": "None", "depreciationAndAmortization": "305500000", "incomeBeforeTax": "581700000", "incomeTaxExpense": "74100000", "interestAndDebtExpense": "None", "netIncomeFromContinuingOperations": "507600000", "comprehensiveIncomeNetOfTax": "None", "ebit": "753900000", "ebitda": "1059400000", "netIncome": "507800000"}, {"fiscalDateEnding": "2022-12-31", "reportedCurrency": "USD", "grossProfit": "742700000", "totalRevenue": "2558400000", "costOfRevenue": "1815700000", "costofGoodsAndServicesSold": "1815700000", "operatingIncome": "380400000", "sellingGeneralAndAdministrative": "658000000", "researchAndDevelopment": "None", "operatingExpenses": "362300000", "investmentIncomeNet": "None", "netInterestIncome": "-150200000", "interestIncome": "103900000", "interestExpense": "150200000", "nonInterestIncome": "None", "otherNonOperatingIncome": "81000000", "depreciation": "None", "depreciationAndAmortization": "284600000", "incomeBeforeTax": "311200000", "incomeTaxExpense": "59000000", "interestAndDebtExpense": "None", "netIncomeFromContinuingOperations": "252200000", "comprehensiveIncomeNetOfTax": "None", "ebit": "461500000", "ebitda": "746100000", "netIncome": "253000000"}, {"fiscalDateEnding": "2022-09-30", "reportedCurrency": "USD", "grossProfit": "743600000", "totalRevenue": "2003000000", "costOfRevenue": "1259400000", "costofGoodsAndServicesSold": "1259400000", "operatingIncome": "404200000", "sellingGeneralAndAdministrative": "513400000", "researchAndDevelopment": "None", "operatingExpenses": "339400000", "investmentIncomeNet": "None", "netInterestIncome": "-127500000", "interestIncome": "63800000", "interestExpense": "127500000", "nonInterestIncome": "None", "otherNonOperatingIncome": "98400000", "depreciation": "None", "depreciationAndAmortization": "280300000", "incomeBeforeTax": "375100000", "incomeTaxExpense": "73400000", "interestAndDebtExpense": "None", "netIncomeFromContinuingOperations": "301700000", "comprehensiveIncomeNetOfTax": "None", "ebit": "502600000", "ebitda": "782900000", "netIncome": "302000000"}, {"fiscalDateEnding": "2022-06-30", "reportedCurrency": "USD", "grossProfit": "743900000", "totalRevenue": "2127900000", "costOfRevenue": "1384000000", "costofGoodsAndServicesSold": "1384000000", "operatingIncome": "408200000", "sellingGeneralAndAdministrative": "505100000", "researchAndDevelopment": "None", "operatingExpenses": "335700000", "investmentIncomeNet": "None", "netInterestIncome": "-119800000", "interestIncome": "76800000", "interestExpense": "119800000", "nonInterestIncome": "None", "otherNonOperatingIncome": "62800000", "depreciation": "None", "depreciationAndAmortization": "279600000", "incomeBeforeTax": "351200000", "incomeTaxExpense": "63400000", "interestAndDebtExpense": "None", "netIncomeFromContinuingOperations": "287800000", "comprehensiveIncomeNetOfTax": "None", "ebit": "471000000", "ebitda": "750600000", "netIncome": "287500000"}, {"fiscalDateEnding": "2022-03-31", "reportedCurrency": "USD", "grossProfit": "1070300000", "totalRevenue": "2908100000", "costOfRevenue": "1837800000", "costofGoodsAndServicesSold": "1837800000", "operatingIncome": "731400000", "sellingGeneralAndAdministrative": "515200000", "researchAndDevelopment": "None", "operatingExpenses": "338900000", "investmentIncomeNet": "None", "netInterestIncome": "-117600000", "interestIncome": "75900000", "interestExpense": "117600000", "nonInterestIncome": "None", "otherNonOperatingIncome": "81300000", "depreciation": "None", "depreciationAndAmortization": "278100000", "incomeBeforeTax": "695100000", "incomeTaxExpense": "127100000", "interestAndDebtExpense": "None", "netIncomeFromContinuingOperations": "568000000", "comprehensiveIncomeNetOfTax": "None", "ebit": "812700000", "ebitda": "1090800000", "netIncome": "565900000"}, {"fiscalDateEnding": "2021-12-31", "reportedCurrency": "USD", "grossProfit": "655000000", "totalRevenue": "2201900000", "costOfRevenue": "1546900000", "costofGoodsAndServicesSold": "1546900000", "operatingIncome": "326800000", "sellingGeneralAndAdministrative": "641200000", "researchAndDevelopment": "None", "operatingExpenses": "328200000", "investmentIncomeNet": "None", "netInterestIncome": "-113600000", "interestIncome": "81700000", "interestExpense": "113600000", "nonInterestIncome": "None", "otherNonOperatingIncome": "31100000", "depreciation": "None", "depreciationAndAmortization": "275100000", "incomeBeforeTax": "244300000", "incomeTaxExpense": "20500000", "interestAndDebtExpense": "None", "netIncomeFromContinuingOperations": "223800000", "comprehensiveIncomeNetOfTax": "None", "ebit": "360700000", "ebitda": "635800000", "netIncome": "224200000"}, {"fiscalDateEnding": "2021-09-30", "reportedCurrency": "USD", "grossProfit": "712100000", "totalRevenue": "1746500000", "costOfRevenue": "1034400000", "costofGoodsAndServicesSold": "1034400000", "operatingIncome": "390000000", "sellingGeneralAndAdministrative": "524200000", "researchAndDevelopment": "None", "operatingExpenses": "322100000", "investmentIncomeNet": "None", "netInterestIncome": "-118000000", "interestIncome": "75700000", "interestExpense": "118000000", "nonInterestIncome": "None", "otherNonOperatingIncome": "67500000", "depreciation": "None", "depreciationAndAmortization": "271600000", "incomeBeforeTax": "339500000", "incomeTaxExpense": "50800000", "interestAndDebtExpense": "None", "netIncomeFromContinuingOperations": "288700000", "comprehensiveIncomeNetOfTax": "None", "ebit": "457500000", "ebitda": "729100000", "netIncome": "290000000"}, {"fiscalDateEnding": "2021-06-30", "reportedCurrency": "USD", "grossProfit": "686500000", "totalRevenue": "1676200000", "costOfRevenue": "989700000", "costofGoodsAndServicesSold": "989700000", "operatingIncome": "368800000", "sellingGeneralAndAdministrative": "515300000", "researchAndDevelopment": "None", "operatingExpenses": "317700000", "investmentIncomeNet": "None", "netInterestIncome": "-120000000", "interestIncome": "78700000", "interestExpense": "120000000", "nonInterestIncome": "None", "otherNonOperatingIncome": "81000000", "depreciation": "None", "depreciationAndAmortization": "266200000", "incomeBeforeTax": "329800000", "incomeTaxExpense": "54100000", "interestAndDebtExpense": "None", "netIncomeFromContinuingOperations": "275700000", "comprehensiveIncomeNetOfTax": "None", "ebit": "449800000", "ebitda": "716000000", "netIncome": "276000000"}, {"fiscalDateEnding": "2021-03-31", "reportedCurrency": "USD", "grossProfit": "945900000", "totalRevenue": "2691400000", "costOfRevenue": "1745500000", "costofGoodsAndServicesSold": "1745500000", "operatingIncome": "629300000", "sellingGeneralAndAdministrative": "535100000", "researchAndDevelopment": "None", "operatingExpenses": "316600000", "investmentIncomeNet": "None", "netInterestIncome": "-119500000", "interestIncome": "76900000", "interestExpense": "119500000", "nonInterestIncome": "None", "otherNonOperatingIncome": "75400000", "depreciation": "None", "depreciationAndAmortization": "261400000", "incomeBeforeTax": "585200000", "incomeTaxExpense": "74900000", "interestAndDebtExpense": "None", "netIncomeFromContinuingOperations": "510300000", "comprehensiveIncomeNetOfTax": "None", "ebit": "704700000", "ebitda": "966100000", "netIncome": "510100000"}, {"fiscalDateEnding": "2020-12-31", "reportedCurrency": "USD", "grossProfit": "671200000", "totalRevenue": "1933400000", "costOfRevenue": "1262200000", "costofGoodsAndServicesSold": "1262200000", "operatingIncome": "370500000", "sellingGeneralAndAdministrative": "656100000", "researchAndDevelopment": "None", "operatingExpenses": "300700000", "investmentIncomeNet": "None", "netInterestIncome": "-117900000", "interestIncome": "74900000", "interestExpense": "117900000", "nonInterestIncome": "None", "otherNonOperatingIncome": "24200000", "depreciation": "None", "depreciationAndAmortization": "249300000", "incomeBeforeTax": "276800000", "incomeTaxExpense": "37200000", "interestAndDebtExpense": "None", "netIncomeFromContinuingOperations": "239600000", "comprehensiveIncomeNetOfTax": "None", "ebit": "379700000", "ebitda": "629000000", "netIncome": "239000000"}, {"fiscalDateEnding": "2020-09-30", "reportedCurrency": "USD", "grossProfit": "669500000", "totalRevenue": "1651000000", "costOfRevenue": "981500000", "costofGoodsAndServicesSold": "981500000", "operatingIncome": "370200000", "sellingGeneralAndAdministrative": "553000000", "researchAndDevelopment": "None", "operatingExpenses": "299300000", "investmentIncomeNet": "None", "netInterestIncome": "-122000000", "interestIncome": "75900000", "interestExpense": "122000000", "nonInterestIncome": "None", "otherNonOperatingIncome": "65800000", "depreciation": "None", "depreciationAndAmortization": "245000000", "incomeBeforeTax": "314000000", "incomeTaxExpense": "46900000", "interestAndDebtExpense": "None", "netIncomeFromContinuingOperations": "267100000", "comprehensiveIncomeNetOfTax": "None", "ebit": "436000000", "ebitda": "681000000", "netIncome": "266800000"}, {"fiscalDateEnding": "2020-06-30", "reportedCurrency": "USD", "grossProfit": "631100000", "totalRevenue": "1548700000", "costOfRevenue": "917600000", "costofGoodsAndServicesSold": "917600000", "operatingIncome": "338800000", "sellingGeneralAndAdministrative": "522900000", "researchAndDevelopment": "None", "operatingExpenses": "292300000", "investmentIncomeNet": "None", "netInterestIncome": "-124400000", "interestIncome": "59800000", "interestExpense": "124400000", "nonInterestIncome": "None", "otherNonOperatingIncome": "81500000", "depreciation": "None", "depreciationAndAmortization": "242500000", "incomeBeforeTax": "295900000", "incomeTaxExpense": "53800000", "interestAndDebtExpense": "None", "netIncomeFromContinuingOperations": "242100000", "comprehensiveIncomeNetOfTax": "None", "ebit": "420300000", "ebitda": "662800000", "netIncome": "241600000"}, {"fiscalDateEnding": "2020-03-31", "reportedCurrency": "USD", "grossProfit": "918200000", "totalRevenue": "2108600000", "costOfRevenue": "1190400000", "costofGoodsAndServicesSold": "1190400000", "operatingIncome": "626600000", "sellingGeneralAndAdministrative": "508200000", "researchAndDevelopment": "None", "operatingExpenses": "291600000", "investmentIncomeNet": "None", "netInterestIncome": "-129400000", "interestIncome": "102900000", "interestExpense": "129400000", "nonInterestIncome": "None", "otherNonOperatingIncome": "45400000", "depreciation": "None", "depreciationAndAmortization": "239100000", "incomeBeforeTax": "542600000", "incomeTaxExpense": "90000000", "interestAndDebtExpense": "None", "netIncomeFromContinuingOperations": "452600000", "comprehensiveIncomeNetOfTax": "None", "ebit": "672000000", "ebitda": "911100000", "netIncome": "452500000"}, {"fiscalDateEnding": "2019-12-31", "reportedCurrency": "USD", "grossProfit": "653100000", "totalRevenue": "1947500000", "costOfRevenue": "1294400000", "costofGoodsAndServicesSold": "1294400000", "operatingIncome": "363100000", "sellingGeneralAndAdministrative": "1253800000", "researchAndDevelopment": "None", "operatingExpenses": "290000000", "investmentIncomeNet": "None", "netInterestIncome": "-127200000", "interestIncome": "90100000", "interestExpense": "127200000", "nonInterestIncome": "None", "otherNonOperatingIncome": "41800000", "depreciation": "None", "depreciationAndAmortization": "236200000", "incomeBeforeTax": "277700000", "incomeTaxExpense": "33500000", "interestAndDebtExpense": "None", "netIncomeFromContinuingOperations": "244200000", "comprehensiveIncomeNetOfTax": "None", "ebit": "371800000", "ebitda": "608000000", "netIncome": "243900000"}, {"fiscalDateEnding": "2019-09-30", "reportedCurrency": "USD", "grossProfit": "594500000", "totalRevenue": "1608000000", "costOfRevenue": "1013500000", "costofGoodsAndServicesSold": "1013500000", "operatingIncome": "310900000", "sellingGeneralAndAdministrative": "579000000", "researchAndDevelopment": "None", "operatingExpenses": "283600000", "investmentIncomeNet": "None", "netInterestIncome": "-125800000", "interestIncome": "87100000", "interestExpense": "125800000", "nonInterestIncome": "None", "otherNonOperatingIncome": "60500000", "depreciation": "None", "depreciationAndAmortization": "233800000", "incomeBeforeTax": "245600000", "incomeTaxExpense": "11300000", "interestAndDebtExpense": "None", "netIncomeFromContinuingOperations": "234300000", "comprehensiveIncomeNetOfTax": "None", "ebit": "371400000", "ebitda": "605200000", "netIncome": "234300000"}, {"fiscalDateEnding": "2019-06-30", "reportedCurrency": "USD", "grossProfit": "594700000", "totalRevenue": "1590200000", "costOfRevenue": "995500000", "costofGoodsAndServicesSold": "995500000", "operatingIncome": "314600000", "sellingGeneralAndAdministrative": "553800000", "researchAndDevelopment": "None", "operatingExpenses": "280100000", "investmentIncomeNet": "None", "netInterestIncome": "-124100000", "interestIncome": "87200000", "interestExpense": "124100000", "nonInterestIncome": "None", "otherNonOperatingIncome": "60500000", "depreciation": "None", "depreciationAndAmortization": "229900000", "incomeBeforeTax": "251000000", "incomeTaxExpense": "15200000", "interestAndDebtExpense": "None", "netIncomeFromContinuingOperations": "235800000", "comprehensiveIncomeNetOfTax": "None", "ebit": "375100000", "ebitda": "605000000", "netIncome": "235700000"}, {"fiscalDateEnding": "2019-03-31", "reportedCurrency": "USD", "grossProfit": "817200000", "totalRevenue": "2377400000", "costOfRevenue": "1560200000", "costofGoodsAndServicesSold": "1560200000", "operatingIncome": "542800000", "sellingGeneralAndAdministrative": "6900000", "researchAndDevelopment": "None", "operatingExpenses": "274400000", "investmentIncomeNet": "None", "netInterestIncome": "-124400000", "interestIncome": "88300000", "interestExpense": "124400000", "nonInterestIncome": "None", "otherNonOperatingIncome": "67000000", "depreciation": "None", "depreciationAndAmortization": "226400000", "incomeBeforeTax": "485400000", "incomeTaxExpense": "65000000", "interestAndDebtExpense": "None", "netIncomeFromContinuingOperations": "420400000", "comprehensiveIncomeNetOfTax": "None", "ebit": "609800000", "ebitda": "836200000", "netIncome": "420100000"}, {"fiscalDateEnding": "2018-12-31", "reportedCurrency": "USD", "grossProfit": "555000000", "totalRevenue": "2076800000", "costOfRevenue": "1521800000", "costofGoodsAndServicesSold": "1521800000", "operatingIncome": "289800000", "sellingGeneralAndAdministrative": "2467400000", "researchAndDevelopment": "0", "operatingExpenses": "265200000", "investmentIncomeNet": "None", "netInterestIncome": "None", "interestIncome": "None", "interestExpense": "117900000", "nonInterestIncome": "None", "otherNonOperatingIncome": "46800000", "depreciation": "None", "depreciationAndAmortization": "217700000", "incomeBeforeTax": "218700000", "incomeTaxExpense": "13400000", "interestAndDebtExpense": "None", "netIncomeFromContinuingOperations": "205300000", "comprehensiveIncomeNetOfTax": "None", "ebit": "296000000", "ebitda": "513700000", "netIncome": "205000000"}, {"fiscalDateEnding": "2018-09-30", "reportedCurrency": "USD", "grossProfit": "566500000", "totalRevenue": "1643700000", "costOfRevenue": "1077200000", "costofGoodsAndServicesSold": "1077200000", "operatingIncome": "302700000", "sellingGeneralAndAdministrative": "7300000", "researchAndDevelopment": "0", "operatingExpenses": "263800000", "investmentIncomeNet": "None", "netInterestIncome": "None", "interestIncome": "None", "interestExpense": "112000000", "nonInterestIncome": "None", "otherNonOperatingIncome": "59800000", "depreciation": "None", "depreciationAndAmortization": "212800000", "incomeBeforeTax": "250500000", "incomeTaxExpense": "17000000", "interestAndDebtExpense": "None", "netIncomeFromContinuingOperations": "233500000", "comprehensiveIncomeNetOfTax": "None", "ebit": "362500000", "ebitda": "575300000", "netIncome": "233200000"}, {"fiscalDateEnding": "2018-06-30", "reportedCurrency": "USD", "grossProfit": "587100000", "totalRevenue": "1672500000", "costOfRevenue": "1085400000", "costofGoodsAndServicesSold": "1085400000", "operatingIncome": "330800000", "sellingGeneralAndAdministrative": "5300000", "researchAndDevelopment": "0", "operatingExpenses": "256300000", "investmentIncomeNet": "None", "netInterestIncome": "None", "interestIncome": "None", "interestExpense": "108500000", "nonInterestIncome": "None", "otherNonOperatingIncome": "60100000", "depreciation": "None", "depreciationAndAmortization": "206700000", "incomeBeforeTax": "282400000", "incomeTaxExpense": "51100000", "interestAndDebtExpense": "None", "netIncomeFromContinuingOperations": "231300000", "comprehensiveIncomeNetOfTax": "None", "ebit": "390900000", "ebitda": "597600000", "netIncome": "231000000"}, {"fiscalDateEnding": "2018-03-31", "reportedCurrency": "USD", "grossProfit": "802500000", "totalRevenue": "2286500000", "costOfRevenue": "1484000000", "costofGoodsAndServicesSold": "1484000000", "operatingIncome": "545100000", "sellingGeneralAndAdministrative": "5300000", "researchAndDevelopment": "0", "operatingExpenses": "257400000", "investmentIncomeNet": "None", "netInterestIncome": "None", "interestIncome": "None", "interestExpense": "106700000", "nonInterestIncome": "None", "otherNonOperatingIncome": "40300000", "depreciation": "None", "depreciationAndAmortization": "208600000", "incomeBeforeTax": "478700000", "incomeTaxExpense": "88300000", "interestAndDebtExpense": "None", "netIncomeFromContinuingOperations": "390400000", "comprehensiveIncomeNetOfTax": "None", "ebit": "585400000", "ebitda": "794000000", "netIncome": "390100000"}, {"fiscalDateEnding": "2017-12-31", "reportedCurrency": "USD", "grossProfit": "664200000", "totalRevenue": "2055000000", "costOfRevenue": "1390800000", "costofGoodsAndServicesSold": "1390800000", "operatingIncome": "412100000", "sellingGeneralAndAdministrative": "194900000", "researchAndDevelopment": "0", "operatingExpenses": "252100000", "investmentIncomeNet": "None", "netInterestIncome": "None", "interestIncome": "None", "interestExpense": "105300000", "nonInterestIncome": "None", "otherNonOperatingIncome": "50800000", "depreciation": "None", "depreciationAndAmortization": "205100000", "incomeBeforeTax": "357600000", "incomeTaxExpense": "-75300000", "interestAndDebtExpense": "None", "netIncomeFromContinuingOperations": "432900000", "comprehensiveIncomeNetOfTax": "None", "ebit": "462900000", "ebitda": "668000000", "netIncome": "432600000"}, {"fiscalDateEnding": "2017-09-30", "reportedCurrency": "USD", "grossProfit": "643100000", "totalRevenue": "1657500000", "costOfRevenue": "1014400000", "costofGoodsAndServicesSold": "1014400000", "operatingIncome": "393600000", "sellingGeneralAndAdministrative": "0", "researchAndDevelopment": "0", "operatingExpenses": "249500000", "investmentIncomeNet": "None", "netInterestIncome": "None", "interestIncome": "None", "interestExpense": "103800000", "nonInterestIncome": "None", "otherNonOperatingIncome": "55600000", "depreciation": "None", "depreciationAndAmortization": "201200000", "incomeBeforeTax": "345400000", "incomeTaxExpense": "129700000", "interestAndDebtExpense": "None", "netIncomeFromContinuingOperations": "215700000", "comprehensiveIncomeNetOfTax": "None", "ebit": "449200000", "ebitda": "650400000", "netIncome": "215400000"}, {"fiscalDateEnding": "2017-06-30", "reportedCurrency": "USD", "grossProfit": "609900000", "totalRevenue": "1631500000", "costOfRevenue": "1021600000", "costofGoodsAndServicesSold": "1021600000", "operatingIncome": "362200000", "sellingGeneralAndAdministrative": "0", "researchAndDevelopment": "0", "operatingExpenses": "247700000", "investmentIncomeNet": "None", "netInterestIncome": "None", "interestIncome": "None", "interestExpense": "101900000", "nonInterestIncome": "None", "otherNonOperatingIncome": "54900000", "depreciation": "None", "depreciationAndAmortization": "197700000", "incomeBeforeTax": "315200000", "incomeTaxExpense": "115800000", "interestAndDebtExpense": "None", "netIncomeFromContinuingOperations": "199400000", "comprehensiveIncomeNetOfTax": "None", "ebit": "417100000", "ebitda": "614800000", "netIncome": "199100000"}, {"fiscalDateEnding": "2017-03-31", "reportedCurrency": "USD", "grossProfit": "861500000", "totalRevenue": "2304500000", "costOfRevenue": "1443000000", "costofGoodsAndServicesSold": "1443000000", "operatingIncome": "617300000", "sellingGeneralAndAdministrative": "0", "researchAndDevelopment": "0", "operatingExpenses": "244200000", "investmentIncomeNet": "None", "netInterestIncome": "None", "interestIncome": "None", "interestExpense": "104700000", "nonInterestIncome": "None", "otherNonOperatingIncome": "57600000", "depreciation": "None", "depreciationAndAmortization": "194600000", "incomeBeforeTax": "570200000", "incomeTaxExpense": "213300000", "interestAndDebtExpense": "None", "netIncomeFromContinuingOperations": "356900000", "comprehensiveIncomeNetOfTax": "None", "ebit": "674900000", "ebitda": "869500000", "netIncome": "356600000"}, {"fiscalDateEnding": "2016-12-31", "reportedCurrency": "USD", "grossProfit": "603000000", "totalRevenue": "1963000000", "costOfRevenue": "1360000000", "costofGoodsAndServicesSold": "1360000000", "operatingIncome": "361700000", "sellingGeneralAndAdministrative": "194700000", "researchAndDevelopment": "0", "operatingExpenses": "241300000", "investmentIncomeNet": "None", "netInterestIncome": "None", "interestIncome": "None", "interestExpense": "102600000", "nonInterestIncome": "None", "otherNonOperatingIncome": "47000000", "depreciation": "None", "depreciationAndAmortization": "181100000", "incomeBeforeTax": "306100000", "incomeTaxExpense": "111400000", "interestAndDebtExpense": "None", "netIncomeFromContinuingOperations": "194700000", "comprehensiveIncomeNetOfTax": "None", "ebit": "420700000", "ebitda": "601800000", "netIncome": "194400000"}, {"fiscalDateEnding": "2016-09-30", "reportedCurrency": "USD", "grossProfit": "640300000", "totalRevenue": "1712500000", "costOfRevenue": "1072200000", "costofGoodsAndServicesSold": "1072200000", "operatingIncome": "399000000", "sellingGeneralAndAdministrative": "0", "researchAndDevelopment": "0", "operatingExpenses": "241300000", "investmentIncomeNet": "None", "netInterestIncome": "None", "interestIncome": "None", "interestExpense": "99100000", "nonInterestIncome": "None", "otherNonOperatingIncome": "45800000", "depreciation": "None", "depreciationAndAmortization": "195500000", "incomeBeforeTax": "345700000", "incomeTaxExpense": "128400000", "interestAndDebtExpense": "None", "netIncomeFromContinuingOperations": "217300000", "comprehensiveIncomeNetOfTax": "None", "ebit": "399000000", "ebitda": "594500000", "netIncome": "217000000"}, {"fiscalDateEnding": "2016-06-30", "reportedCurrency": "USD", "grossProfit": "571700000", "totalRevenue": "1602000000", "costOfRevenue": "1030300000", "costofGoodsAndServicesSold": "1030300000", "operatingIncome": "332100000", "sellingGeneralAndAdministrative": "0", "researchAndDevelopment": "0", "operatingExpenses": "239600000", "investmentIncomeNet": "None", "netInterestIncome": "None", "interestIncome": "None", "interestExpense": "100100000", "nonInterestIncome": "None", "otherNonOperatingIncome": "63300000", "depreciation": "None", "depreciationAndAmortization": "194100000", "incomeBeforeTax": "295300000", "incomeTaxExpense": "113600000", "interestAndDebtExpense": "None", "netIncomeFromContinuingOperations": "181700000", "comprehensiveIncomeNetOfTax": "None", "ebit": "332100000", "ebitda": "526200000", "netIncome": "181400000"}, {"fiscalDateEnding": "2016-03-31", "reportedCurrency": "USD", "grossProfit": "824400000", "totalRevenue": "2194800000", "costOfRevenue": "1370400000", "costofGoodsAndServicesSold": "1370400000", "operatingIncome": "589300000", "sellingGeneralAndAdministrative": "0", "researchAndDevelopment": "0", "operatingExpenses": "235100000", "investmentIncomeNet": "None", "netInterestIncome": "None", "interestIncome": "None", "interestExpense": "100900000", "nonInterestIncome": "None", "otherNonOperatingIncome": "71200000", "depreciation": "None", "depreciationAndAmortization": "191900000", "incomeBeforeTax": "559600000", "incomeTaxExpense": "213100000", "interestAndDebtExpense": "None", "netIncomeFromContinuingOperations": "346500000", "comprehensiveIncomeNetOfTax": "None", "ebit": "589300000", "ebitda": "781200000", "netIncome": "346200000"}, {"fiscalDateEnding": "2015-12-31", "reportedCurrency": "USD", "grossProfit": "610000000", "totalRevenue": "1848300000", "costOfRevenue": "1238300000", "costofGoodsAndServicesSold": "1238300000", "operatingIncome": "380200000", "sellingGeneralAndAdministrative": "36200000", "researchAndDevelopment": "0", "operatingExpenses": "229800000", "investmentIncomeNet": "None", "netInterestIncome": "None", "interestIncome": "None", "interestExpense": "107000000", "nonInterestIncome": "None", "otherNonOperatingIncome": "148300000", "depreciation": "None", "depreciationAndAmortization": "192600000", "incomeBeforeTax": "317600000", "incomeTaxExpense": "137700000", "interestAndDebtExpense": "None", "netIncomeFromContinuingOperations": "181100000", "comprehensiveIncomeNetOfTax": "None", "ebit": "300400000", "ebitda": "493000000", "netIncome": "181100000"}, {"fiscalDateEnding": "2015-09-30", "reportedCurrency": "USD", "grossProfit": "572200000", "totalRevenue": "1698700000", "costOfRevenue": "1126500000", "costofGoodsAndServicesSold": "1126500000", "operatingIncome": "345700000", "sellingGeneralAndAdministrative": "0", "researchAndDevelopment": "0", "operatingExpenses": "226500000", "investmentIncomeNet": "None", "netInterestIncome": "None", "interestIncome": "None", "interestExpense": "103800000", "nonInterestIncome": "None", "otherNonOperatingIncome": "-52700000", "depreciation": "None", "depreciationAndAmortization": "174100000", "incomeBeforeTax": "293000000", "incomeTaxExpense": "110500000", "interestAndDebtExpense": "None", "netIncomeFromContinuingOperations": "182500000", "comprehensiveIncomeNetOfTax": "None", "ebit": "399200000", "ebitda": "573300000", "netIncome": "182500000"}, {"fiscalDateEnding": "2015-06-30", "reportedCurrency": "USD", "grossProfit": "301200000", "totalRevenue": "991200000", "costOfRevenue": "690000000", "costofGoodsAndServicesSold": "690000000", "operatingIncome": "165800000", "sellingGeneralAndAdministrative": "0", "researchAndDevelopment": "0", "operatingExpenses": "135400000", "investmentIncomeNet": "None", "netInterestIncome": "None", "interestIncome": "None", "interestExpense": "62100000", "nonInterestIncome": "None", "otherNonOperatingIncome": "40300000", "depreciation": "None", "depreciationAndAmortization": "108600000", "incomeBeforeTax": "144100000", "incomeTaxExpense": "63200000", "interestAndDebtExpense": "None", "netIncomeFromContinuingOperations": "80900000", "comprehensiveIncomeNetOfTax": "None", "ebit": "230000000", "ebitda": "338600000", "netIncome": "80900000"}, {"fiscalDateEnding": "2015-03-31", "reportedCurrency": "USD", "grossProfit": "493300000", "totalRevenue": "1387900000", "costOfRevenue": "894600000", "costofGoodsAndServicesSold": "894600000", "operatingIncome": "358800000", "sellingGeneralAndAdministrative": "0", "researchAndDevelopment": "0", "operatingExpenses": "134500000", "investmentIncomeNet": "None", "netInterestIncome": "None", "interestIncome": "None", "interestExpense": "59700000", "nonInterestIncome": "None", "otherNonOperatingIncome": "19100000", "depreciation": "None", "depreciationAndAmortization": "108200000", "incomeBeforeTax": "318200000", "incomeTaxExpense": "122400000", "interestAndDebtExpense": "None", "netIncomeFromContinuingOperations": "195800000", "comprehensiveIncomeNetOfTax": "None", "ebit": "366700000", "ebitda": "474900000", "netIncome": "195800000"}, {"fiscalDateEnding": "2014-12-31", "reportedCurrency": "USD", "grossProfit": "370000000", "totalRevenue": "1225100000", "costOfRevenue": "855100000", "costofGoodsAndServicesSold": "855100000", "operatingIncome": "243500000", "sellingGeneralAndAdministrative": "36200000", "researchAndDevelopment": "0", "operatingExpenses": "126500000", "investmentIncomeNet": "None", "netInterestIncome": "None", "interestIncome": "None", "interestExpense": "59800000", "nonInterestIncome": "None", "otherNonOperatingIncome": "14400000", "depreciation": "None", "depreciationAndAmortization": "106500000", "incomeBeforeTax": "198200000", "incomeTaxExpense": "76800000", "interestAndDebtExpense": "None", "netIncomeFromContinuingOperations": "121400000", "comprehensiveIncomeNetOfTax": "None", "ebit": "247400000", "ebitda": "353900000", "netIncome": "121400000"}, {"fiscalDateEnding": "2014-09-30", "reportedCurrency": "USD", "grossProfit": "376500000", "totalRevenue": "1033300000", "costOfRevenue": "656800000", "costofGoodsAndServicesSold": "656800000", "operatingIncome": "246100000", "sellingGeneralAndAdministrative": "0", "researchAndDevelopment": "0", "operatingExpenses": "130400000", "investmentIncomeNet": "None", "netInterestIncome": "None", "interestIncome": "None", "interestExpense": "60400000", "nonInterestIncome": "None", "otherNonOperatingIncome": "20900000", "depreciation": "None", "depreciationAndAmortization": "106400000", "incomeBeforeTax": "206600000", "incomeTaxExpense": "80300000", "interestAndDebtExpense": "None", "netIncomeFromContinuingOperations": "126300000", "comprehensiveIncomeNetOfTax": "None", "ebit": "249700000", "ebitda": "356100000", "netIncome": "126300000"}, {"fiscalDateEnding": "2014-06-30", "reportedCurrency": "USD", "grossProfit": "369300000", "totalRevenue": "1043700000", "costOfRevenue": "674400000", "costofGoodsAndServicesSold": "674400000", "operatingIncome": "240700000", "sellingGeneralAndAdministrative": "0", "researchAndDevelopment": "0", "operatingExpenses": "128600000", "investmentIncomeNet": "None", "netInterestIncome": "None", "interestIncome": "None", "interestExpense": "59000000", "nonInterestIncome": "None", "otherNonOperatingIncome": "25600000", "depreciation": "None", "depreciationAndAmortization": "102800000", "incomeBeforeTax": "207300000", "incomeTaxExpense": "74300000", "interestAndDebtExpense": "None", "netIncomeFromContinuingOperations": "133000000", "comprehensiveIncomeNetOfTax": "None", "ebit": "240700000", "ebitda": "343500000", "netIncome": "133000000"}, {"fiscalDateEnding": "2014-03-31", "reportedCurrency": "USD", "grossProfit": "509500000", "totalRevenue": "1695000000", "costOfRevenue": "1185500000", "costofGoodsAndServicesSold": "1185500000", "operatingIncome": "381800000", "sellingGeneralAndAdministrative": "0", "researchAndDevelopment": "0", "operatingExpenses": "127700000", "investmentIncomeNet": "None", "netInterestIncome": "None", "interestIncome": "None", "interestExpense": "62300000", "nonInterestIncome": "None", "otherNonOperatingIncome": "18400000", "depreciation": "None", "depreciationAndAmortization": "103700000", "incomeBeforeTax": "337900000", "incomeTaxExpense": "130300000", "interestAndDebtExpense": "None", "netIncomeFromContinuingOperations": "207600000", "comprehensiveIncomeNetOfTax": "None", "ebit": "381800000", "ebitda": "485500000", "netIncome": "207600000"}, {"fiscalDateEnding": "2013-12-31", "reportedCurrency": "USD", "grossProfit": "350900000", "totalRevenue": "1178300000", "costOfRevenue": "827400000", "costofGoodsAndServicesSold": "827400000", "operatingIncome": "271600000", "sellingGeneralAndAdministrative": "0", "researchAndDevelopment": "0", "operatingExpenses": "79300000", "investmentIncomeNet": "None", "netInterestIncome": "None", "interestIncome": "None", "interestExpense": "61800000", "nonInterestIncome": "None", "otherNonOperatingIncome": "20900000", "depreciation": "None", "depreciationAndAmortization": "102600000", "incomeBeforeTax": "230800000", "incomeTaxExpense": "86500000", "interestAndDebtExpense": "None", "netIncomeFromContinuingOperations": "144300000", "comprehensiveIncomeNetOfTax": "None", "ebit": "271600000", "ebitda": "374200000", "netIncome": "144300000"}, {"fiscalDateEnding": "2013-09-30", "reportedCurrency": "USD", "grossProfit": "384400000", "totalRevenue": "1053200000", "costOfRevenue": "668800000", "costofGoodsAndServicesSold": "668800000", "operatingIncome": "258000000", "sellingGeneralAndAdministrative": "0", "researchAndDevelopment": "0", "operatingExpenses": "126400000", "investmentIncomeNet": "None", "netInterestIncome": "None", "interestIncome": "None", "interestExpense": "62000000", "nonInterestIncome": "None", "otherNonOperatingIncome": "22200000", "depreciation": "None", "depreciationAndAmortization": "99900000", "incomeBeforeTax": "218200000", "incomeTaxExpense": "80700000", "interestAndDebtExpense": "None", "netIncomeFromContinuingOperations": "137500000", "comprehensiveIncomeNetOfTax": "None", "ebit": "258000000", "ebitda": "357900000", "netIncome": "137500000"}, {"fiscalDateEnding": "2013-06-30", "reportedCurrency": "USD", "grossProfit": "355600000", "totalRevenue": "1012300000", "costOfRevenue": "656700000", "costofGoodsAndServicesSold": "656700000", "operatingIncome": "229500000", "sellingGeneralAndAdministrative": "0", "researchAndDevelopment": "0", "operatingExpenses": "126100000", "investmentIncomeNet": "None", "netInterestIncome": "None", "interestIncome": "None", "interestExpense": "63300000", "nonInterestIncome": "None", "otherNonOperatingIncome": "23000000", "depreciation": "None", "depreciationAndAmortization": "99500000", "incomeBeforeTax": "189300000", "incomeTaxExpense": "70300000", "interestAndDebtExpense": "None", "netIncomeFromContinuingOperations": "119000000", "comprehensiveIncomeNetOfTax": "None", "ebit": "252600000", "ebitda": "352100000", "netIncome": "119000000"}, {"fiscalDateEnding": "2013-03-31", "reportedCurrency": "USD", "grossProfit": "446000000", "totalRevenue": "1275200000", "costOfRevenue": "829200000", "costofGoodsAndServicesSold": "829200000", "operatingIncome": "321000000", "sellingGeneralAndAdministrative": "0", "researchAndDevelopment": "0", "operatingExpenses": "125000000", "investmentIncomeNet": "None", "netInterestIncome": "None", "interestIncome": "None", "interestExpense": "65000000", "nonInterestIncome": "None", "otherNonOperatingIncome": "21100000", "depreciation": "None", "depreciationAndAmortization": "98200000", "incomeBeforeTax": "277000000", "incomeTaxExpense": "100400000", "interestAndDebtExpense": "None", "netIncomeFromContinuingOperations": "176600000", "comprehensiveIncomeNetOfTax": "None", "ebit": "342000000", "ebitda": "440200000", "netIncome": "176600000"}, {"fiscalDateEnding": "2012-12-31", "reportedCurrency": "USD", "grossProfit": "326400000", "totalRevenue": "1071200000", "costOfRevenue": "744800000", "costofGoodsAndServicesSold": "744800000", "operatingIncome": "201400000", "sellingGeneralAndAdministrative": "0", "researchAndDevelopment": "0", "operatingExpenses": "125000000", "investmentIncomeNet": "None", "netInterestIncome": "None", "interestIncome": "None", "interestExpense": "66900000", "nonInterestIncome": "None", "otherNonOperatingIncome": "26500000", "depreciation": "None", "depreciationAndAmortization": "48500000", "incomeBeforeTax": "152500000", "incomeTaxExpense": "53700000", "interestAndDebtExpense": "None", "netIncomeFromContinuingOperations": "98800000", "comprehensiveIncomeNetOfTax": "None", "ebit": "256900000", "ebitda": "305400000", "netIncome": "98800000"}, {"fiscalDateEnding": "2012-09-30", "reportedCurrency": "USD", "grossProfit": "647400000", "totalRevenue": "1039300000", "costOfRevenue": "391900000", "costofGoodsAndServicesSold": "391900000", "operatingIncome": "280600000", "sellingGeneralAndAdministrative": "0", "researchAndDevelopment": "0", "operatingExpenses": "366800000", "investmentIncomeNet": "None", "netInterestIncome": "None", "interestIncome": "None", "interestExpense": "60900000", "nonInterestIncome": "None", "otherNonOperatingIncome": "26100000", "depreciation": "None", "depreciationAndAmortization": "109400000", "incomeBeforeTax": "245800000", "incomeTaxExpense": "89700000", "interestAndDebtExpense": "None", "netIncomeFromContinuingOperations": "156100000", "comprehensiveIncomeNetOfTax": "None", "ebit": "291700000", "ebitda": "401100000", "netIncome": "156100000"}, {"fiscalDateEnding": "2012-06-30", "reportedCurrency": "USD", "grossProfit": "611000000", "totalRevenue": "944700000", "costOfRevenue": "333700000", "costofGoodsAndServicesSold": "333700000", "operatingIncome": "222600000", "sellingGeneralAndAdministrative": "0", "researchAndDevelopment": "0", "operatingExpenses": "388400000", "investmentIncomeNet": "None", "netInterestIncome": "None", "interestIncome": "None", "interestExpense": "61500000", "nonInterestIncome": "None", "otherNonOperatingIncome": "16100000", "depreciation": "None", "depreciationAndAmortization": "108200000", "incomeBeforeTax": "185900000", "incomeTaxExpense": "66600000", "interestAndDebtExpense": "None", "netIncomeFromContinuingOperations": "119300000", "comprehensiveIncomeNetOfTax": "None", "ebit": "293900000", "ebitda": "402100000", "netIncome": "119300000"}, {"fiscalDateEnding": "2012-03-31", "reportedCurrency": "USD", "grossProfit": "699900000", "totalRevenue": "1191200000", "costOfRevenue": "491300000", "costofGoodsAndServicesSold": "491300000", "operatingIncome": "295700000", "sellingGeneralAndAdministrative": "0", "researchAndDevelopment": "0", "operatingExpenses": "404200000", "investmentIncomeNet": "None", "netInterestIncome": "None", "interestIncome": "None", "interestExpense": "58900000", "nonInterestIncome": "None", "otherNonOperatingIncome": "31600000", "depreciation": "None", "depreciationAndAmortization": "105600000", "incomeBeforeTax": "268400000", "incomeTaxExpense": "96300000", "interestAndDebtExpense": "None", "netIncomeFromContinuingOperations": "172100000", "comprehensiveIncomeNetOfTax": "None", "ebit": "312300000", "ebitda": "417900000", "netIncome": "172100000"}, {"fiscalDateEnding": "2011-12-31", "reportedCurrency": "USD", "grossProfit": "652700000", "totalRevenue": "1113200000", "costOfRevenue": "460500000", "costofGoodsAndServicesSold": "460500000", "operatingIncome": "193000000", "sellingGeneralAndAdministrative": "0", "researchAndDevelopment": "0", "operatingExpenses": "459700000", "investmentIncomeNet": "None", "netInterestIncome": "None", "interestIncome": "None", "interestExpense": "58200000", "nonInterestIncome": "None", "otherNonOperatingIncome": "35700000", "depreciation": "None", "depreciationAndAmortization": "87500000", "incomeBeforeTax": "170500000", "incomeTaxExpense": "56400000", "interestAndDebtExpense": "None", "netIncomeFromContinuingOperations": "114100000", "comprehensiveIncomeNetOfTax": "None", "ebit": "173400000", "ebitda": "260900000", "netIncome": "116000000"}, {"fiscalDateEnding": "2011-09-30", "reportedCurrency": "USD", "grossProfit": "632700000", "totalRevenue": "1052800000", "costOfRevenue": "420100000", "costofGoodsAndServicesSold": "420100000", "operatingIncome": "224300000", "sellingGeneralAndAdministrative": "0", "researchAndDevelopment": "0", "operatingExpenses": "408400000", "investmentIncomeNet": "None", "netInterestIncome": "None", "interestIncome": "None", "interestExpense": "56800000", "nonInterestIncome": "None", "otherNonOperatingIncome": "31900000", "depreciation": "None", "depreciationAndAmortization": "79700000", "incomeBeforeTax": "199400000", "incomeTaxExpense": "69600000", "interestAndDebtExpense": "None", "netIncomeFromContinuingOperations": "129800000", "comprehensiveIncomeNetOfTax": "None", "ebit": "211000000", "ebitda": "290700000", "netIncome": "129800000"}, {"fiscalDateEnding": "2011-06-30", "reportedCurrency": "USD", "grossProfit": "583900000", "totalRevenue": "991700000", "costOfRevenue": "407800000", "costofGoodsAndServicesSold": "407800000", "operatingIncome": "174400000", "sellingGeneralAndAdministrative": "0", "researchAndDevelopment": "0", "operatingExpenses": "409500000", "investmentIncomeNet": "None", "netInterestIncome": "None", "interestIncome": "None", "interestExpense": "57400000", "nonInterestIncome": "None", "otherNonOperatingIncome": "29600000", "depreciation": "None", "depreciationAndAmortization": "85000000", "incomeBeforeTax": "146600000", "incomeTaxExpense": "48600000", "interestAndDebtExpense": "None", "netIncomeFromContinuingOperations": "98000000", "comprehensiveIncomeNetOfTax": "None", "ebit": "89400000", "ebitda": "174400000", "netIncome": "109500000"}, {"fiscalDateEnding": "2011-03-31", "reportedCurrency": "USD", "grossProfit": "718700000", "totalRevenue": "1328700000", "costOfRevenue": "610000000", "costofGoodsAndServicesSold": "610000000", "operatingIncome": "295600000", "sellingGeneralAndAdministrative": "0", "researchAndDevelopment": "0", "operatingExpenses": "423100000", "investmentIncomeNet": "None", "netInterestIncome": "None", "interestIncome": "None", "interestExpense": "63400000", "nonInterestIncome": "None", "otherNonOperatingIncome": "28000000", "depreciation": "None", "depreciationAndAmortization": "84200000", "incomeBeforeTax": "260200000", "incomeTaxExpense": "89300000", "interestAndDebtExpense": "None", "netIncomeFromContinuingOperations": "170900000", "comprehensiveIncomeNetOfTax": "None", "ebit": "211400000", "ebitda": "295600000", "netIncome": "170900000"}, {"fiscalDateEnding": "2010-12-31", "reportedCurrency": "USD", "grossProfit": "628800000", "totalRevenue": "1089800000", "costOfRevenue": "461000000", "costofGoodsAndServicesSold": "461000000", "operatingIncome": "215700000", "sellingGeneralAndAdministrative": "0", "researchAndDevelopment": "0", "operatingExpenses": "261300000", "investmentIncomeNet": "None", "netInterestIncome": "None", "interestIncome": "None", "interestExpense": "51500000", "nonInterestIncome": "None", "otherNonOperatingIncome": "29300000", "depreciation": "None", "depreciationAndAmortization": "79800000", "incomeBeforeTax": "193500000", "incomeTaxExpense": "67900000", "interestAndDebtExpense": "None", "netIncomeFromContinuingOperations": "124800000", "comprehensiveIncomeNetOfTax": "None", "ebit": "245000000", "ebitda": "324800000", "netIncome": "125900000"}, {"fiscalDateEnding": "2010-09-30", "reportedCurrency": "USD", "grossProfit": "570200000", "totalRevenue": "973200000", "costOfRevenue": "403000000", "costofGoodsAndServicesSold": "403000000", "operatingIncome": "203000000", "sellingGeneralAndAdministrative": "0", "researchAndDevelopment": "0", "operatingExpenses": "422400000", "investmentIncomeNet": "None", "netInterestIncome": "None", "interestIncome": "None", "interestExpense": "52500000", "nonInterestIncome": "None", "otherNonOperatingIncome": "24800000", "depreciation": "None", "depreciationAndAmortization": "80200000", "incomeBeforeTax": "175300000", "incomeTaxExpense": "63000000", "interestAndDebtExpense": "None", "netIncomeFromContinuingOperations": "112300000", "comprehensiveIncomeNetOfTax": "None", "ebit": "147800000", "ebitda": "228000000", "netIncome": "112200000"}, {"fiscalDateEnding": "2010-06-30", "reportedCurrency": "USD", "grossProfit": "536700000", "totalRevenue": "890900000", "costOfRevenue": "354200000", "costofGoodsAndServicesSold": "354200000", "operatingIncome": "163300000", "sellingGeneralAndAdministrative": "0", "researchAndDevelopment": "0", "operatingExpenses": "420600000", "investmentIncomeNet": "None", "netInterestIncome": "None", "interestIncome": "None", "interestExpense": "53000000", "nonInterestIncome": "None", "otherNonOperatingIncome": "24800000", "depreciation": "None", "depreciationAndAmortization": "85500000", "incomeBeforeTax": "135100000", "incomeTaxExpense": "47600000", "interestAndDebtExpense": "None", "netIncomeFromContinuingOperations": "87500000", "comprehensiveIncomeNetOfTax": "None", "ebit": "116100000", "ebitda": "201600000", "netIncome": "88700000"}, {"fiscalDateEnding": "2010-03-31", "reportedCurrency": "USD", "grossProfit": "622200000", "totalRevenue": "1255900000", "costOfRevenue": "633700000", "costofGoodsAndServicesSold": "633700000", "operatingIncome": "229700000", "sellingGeneralAndAdministrative": "0", "researchAndDevelopment": "0", "operatingExpenses": "441900000", "investmentIncomeNet": "None", "netInterestIncome": "None", "interestIncome": "None", "interestExpense": "49400000", "nonInterestIncome": "None", "otherNonOperatingIncome": "21400000", "depreciation": "None", "depreciationAndAmortization": "71900000", "incomeBeforeTax": "201700000", "incomeTaxExpense": "71900000", "interestAndDebtExpense": "None", "netIncomeFromContinuingOperations": "129800000", "comprehensiveIncomeNetOfTax": "None", "ebit": "177400000", "ebitda": "249300000", "netIncome": "129700000"}, {"fiscalDateEnding": "2009-12-31", "reportedCurrency": "USD", "grossProfit": "572100000", "totalRevenue": "1067300000", "costOfRevenue": "495200000", "costofGoodsAndServicesSold": "495200000", "operatingIncome": "196600000", "sellingGeneralAndAdministrative": "0", "researchAndDevelopment": "0", "operatingExpenses": "429000000", "investmentIncomeNet": "None", "netInterestIncome": "None", "interestIncome": "None", "interestExpense": "37700000", "nonInterestIncome": "None", "otherNonOperatingIncome": "None", "depreciation": "None", "depreciationAndAmortization": "85100000", "incomeBeforeTax": "178800000", "incomeTaxExpense": "65200000", "interestAndDebtExpense": "None", "netIncomeFromContinuingOperations": "0", "comprehensiveIncomeNetOfTax": "None", "ebit": "213100000", "ebitda": "298200000", "netIncome": "118700000"}, {"fiscalDateEnding": "2009-09-30", "reportedCurrency": "USD", "grossProfit": "466100000", "totalRevenue": "821900000", "costOfRevenue": "355800000", "costofGoodsAndServicesSold": "355800000", "operatingIncome": "104900000", "sellingGeneralAndAdministrative": "0", "researchAndDevelopment": "0", "operatingExpenses": "477000000", "investmentIncomeNet": "None", "netInterestIncome": "None", "interestIncome": "None", "interestExpense": "38400000", "nonInterestIncome": "None", "otherNonOperatingIncome": "25300000", "depreciation": "None", "depreciationAndAmortization": "88800000", "incomeBeforeTax": "91800000", "incomeTaxExpense": "33100000", "interestAndDebtExpense": "None", "netIncomeFromContinuingOperations": "58700000", "comprehensiveIncomeNetOfTax": "None", "ebit": "130700000", "ebitda": "219500000", "netIncome": "58500000"}, {"fiscalDateEnding": "2009-06-30", "reportedCurrency": "USD", "grossProfit": "486900000", "totalRevenue": "842500000", "costOfRevenue": "355600000", "costofGoodsAndServicesSold": "355600000", "operatingIncome": "119200000", "sellingGeneralAndAdministrative": "0", "researchAndDevelopment": "0", "operatingExpenses": "422800000", "investmentIncomeNet": "None", "netInterestIncome": "None", "interestIncome": "None", "interestExpense": "39800000", "nonInterestIncome": "None", "otherNonOperatingIncome": "21700000", "depreciation": "None", "depreciationAndAmortization": "114500000", "incomeBeforeTax": "101100000", "incomeTaxExpense": "37700000", "interestAndDebtExpense": "None", "netIncomeFromContinuingOperations": "63400000", "comprehensiveIncomeNetOfTax": "None", "ebit": "115900000", "ebitda": "230400000", "netIncome": "63700000"}, {"fiscalDateEnding": "2009-03-31", "reportedCurrency": "USD", "grossProfit": "627100000", "totalRevenue": "1396200000", "costOfRevenue": "769100000", "costofGoodsAndServicesSold": "769100000", "operatingIncome": "243000000", "sellingGeneralAndAdministrative": "0", "researchAndDevelopment": "0", "operatingExpenses": "448300000", "investmentIncomeNet": "None", "netInterestIncome": "None", "interestIncome": "None", "interestExpense": "40800000", "nonInterestIncome": "None", "otherNonOperatingIncome": "None", "depreciation": "None", "depreciationAndAmortization": "87600000", "incomeBeforeTax": "222800000", "incomeTaxExpense": "81300000", "interestAndDebtExpense": "None", "netIncomeFromContinuingOperations": "0", "comprehensiveIncomeNetOfTax": "None", "ebit": "263600000", "ebitda": "351200000", "netIncome": "141500000"}, {"fiscalDateEnding": "2008-12-31", "reportedCurrency": "USD", "grossProfit": "940300000", "totalRevenue": "1200600000", "costOfRevenue": "260300000", "costofGoodsAndServicesSold": "260300000", "operatingIncome": "110800000", "sellingGeneralAndAdministrative": "0", "researchAndDevelopment": "0", "operatingExpenses": "829500000", "investmentIncomeNet": "None", "netInterestIncome": "None", "interestIncome": "None", "interestExpense": "153700000", "nonInterestIncome": "None", "otherNonOperatingIncome": "None", "depreciation": "None", "depreciationAndAmortization": "82200000", "incomeBeforeTax": "160400000", "incomeTaxExpense": "60300000", "interestAndDebtExpense": "None", "netIncomeFromContinuingOperations": "0", "comprehensiveIncomeNetOfTax": "None", "ebit": "113100000", "ebitda": "195300000", "netIncome": "100400000"}, {"fiscalDateEnding": "2008-09-30", "reportedCurrency": "USD", "grossProfit": "508400000", "totalRevenue": "852500000", "costOfRevenue": "344100000", "costofGoodsAndServicesSold": "344100000", "operatingIncome": "-18400000", "sellingGeneralAndAdministrative": "0", "researchAndDevelopment": "0", "operatingExpenses": "526800000", "investmentIncomeNet": "None", "netInterestIncome": "None", "interestIncome": "None", "interestExpense": "38800000", "nonInterestIncome": "None", "otherNonOperatingIncome": "None", "depreciation": "None", "depreciationAndAmortization": "85500000", "incomeBeforeTax": "121700000", "incomeTaxExpense": "44700000", "interestAndDebtExpense": "None", "netIncomeFromContinuingOperations": "0", "comprehensiveIncomeNetOfTax": "None", "ebit": "159900000", "ebitda": "245400000", "netIncome": "77500000"}, {"fiscalDateEnding": "2008-06-30", "reportedCurrency": "USD", "grossProfit": "648000000", "totalRevenue": "946100000", "costOfRevenue": "298100000", "costofGoodsAndServicesSold": "298100000", "operatingIncome": "108200000", "sellingGeneralAndAdministrative": "0", "researchAndDevelopment": "0", "operatingExpenses": "539800000", "investmentIncomeNet": "None", "netInterestIncome": "None", "interestIncome": "None", "interestExpense": "35400000", "nonInterestIncome": "None", "otherNonOperatingIncome": "None", "depreciation": "None", "depreciationAndAmortization": "82200000", "incomeBeforeTax": "92800000", "incomeTaxExpense": "34500000", "interestAndDebtExpense": "None", "netIncomeFromContinuingOperations": "0", "comprehensiveIncomeNetOfTax": "None", "ebit": "88200000", "ebitda": "170400000", "netIncome": "58000000"}, {"fiscalDateEnding": "2008-03-31", "reportedCurrency": "USD", "grossProfit": "1093600000", "totalRevenue": "1431800000", "costOfRevenue": "338200000", "costofGoodsAndServicesSold": "338200000", "operatingIncome": "58900000", "sellingGeneralAndAdministrative": "0", "researchAndDevelopment": "0", "operatingExpenses": "1034700000", "investmentIncomeNet": "None", "netInterestIncome": "None", "interestIncome": "None", "interestExpense": "39200000", "nonInterestIncome": "None", "otherNonOperatingIncome": "None", "depreciation": "None", "depreciationAndAmortization": "82400000", "incomeBeforeTax": "200800000", "incomeTaxExpense": "77600000", "interestAndDebtExpense": "None", "netIncomeFromContinuingOperations": "0", "comprehensiveIncomeNetOfTax": "None", "ebit": "239600000", "ebitda": "322000000", "netIncome": "123200000"}, {"fiscalDateEnding": "2007-12-31", "reportedCurrency": "USD", "grossProfit": "868400000", "totalRevenue": "1148700000", "costOfRevenue": "280300000", "costofGoodsAndServicesSold": "280300000", "operatingIncome": "185800000", "sellingGeneralAndAdministrative": "0", "researchAndDevelopment": "0", "operatingExpenses": "682600000", "investmentIncomeNet": "None", "netInterestIncome": "None", "interestIncome": "None", "interestExpense": "167600000", "nonInterestIncome": "None", "otherNonOperatingIncome": "None", "depreciation": "None", "depreciationAndAmortization": "79800000", "incomeBeforeTax": "157500000", "incomeTaxExpense": "62900000", "interestAndDebtExpense": "None", "netIncomeFromContinuingOperations": "0", "comprehensiveIncomeNetOfTax": "None", "ebit": "185800000", "ebitda": "265600000", "netIncome": "94300000"}, {"fiscalDateEnding": "2007-09-30", "reportedCurrency": "USD", "grossProfit": "627200000", "totalRevenue": "881500000", "costOfRevenue": "254300000", "costofGoodsAndServicesSold": "254300000", "operatingIncome": "153100000", "sellingGeneralAndAdministrative": "0", "researchAndDevelopment": "0", "operatingExpenses": "474100000", "investmentIncomeNet": "None", "netInterestIncome": "None", "interestIncome": "None", "interestExpense": "42500000", "nonInterestIncome": "None", "otherNonOperatingIncome": "None", "depreciation": "None", "depreciationAndAmortization": "96600000", "incomeBeforeTax": "136300000", "incomeTaxExpense": "53200000", "interestAndDebtExpense": "None", "netIncomeFromContinuingOperations": "0", "comprehensiveIncomeNetOfTax": "None", "ebit": "56500000", "ebitda": "153100000", "netIncome": "82900000"}, {"fiscalDateEnding": "2007-06-30", "reportedCurrency": "USD", "grossProfit": "674200000", "totalRevenue": "906500000", "costOfRevenue": "232300000", "costofGoodsAndServicesSold": "232300000", "operatingIncome": "105100000", "sellingGeneralAndAdministrative": "0", "researchAndDevelopment": "0", "operatingExpenses": "569100000", "investmentIncomeNet": "None", "netInterestIncome": "None", "interestIncome": "None", "interestExpense": "42000000", "nonInterestIncome": "None", "otherNonOperatingIncome": "None", "depreciation": "None", "depreciationAndAmortization": "89800000", "incomeBeforeTax": "93400000", "incomeTaxExpense": "35700000", "interestAndDebtExpense": "None", "netIncomeFromContinuingOperations": "0", "comprehensiveIncomeNetOfTax": "None", "ebit": "15300000", "ebitda": "105100000", "netIncome": "57500000"}, {"fiscalDateEnding": "2007-03-31", "reportedCurrency": "USD", "grossProfit": "1071600000", "totalRevenue": "1301100000", "costOfRevenue": "229500000", "costofGoodsAndServicesSold": "229500000", "operatingIncome": "184500000", "sellingGeneralAndAdministrative": "0", "researchAndDevelopment": "0", "operatingExpenses": "887100000", "investmentIncomeNet": "None", "netInterestIncome": "None", "interestIncome": "None", "interestExpense": "42700000", "nonInterestIncome": "None", "otherNonOperatingIncome": "None", "depreciation": "None", "depreciationAndAmortization": "95000000", "incomeBeforeTax": "165700000", "incomeTaxExpense": "64600000", "interestAndDebtExpense": "None", "netIncomeFromContinuingOperations": "0", "comprehensiveIncomeNetOfTax": "None", "ebit": "89500000", "ebitda": "184500000", "netIncome": "100900000"}, {"fiscalDateEnding": "2006-12-31", "reportedCurrency": "USD", "grossProfit": "877000000", "totalRevenue": "1095200000", "costOfRevenue": "218200000", "costofGoodsAndServicesSold": "218200000", "operatingIncome": "138600000", "sellingGeneralAndAdministrative": "0", "researchAndDevelopment": "0", "operatingExpenses": "738400000", "investmentIncomeNet": "None", "netInterestIncome": "None", "interestIncome": "None", "interestExpense": "43400000", "nonInterestIncome": "None", "otherNonOperatingIncome": "None", "depreciation": "None", "depreciationAndAmortization": "64500000", "incomeBeforeTax": "113400000", "incomeTaxExpense": "35800000", "interestAndDebtExpense": "None", "netIncomeFromContinuingOperations": "0", "comprehensiveIncomeNetOfTax": "None", "ebit": "138900000", "ebitda": "203400000", "netIncome": "77000000"}, {"fiscalDateEnding": "2006-09-30", "reportedCurrency": "USD", "grossProfit": "610000000", "totalRevenue": "839800000", "costOfRevenue": "229800000", "costofGoodsAndServicesSold": "229800000", "operatingIncome": "131200000", "sellingGeneralAndAdministrative": "0", "researchAndDevelopment": "0", "operatingExpenses": "478800000", "investmentIncomeNet": "None", "netInterestIncome": "None", "interestIncome": "None", "interestExpense": "41500000", "nonInterestIncome": "None", "otherNonOperatingIncome": "None", "depreciation": "None", "depreciationAndAmortization": "91600000", "incomeBeforeTax": "114600000", "incomeTaxExpense": "43800000", "interestAndDebtExpense": "None", "netIncomeFromContinuingOperations": "0", "comprehensiveIncomeNetOfTax": "None", "ebit": "131200000", "ebitda": "222800000", "netIncome": "70800000"}, {"fiscalDateEnding": "2006-06-30", "reportedCurrency": "USD", "grossProfit": "629600000", "totalRevenue": "814400000", "costOfRevenue": "184800000", "costofGoodsAndServicesSold": "184800000", "operatingIncome": "107100000", "sellingGeneralAndAdministrative": "0", "researchAndDevelopment": "0", "operatingExpenses": "522500000", "investmentIncomeNet": "None", "netInterestIncome": "None", "interestIncome": "None", "interestExpense": "42600000", "nonInterestIncome": "None", "otherNonOperatingIncome": "None", "depreciation": "None", "depreciationAndAmortization": "95700000", "incomeBeforeTax": "92200000", "incomeTaxExpense": "32500000", "interestAndDebtExpense": "None", "netIncomeFromContinuingOperations": "0", "comprehensiveIncomeNetOfTax": "None", "ebit": "11400000", "ebitda": "107100000", "netIncome": "62900000"}, {"fiscalDateEnding": "2006-03-31", "reportedCurrency": "USD", "grossProfit": "1077800000", "totalRevenue": "1247000000", "costOfRevenue": "169200000", "costofGoodsAndServicesSold": "169200000", "operatingIncome": "191600000", "sellingGeneralAndAdministrative": "0", "researchAndDevelopment": "0", "operatingExpenses": "886200000", "investmentIncomeNet": "None", "netInterestIncome": "None", "interestIncome": "None", "interestExpense": "45200000", "nonInterestIncome": "None", "otherNonOperatingIncome": "None", "depreciation": "None", "depreciationAndAmortization": "85000000", "incomeBeforeTax": "167300000", "incomeTaxExpense": "62900000", "interestAndDebtExpense": "None", "netIncomeFromContinuingOperations": "0", "comprehensiveIncomeNetOfTax": "None", "ebit": "191600000", "ebitda": "276600000", "netIncome": "105700000"}, {"fiscalDateEnding": "2005-12-31", "reportedCurrency": "USD", "grossProfit": "943200000", "totalRevenue": "1135000000", "costOfRevenue": "191800000", "costofGoodsAndServicesSold": "191800000", "operatingIncome": "177800000", "sellingGeneralAndAdministrative": "0", "researchAndDevelopment": "0", "operatingExpenses": "765400000", "investmentIncomeNet": "None", "netInterestIncome": "None", "interestIncome": "None", "interestExpense": "44900000", "nonInterestIncome": "None", "otherNonOperatingIncome": "None", "depreciation": "None", "depreciationAndAmortization": "88600000", "incomeBeforeTax": "139900000", "incomeTaxExpense": "48900000", "interestAndDebtExpense": "None", "netIncomeFromContinuingOperations": "0", "comprehensiveIncomeNetOfTax": "None", "ebit": "177800000", "ebitda": "266400000", "netIncome": "90600000"}, {"fiscalDateEnding": "2005-09-30", "reportedCurrency": "USD", "grossProfit": "556800000", "totalRevenue": "797300000", "costOfRevenue": "240500000", "costofGoodsAndServicesSold": "240500000", "operatingIncome": "128400000", "sellingGeneralAndAdministrative": "0", "researchAndDevelopment": "0", "operatingExpenses": "428400000", "investmentIncomeNet": "None", "netInterestIncome": "None", "interestIncome": "None", "interestExpense": "44600000", "nonInterestIncome": "None", "otherNonOperatingIncome": "None", "depreciation": "None", "depreciationAndAmortization": "77100000", "incomeBeforeTax": "105800000", "incomeTaxExpense": "40000000", "interestAndDebtExpense": "None", "netIncomeFromContinuingOperations": "0", "comprehensiveIncomeNetOfTax": "None", "ebit": "145800000", "ebitda": "222900000", "netIncome": "66200000"}, {"fiscalDateEnding": "2005-06-30", "reportedCurrency": "USD", "grossProfit": "606500000", "totalRevenue": "792900000", "costOfRevenue": "186400000", "costofGoodsAndServicesSold": "186400000", "operatingIncome": "89700000", "sellingGeneralAndAdministrative": "0", "researchAndDevelopment": "0", "operatingExpenses": "516800000", "investmentIncomeNet": "None", "netInterestIncome": "None", "interestIncome": "None", "interestExpense": "41500000", "nonInterestIncome": "None", "otherNonOperatingIncome": "None", "depreciation": "None", "depreciationAndAmortization": "89000000", "incomeBeforeTax": "65300000", "incomeTaxExpense": "8300000", "interestAndDebtExpense": "None", "netIncomeFromContinuingOperations": "0", "comprehensiveIncomeNetOfTax": "None", "ebit": "96300000", "ebitda": "185300000", "netIncome": "62000000"}, {"fiscalDateEnding": "2005-03-31", "reportedCurrency": "USD", "grossProfit": "941100000", "totalRevenue": "1099100000", "costOfRevenue": "158000000", "costofGoodsAndServicesSold": "158000000", "operatingIncome": "166300000", "sellingGeneralAndAdministrative": "0", "researchAndDevelopment": "0", "operatingExpenses": "774800000", "investmentIncomeNet": "None", "netInterestIncome": "None", "interestIncome": "None", "interestExpense": "42400000", "nonInterestIncome": "None", "otherNonOperatingIncome": "None", "depreciation": "None", "depreciationAndAmortization": "95300000", "incomeBeforeTax": "142000000", "incomeTaxExpense": "52100000", "interestAndDebtExpense": "None", "netIncomeFromContinuingOperations": "0", "comprehensiveIncomeNetOfTax": "None", "ebit": "159600000", "ebitda": "254900000", "netIncome": "89900000"}, {"fiscalDateEnding": "2004-12-31", "reportedCurrency": "USD", "grossProfit": "1413400000", "totalRevenue": "952200000", "costOfRevenue": "-461200000", "costofGoodsAndServicesSold": "-461200000", "operatingIncome": "151600000", "sellingGeneralAndAdministrative": "0", "researchAndDevelopment": "0", "operatingExpenses": "1261800000", "investmentIncomeNet": "None", "netInterestIncome": "None", "interestIncome": "None", "interestExpense": "42300000", "nonInterestIncome": "None", "otherNonOperatingIncome": "None", "depreciation": "None", "depreciationAndAmortization": "95600000", "incomeBeforeTax": "136400000", "incomeTaxExpense": "51300000", "interestAndDebtExpense": "None", "netIncomeFromContinuingOperations": "0", "comprehensiveIncomeNetOfTax": "None", "ebit": "151600000", "ebitda": "247200000", "netIncome": "92600000"}]}