{"symbol": "COF", "annualReports": [{"fiscalDateEnding": "2024-12-31", "reportedCurrency": "USD", "grossProfit": "46034000000", "totalRevenue": "39112000000", "costOfRevenue": "-6922000000", "costofGoodsAndServicesSold": "-6922000000", "operatingIncome": "11600000", "sellingGeneralAndAdministrative": "9398000000", "researchAndDevelopment": "None", "operatingExpenses": "39112000000", "investmentIncomeNet": "None", "netInterestIncome": "31208000000", "interestIncome": "46034000000", "interestExpense": "14826000000", "nonInterestIncome": "None", "otherNonOperatingIncome": "None", "depreciation": "None", "depreciationAndAmortization": "3237000000", "incomeBeforeTax": "5910000000", "incomeTaxExpense": "1163000000", "interestAndDebtExpense": "None", "netIncomeFromContinuingOperations": "4747000000", "comprehensiveIncomeNetOfTax": "None", "ebit": "-3225400000", "ebitda": "11600000", "netIncome": "4750000000"}, {"fiscalDateEnding": "2023-12-31", "reportedCurrency": "USD", "grossProfit": "25769000000", "totalRevenue": "36787000000", "costOfRevenue": "11018000000", "costofGoodsAndServicesSold": "11018000000", "operatingIncome": "-4000000", "sellingGeneralAndAdministrative": "9302000000", "researchAndDevelopment": "None", "operatingExpenses": "36787000000", "investmentIncomeNet": "None", "netInterestIncome": "28919000000", "interestIncome": "39951000000", "interestExpense": "12697000000", "nonInterestIncome": "None", "otherNonOperatingIncome": "None", "depreciation": "None", "depreciationAndAmortization": "3226000000", "incomeBeforeTax": "6045000000", "incomeTaxExpense": "1158000000", "interestAndDebtExpense": "None", "netIncomeFromContinuingOperations": "5413000000", "comprehensiveIncomeNetOfTax": "None", "ebit": "6045000000", "ebitda": "9271000000", "netIncome": "4887000000"}, {"fiscalDateEnding": "2022-12-31", "reportedCurrency": "USD", "grossProfit": "34250000000", "totalRevenue": "34250000000", "costOfRevenue": "None", "costofGoodsAndServicesSold": "None", "operatingIncome": "13363000000", "sellingGeneralAndAdministrative": "8425000000", "researchAndDevelopment": "None", "operatingExpenses": "4017000000", "investmentIncomeNet": "None", "netInterestIncome": "27114000000", "interestIncome": "31237000000", "interestExpense": "4123000000", "nonInterestIncome": "None", "otherNonOperatingIncome": "None", "depreciation": "None", "depreciationAndAmortization": "3210000000", "incomeBeforeTax": "9240000000", "incomeTaxExpense": "1880000000", "interestAndDebtExpense": "None", "netIncomeFromContinuingOperations": "7360000000", "comprehensiveIncomeNetOfTax": "None", "ebit": "-3214000000", "ebitda": "-4000000", "netIncome": "7360000000"}, {"fiscalDateEnding": "2021-12-31", "reportedCurrency": "USD", "grossProfit": "30435000000", "totalRevenue": "30435000000", "costOfRevenue": "None", "costofGoodsAndServicesSold": "None", "operatingIncome": "15805000000", "sellingGeneralAndAdministrative": "7421000000", "researchAndDevelopment": "None", "operatingExpenses": "-14630000000", "investmentIncomeNet": "None", "netInterestIncome": "24171000000", "interestIncome": "25769000000", "interestExpense": "1598000000", "nonInterestIncome": "None", "otherNonOperatingIncome": "None", "depreciation": "None", "depreciationAndAmortization": "3481000000", "incomeBeforeTax": "15809000000", "incomeTaxExpense": "3415000000", "interestAndDebtExpense": "None", "netIncomeFromContinuingOperations": "12394000000", "comprehensiveIncomeNetOfTax": "None", "ebit": "-3485000000", "ebitda": "-4000000", "netIncome": "12390000000"}, {"fiscalDateEnding": "2020-12-31", "reportedCurrency": "USD", "grossProfit": "28523000000", "totalRevenue": "28523000000", "costOfRevenue": "None", "costofGoodsAndServicesSold": "None", "operatingIncome": "3200000000", "sellingGeneralAndAdministrative": "6805000000", "researchAndDevelopment": "None", "operatingExpenses": "-25323000000", "investmentIncomeNet": "None", "netInterestIncome": "22913000000", "interestIncome": "26033000000", "interestExpense": "3120000000", "nonInterestIncome": "None", "otherNonOperatingIncome": "None", "depreciation": "None", "depreciationAndAmortization": "869000000", "incomeBeforeTax": "3203000000", "incomeTaxExpense": "486000000", "interestAndDebtExpense": "None", "netIncomeFromContinuingOperations": "2717000000", "comprehensiveIncomeNetOfTax": "None", "ebit": "-872000000", "ebitda": "-3000000", "netIncome": "2714000000"}, {"fiscalDateEnding": "2019-12-31", "reportedCurrency": "USD", "grossProfit": "28593000000", "totalRevenue": "28593000000", "costOfRevenue": "None", "costofGoodsAndServicesSold": "None", "operatingIncome": "6887000000", "sellingGeneralAndAdministrative": "6388000000", "researchAndDevelopment": "None", "operatingExpenses": "-21706000000", "investmentIncomeNet": "None", "netInterestIncome": "23340000000", "interestIncome": "28513000000", "interestExpense": "5173000000", "nonInterestIncome": "None", "otherNonOperatingIncome": "None", "depreciation": "None", "depreciationAndAmortization": "853000000", "incomeBeforeTax": "6874000000", "incomeTaxExpense": "1341000000", "interestAndDebtExpense": "None", "netIncomeFromContinuingOperations": "5533000000", "comprehensiveIncomeNetOfTax": "None", "ebit": "-840000000", "ebitda": "13000000", "netIncome": "5546000000"}, {"fiscalDateEnding": "2018-12-31", "reportedCurrency": "USD", "grossProfit": "27173000000", "totalRevenue": "27461000000", "costOfRevenue": "288000000", "costofGoodsAndServicesSold": "288000000", "operatingIncome": "11609000000", "sellingGeneralAndAdministrative": "5727000000", "researchAndDevelopment": "None", "operatingExpenses": "25059000000", "investmentIncomeNet": "None", "netInterestIncome": "22875000000", "interestIncome": "27176000000", "interestExpense": "4301000000", "nonInterestIncome": "None", "otherNonOperatingIncome": "None", "depreciation": "None", "depreciationAndAmortization": "902000000", "incomeBeforeTax": "7318000000", "incomeTaxExpense": "1293000000", "interestAndDebtExpense": "None", "netIncomeFromContinuingOperations": "6025000000", "comprehensiveIncomeNetOfTax": "None", "ebit": "-912000000", "ebitda": "-10000000", "netIncome": "6015000000"}, {"fiscalDateEnding": "2017-12-31", "reportedCurrency": "USD", "grossProfit": "26247000000", "totalRevenue": "27237000000", "costOfRevenue": "990000000", "costofGoodsAndServicesSold": "990000000", "operatingIncome": "-135000000", "sellingGeneralAndAdministrative": "5899000000", "researchAndDevelopment": "0", "operatingExpenses": "24507000000", "investmentIncomeNet": "None", "netInterestIncome": "22460000000", "interestIncome": "25222000000", "interestExpense": "2762000000", "nonInterestIncome": "None", "otherNonOperatingIncome": "None", "depreciation": "None", "depreciationAndAmortization": "907000000", "incomeBeforeTax": "5492000000", "incomeTaxExpense": "3375000000", "interestAndDebtExpense": "None", "netIncomeFromContinuingOperations": "2117000000", "comprehensiveIncomeNetOfTax": "None", "ebit": "-1042000000", "ebitda": "-135000000", "netIncome": "1982000000"}, {"fiscalDateEnding": "2016-12-31", "reportedCurrency": "USD", "grossProfit": "24648000000", "totalRevenue": "25501000000", "costOfRevenue": "853000000", "costofGoodsAndServicesSold": "853000000", "operatingIncome": "-19000000", "sellingGeneralAndAdministrative": "5202000000", "researchAndDevelopment": "0", "operatingExpenses": "22035000000", "investmentIncomeNet": "None", "netInterestIncome": "20873000000", "interestIncome": "22891000000", "interestExpense": "2018000000", "nonInterestIncome": "None", "otherNonOperatingIncome": "None", "depreciation": "None", "depreciationAndAmortization": "1096000000", "incomeBeforeTax": "5484000000", "incomeTaxExpense": "1714000000", "interestAndDebtExpense": "None", "netIncomeFromContinuingOperations": "3770000000", "comprehensiveIncomeNetOfTax": "None", "ebit": "-1115000000", "ebitda": "-19000000", "netIncome": "3751000000"}, {"fiscalDateEnding": "2015-12-31", "reportedCurrency": "USD", "grossProfit": "22647000000", "totalRevenue": "23413000000", "costOfRevenue": "766000000", "costofGoodsAndServicesSold": "766000000", "operatingIncome": "38000000", "sellingGeneralAndAdministrative": "4975000000", "researchAndDevelopment": "0", "operatingExpenses": "19157000000", "investmentIncomeNet": "None", "netInterestIncome": "18834000000", "interestIncome": "20459000000", "interestExpense": "1625000000", "nonInterestIncome": "None", "otherNonOperatingIncome": "None", "depreciation": "None", "depreciationAndAmortization": "430000000", "incomeBeforeTax": "5881000000", "incomeTaxExpense": "1869000000", "interestAndDebtExpense": "None", "netIncomeFromContinuingOperations": "4012000000", "comprehensiveIncomeNetOfTax": "None", "ebit": "-392000000", "ebitda": "38000000", "netIncome": "4050000000"}, {"fiscalDateEnding": "2014-12-31", "reportedCurrency": "USD", "grossProfit": "21453000000", "totalRevenue": "22290000000", "costOfRevenue": "837000000", "costofGoodsAndServicesSold": "837000000", "operatingIncome": "5000000", "sellingGeneralAndAdministrative": "4593000000", "researchAndDevelopment": "0", "operatingExpenses": "17300000000", "investmentIncomeNet": "None", "netInterestIncome": "None", "interestIncome": "None", "interestExpense": "1579000000", "nonInterestIncome": "None", "otherNonOperatingIncome": "None", "depreciation": "None", "depreciationAndAmortization": "532000000", "incomeBeforeTax": "6569000000", "incomeTaxExpense": "2146000000", "interestAndDebtExpense": "None", "netIncomeFromContinuingOperations": "4423000000", "comprehensiveIncomeNetOfTax": "None", "ebit": "7225000000", "ebitda": "7757000000", "netIncome": "4428000000"}, {"fiscalDateEnding": "2013-12-31", "reportedCurrency": "USD", "grossProfit": "21352000000", "totalRevenue": "22384000000", "costOfRevenue": "1032000000", "costofGoodsAndServicesSold": "1032000000", "operatingIncome": "-233000000", "sellingGeneralAndAdministrative": "4432000000", "researchAndDevelopment": "0", "operatingExpenses": "17598000000", "investmentIncomeNet": "None", "netInterestIncome": "None", "interestIncome": "None", "interestExpense": "1792000000", "nonInterestIncome": "None", "otherNonOperatingIncome": "None", "depreciation": "None", "depreciationAndAmortization": "671000000", "incomeBeforeTax": "6417000000", "incomeTaxExpense": "2025000000", "interestAndDebtExpense": "None", "netIncomeFromContinuingOperations": "4392000000", "comprehensiveIncomeNetOfTax": "None", "ebit": "7149000000", "ebitda": "7820000000", "netIncome": "4159000000"}, {"fiscalDateEnding": "2012-12-31", "reportedCurrency": "USD", "grossProfit": "19733000000", "totalRevenue": "20802000000", "costOfRevenue": "1069000000", "costofGoodsAndServicesSold": "1069000000", "operatingIncome": "-217000000", "sellingGeneralAndAdministrative": "3876000000", "researchAndDevelopment": "0", "operatingExpenses": "18587000000", "investmentIncomeNet": "None", "netInterestIncome": "None", "interestIncome": "None", "interestExpense": "2375000000", "nonInterestIncome": "None", "otherNonOperatingIncome": "None", "depreciation": "None", "depreciationAndAmortization": "604000000", "incomeBeforeTax": "5035000000", "incomeTaxExpense": "1301000000", "interestAndDebtExpense": "None", "netIncomeFromContinuingOperations": "3734000000", "comprehensiveIncomeNetOfTax": "None", "ebit": "8451000000", "ebitda": "9055000000", "netIncome": "3517000000"}, {"fiscalDateEnding": "2011-12-31", "reportedCurrency": "USD", "grossProfit": "16279000000", "totalRevenue": "16279000000", "costOfRevenue": "-21000000", "costofGoodsAndServicesSold": "-21000000", "operatingIncome": "-106000000", "sellingGeneralAndAdministrative": "3562000000", "researchAndDevelopment": "0", "operatingExpenses": "13893000000", "investmentIncomeNet": "None", "netInterestIncome": "None", "interestIncome": "None", "interestExpense": "2246000000", "nonInterestIncome": "None", "otherNonOperatingIncome": "None", "depreciation": "None", "depreciationAndAmortization": "600000000", "incomeBeforeTax": "4587000000", "incomeTaxExpense": "1334000000", "interestAndDebtExpense": "None", "netIncomeFromContinuingOperations": "None", "comprehensiveIncomeNetOfTax": "None", "ebit": "-706000000", "ebitda": "-106000000", "netIncome": "3147000000"}, {"fiscalDateEnding": "2010-12-31", "reportedCurrency": "USD", "grossProfit": "16236000000", "totalRevenue": "16171000000", "costOfRevenue": "-65000000", "costofGoodsAndServicesSold": "-65000000", "operatingIncome": "-307000000", "sellingGeneralAndAdministrative": "3114000000", "researchAndDevelopment": "None", "operatingExpenses": "14656000000", "investmentIncomeNet": "None", "netInterestIncome": "None", "interestIncome": "None", "interestExpense": "2896000000", "nonInterestIncome": "None", "otherNonOperatingIncome": "None", "depreciation": "None", "depreciationAndAmortization": "582000000", "incomeBeforeTax": "4330000000", "incomeTaxExpense": "1280000000", "interestAndDebtExpense": "None", "netIncomeFromContinuingOperations": "3050000000", "comprehensiveIncomeNetOfTax": "None", "ebit": "6919000000", "ebitda": "7501000000", "netIncome": "2743000000"}, {"fiscalDateEnding": "2009-12-31", "reportedCurrency": "USD", "grossProfit": "13015218000", "totalRevenue": "12983267000", "costOfRevenue": "-31951000", "costofGoodsAndServicesSold": "-31951000", "operatingIncome": "-130515000", "sellingGeneralAndAdministrative": "2977237000", "researchAndDevelopment": "0", "operatingExpenses": "14495000000", "investmentIncomeNet": "None", "netInterestIncome": "None", "interestIncome": "None", "interestExpense": "2967470000", "nonInterestIncome": "None", "otherNonOperatingIncome": "None", "depreciation": "None", "depreciationAndAmortization": "682603000", "incomeBeforeTax": "1336102000", "incomeTaxExpense": "349485000", "interestAndDebtExpense": "None", "netIncomeFromContinuingOperations": "None", "comprehensiveIncomeNetOfTax": "None", "ebit": "-813118000", "ebitda": "-130515000", "netIncome": "883781000"}, {"fiscalDateEnding": "2008-12-31", "reportedCurrency": "USD", "grossProfit": "13892686000", "totalRevenue": "13838826000", "costOfRevenue": "-53860000", "costofGoodsAndServicesSold": "-53860000", "operatingIncome": "-130515000", "sellingGeneralAndAdministrative": "2855424000", "researchAndDevelopment": "None", "operatingExpenses": "17140000000", "investmentIncomeNet": "None", "netInterestIncome": "None", "interestIncome": "None", "interestExpense": "3963284000", "nonInterestIncome": "None", "otherNonOperatingIncome": "None", "depreciation": "None", "depreciationAndAmortization": "691430000", "incomeBeforeTax": "581619000", "incomeTaxExpense": "497102000", "interestAndDebtExpense": "None", "netIncomeFromContinuingOperations": "None", "comprehensiveIncomeNetOfTax": "None", "ebit": "-821945000", "ebitda": "-130515000", "netIncome": "-45998000"}, {"fiscalDateEnding": "2007-12-31", "reportedCurrency": "USD", "grossProfit": "14478824000", "totalRevenue": "14478824000", "costOfRevenue": "-105244000", "costofGoodsAndServicesSold": "-105244000", "operatingIncome": "-1021387000", "sellingGeneralAndAdministrative": "3123772000", "researchAndDevelopment": "None", "operatingExpenses": "15125000000", "investmentIncomeNet": "None", "netInterestIncome": "None", "interestIncome": "None", "interestExpense": "4548311000", "nonInterestIncome": "None", "otherNonOperatingIncome": "None", "depreciation": "None", "depreciationAndAmortization": "678757000", "incomeBeforeTax": "3869556000", "incomeTaxExpense": "1277837000", "interestAndDebtExpense": "None", "netIncomeFromContinuingOperations": "None", "comprehensiveIncomeNetOfTax": "None", "ebit": "7396480000", "ebitda": "8075237000", "netIncome": "1570332000"}, {"fiscalDateEnding": "2006-12-31", "reportedCurrency": "USD", "grossProfit": "12096362000", "totalRevenue": "12096362000", "costOfRevenue": "9924828000", "costofGoodsAndServicesSold": "9924828000", "operatingIncome": "6747330000", "sellingGeneralAndAdministrative": "2700148000", "researchAndDevelopment": "None", "operatingExpenses": "11493000000", "investmentIncomeNet": "None", "netInterestIncome": "None", "interestIncome": "None", "interestExpense": "3094599000", "nonInterestIncome": "None", "otherNonOperatingIncome": "None", "depreciation": "None", "depreciationAndAmortization": "542090000", "incomeBeforeTax": "3652731000", "incomeTaxExpense": "1238238000", "interestAndDebtExpense": "None", "netIncomeFromContinuingOperations": "None", "comprehensiveIncomeNetOfTax": "None", "ebit": "3652731000", "ebitda": "4194821000", "netIncome": "2414493000"}, {"fiscalDateEnding": "2005-12-31", "reportedCurrency": "USD", "grossProfit": "10038347000", "totalRevenue": "10038347000", "costOfRevenue": "8023182000", "costofGoodsAndServicesSold": "8023182000", "operatingIncome": "4875641000", "sellingGeneralAndAdministrative": "1749738000", "researchAndDevelopment": "None", "operatingExpenses": "9256000000", "investmentIncomeNet": "None", "netInterestIncome": "None", "interestIncome": "None", "interestExpense": "2046639000", "nonInterestIncome": "None", "otherNonOperatingIncome": "None", "depreciation": "None", "depreciationAndAmortization": "425640000", "incomeBeforeTax": "2829002000", "incomeTaxExpense": "1019855000", "interestAndDebtExpense": "None", "netIncomeFromContinuingOperations": "None", "comprehensiveIncomeNetOfTax": "None", "ebit": "2829002000", "ebitda": "3254642000", "netIncome": "1809147000"}], "quarterlyReports": [{"fiscalDateEnding": "2024-12-31", "reportedCurrency": "USD", "grossProfit": "10190000000", "totalRevenue": "10190000000", "costOfRevenue": "None", "costofGoodsAndServicesSold": "None", "operatingIncome": "None", "sellingGeneralAndAdministrative": "2329000000", "researchAndDevelopment": "None", "operatingExpenses": "10190000000", "investmentIncomeNet": "None", "netInterestIncome": "8098000000", "interestIncome": "11717000000", "interestExpense": "3619000000", "nonInterestIncome": "None", "otherNonOperatingIncome": "None", "depreciation": "None", "depreciationAndAmortization": "814000000", "incomeBeforeTax": "1459000000", "incomeTaxExpense": "366000000", "interestAndDebtExpense": "None", "netIncomeFromContinuingOperations": "1093000000", "comprehensiveIncomeNetOfTax": "None", "ebit": "None", "ebitda": "None", "netIncome": "1096000000"}, {"fiscalDateEnding": "2024-09-30", "reportedCurrency": "USD", "grossProfit": "10014000000", "totalRevenue": "10014000000", "costOfRevenue": "-3784000000", "costofGoodsAndServicesSold": "-3784000000", "operatingIncome": "3024000000", "sellingGeneralAndAdministrative": "2391000000", "researchAndDevelopment": "None", "operatingExpenses": "10014000000", "investmentIncomeNet": "None", "netInterestIncome": "8076000000", "interestIncome": "11860000000", "interestExpense": "3784000000", "nonInterestIncome": "None", "otherNonOperatingIncome": "None", "depreciation": "None", "depreciationAndAmortization": "806000000", "incomeBeforeTax": "2218000000", "incomeTaxExpense": "441000000", "interestAndDebtExpense": "None", "netIncomeFromContinuingOperations": "1777000000", "comprehensiveIncomeNetOfTax": "None", "ebit": "2218000000", "ebitda": "3024000000", "netIncome": "1777000000"}, {"fiscalDateEnding": "2024-06-30", "reportedCurrency": "USD", "grossProfit": "13240000000", "totalRevenue": "13212000000", "costOfRevenue": "-28000000", "costofGoodsAndServicesSold": "-28000000", "operatingIncome": "670000000", "sellingGeneralAndAdministrative": "2200000000", "researchAndDevelopment": "None", "operatingExpenses": "1476000000", "investmentIncomeNet": "None", "netInterestIncome": "7546000000", "interestIncome": "11280000000", "interestExpense": "3734000000", "nonInterestIncome": "None", "otherNonOperatingIncome": "None", "depreciation": "None", "depreciationAndAmortization": "811000000", "incomeBeforeTax": "651000000", "incomeTaxExpense": "54000000", "interestAndDebtExpense": "None", "netIncomeFromContinuingOperations": "597000000", "comprehensiveIncomeNetOfTax": "None", "ebit": "651000000", "ebitda": "1462000000", "netIncome": "597000000"}, {"fiscalDateEnding": "2024-03-31", "reportedCurrency": "USD", "grossProfit": "13091000000", "totalRevenue": "13091000000", "costOfRevenue": "None", "costofGoodsAndServicesSold": "None", "operatingIncome": "1601000000", "sellingGeneralAndAdministrative": "2478000000", "researchAndDevelopment": "None", "operatingExpenses": "2105000000", "investmentIncomeNet": "None", "netInterestIncome": "7488000000", "interestIncome": "11177000000", "interestExpense": "3689000000", "nonInterestIncome": "None", "otherNonOperatingIncome": "None", "depreciation": "None", "depreciationAndAmortization": "806000000", "incomeBeforeTax": "1582000000", "incomeTaxExpense": "302000000", "interestAndDebtExpense": "None", "netIncomeFromContinuingOperations": "1280000000", "comprehensiveIncomeNetOfTax": "None", "ebit": "1582000000", "ebitda": "2388000000", "netIncome": "1280000000"}, {"fiscalDateEnding": "2023-12-31", "reportedCurrency": "USD", "grossProfit": "13132000000", "totalRevenue": "13132000000", "costOfRevenue": "None", "costofGoodsAndServicesSold": "None", "operatingIncome": "-10000000", "sellingGeneralAndAdministrative": "2284000000", "researchAndDevelopment": "None", "operatingExpenses": "2805000000", "investmentIncomeNet": "None", "netInterestIncome": "7519000000", "interestIncome": "11145000000", "interestExpense": "881000000", "nonInterestIncome": "None", "otherNonOperatingIncome": "None", "depreciation": "None", "depreciationAndAmortization": "798000000", "incomeBeforeTax": "932000000", "incomeTaxExpense": "226000000", "interestAndDebtExpense": "None", "netIncomeFromContinuingOperations": "706000000", "comprehensiveIncomeNetOfTax": "None", "ebit": "-786000000", "ebitda": "12000000", "netIncome": "706000000"}, {"fiscalDateEnding": "2023-09-30", "reportedCurrency": "USD", "grossProfit": "9366000000", "totalRevenue": "9366000000", "costOfRevenue": "None", "costofGoodsAndServicesSold": "None", "operatingIncome": "2222000000", "sellingGeneralAndAdministrative": "2274000000", "researchAndDevelopment": "None", "operatingExpenses": "-7144000000", "investmentIncomeNet": "None", "netInterestIncome": "7423000000", "interestIncome": "10873000000", "interestExpense": "3450000000", "nonInterestIncome": "None", "otherNonOperatingIncome": "None", "depreciation": "None", "depreciationAndAmortization": "852000000", "incomeBeforeTax": "2222000000", "incomeTaxExpense": "432000000", "interestAndDebtExpense": "None", "netIncomeFromContinuingOperations": "1790000000", "comprehensiveIncomeNetOfTax": "None", "ebit": "2222000000", "ebitda": "3074000000", "netIncome": "1790000000"}, {"fiscalDateEnding": "2023-06-30", "reportedCurrency": "USD", "grossProfit": "9012000000", "totalRevenue": "9012000000", "costOfRevenue": "None", "costofGoodsAndServicesSold": "None", "operatingIncome": "4781000000", "sellingGeneralAndAdministrative": "2317000000", "researchAndDevelopment": "None", "operatingExpenses": "-4231000000", "investmentIncomeNet": "None", "netInterestIncome": "7113000000", "interestIncome": "10166000000", "interestExpense": "3053000000", "nonInterestIncome": "None", "otherNonOperatingIncome": "None", "depreciation": "None", "depreciationAndAmortization": "325000000", "incomeBeforeTax": "1728000000", "incomeTaxExpense": "297000000", "interestAndDebtExpense": "None", "netIncomeFromContinuingOperations": "1431000000", "comprehensiveIncomeNetOfTax": "None", "ebit": "1728000000", "ebitda": "2053000000", "netIncome": "1431000000"}, {"fiscalDateEnding": "2023-03-31", "reportedCurrency": "USD", "grossProfit": "8903000000", "totalRevenue": "8903000000", "costOfRevenue": "None", "costofGoodsAndServicesSold": "None", "operatingIncome": "3731000000", "sellingGeneralAndAdministrative": "2427000000", "researchAndDevelopment": "None", "operatingExpenses": "4048000000", "investmentIncomeNet": "None", "netInterestIncome": "7186000000", "interestIncome": "9754000000", "interestExpense": "2568000000", "nonInterestIncome": "None", "otherNonOperatingIncome": "None", "depreciation": "None", "depreciationAndAmortization": "1251000000", "incomeBeforeTax": "1163000000", "incomeTaxExpense": "203000000", "interestAndDebtExpense": "None", "netIncomeFromContinuingOperations": "960000000", "comprehensiveIncomeNetOfTax": "None", "ebit": "1163000000", "ebitda": "2414000000", "netIncome": "960000000"}, {"fiscalDateEnding": "2022-12-31", "reportedCurrency": "USD", "grossProfit": "9040000000", "totalRevenue": "9040000000", "costOfRevenue": "None", "costofGoodsAndServicesSold": "None", "operatingIncome": "3505000000", "sellingGeneralAndAdministrative": "2266000000", "researchAndDevelopment": "None", "operatingExpenses": "-7167000000", "investmentIncomeNet": "None", "netInterestIncome": "7197000000", "interestIncome": "9158000000", "interestExpense": "1961000000", "nonInterestIncome": "None", "otherNonOperatingIncome": "None", "depreciation": "None", "depreciationAndAmortization": "843000000", "incomeBeforeTax": "1544000000", "incomeTaxExpense": "312000000", "interestAndDebtExpense": "None", "netIncomeFromContinuingOperations": "1232000000", "comprehensiveIncomeNetOfTax": "None", "ebit": "1544000000", "ebitda": "2387000000", "netIncome": "1232000000"}, {"fiscalDateEnding": "2022-09-30", "reportedCurrency": "USD", "grossProfit": "7136000000", "totalRevenue": "8805000000", "costOfRevenue": "None", "costofGoodsAndServicesSold": "None", "operatingIncome": "2190000000", "sellingGeneralAndAdministrative": "4949000000", "researchAndDevelopment": "None", "operatingExpenses": "3971000000", "investmentIncomeNet": "None", "netInterestIncome": "7003000000", "interestIncome": "8200000000", "interestExpense": "4949000000", "nonInterestIncome": "None", "otherNonOperatingIncome": "None", "depreciation": "None", "depreciationAndAmortization": "744000000", "incomeBeforeTax": "2187000000", "incomeTaxExpense": "493000000", "interestAndDebtExpense": "None", "netIncomeFromContinuingOperations": "1694000000", "comprehensiveIncomeNetOfTax": "None", "ebit": "7058000000", "ebitda": "7802000000", "netIncome": "1616000000"}, {"fiscalDateEnding": "2022-06-30", "reportedCurrency": "USD", "grossProfit": "8232000000", "totalRevenue": "8232000000", "costOfRevenue": "None", "costofGoodsAndServicesSold": "None", "operatingIncome": "2560000000", "sellingGeneralAndAdministrative": "2949000000", "researchAndDevelopment": "None", "operatingExpenses": "3580000000", "investmentIncomeNet": "None", "netInterestIncome": "6517000000", "interestIncome": "7095000000", "interestExpense": "4583000000", "nonInterestIncome": "None", "otherNonOperatingIncome": "None", "depreciation": "None", "depreciationAndAmortization": "784000000", "incomeBeforeTax": "2564000000", "incomeTaxExpense": "533000000", "interestAndDebtExpense": "None", "netIncomeFromContinuingOperations": "2031000000", "comprehensiveIncomeNetOfTax": "None", "ebit": "7065000000", "ebitda": "7849000000", "netIncome": "1949000000"}, {"fiscalDateEnding": "2022-03-31", "reportedCurrency": "USD", "grossProfit": "8173000000", "totalRevenue": "8173000000", "costOfRevenue": "None", "costofGoodsAndServicesSold": "None", "operatingIncome": "2950000000", "sellingGeneralAndAdministrative": "2026000000", "researchAndDevelopment": "None", "operatingExpenses": "3633000000", "investmentIncomeNet": "None", "netInterestIncome": "6397000000", "interestIncome": "6784000000", "interestExpense": "387000000", "nonInterestIncome": "None", "otherNonOperatingIncome": "None", "depreciation": "None", "depreciationAndAmortization": "839000000", "incomeBeforeTax": "2945000000", "incomeTaxExpense": "542000000", "interestAndDebtExpense": "None", "netIncomeFromContinuingOperations": "2403000000", "comprehensiveIncomeNetOfTax": "None", "ebit": "3332000000", "ebitda": "4171000000", "netIncome": "2403000000"}, {"fiscalDateEnding": "2021-12-31", "reportedCurrency": "USD", "grossProfit": "8118000000", "totalRevenue": "8118000000", "costOfRevenue": "None", "costofGoodsAndServicesSold": "None", "operatingIncome": "3110000000", "sellingGeneralAndAdministrative": "1941000000", "researchAndDevelopment": "None", "operatingExpenses": "2871000000", "investmentIncomeNet": "None", "netInterestIncome": "6450000000", "interestIncome": "6831000000", "interestExpense": "381000000", "nonInterestIncome": "None", "otherNonOperatingIncome": "None", "depreciation": "None", "depreciationAndAmortization": "853000000", "incomeBeforeTax": "3059000000", "incomeTaxExpense": "633000000", "interestAndDebtExpense": "None", "netIncomeFromContinuingOperations": "2426000000", "comprehensiveIncomeNetOfTax": "None", "ebit": "3439000000", "ebitda": "4292000000", "netIncome": "2425000000"}, {"fiscalDateEnding": "2021-09-30", "reportedCurrency": "USD", "grossProfit": "7830000000", "totalRevenue": "7830000000", "costOfRevenue": "None", "costofGoodsAndServicesSold": "None", "operatingIncome": "6810000", "sellingGeneralAndAdministrative": "1852000000", "researchAndDevelopment": "None", "operatingExpenses": "3435000000", "investmentIncomeNet": "None", "netInterestIncome": "6156000000", "interestIncome": "6538000000", "interestExpense": "382000000", "nonInterestIncome": "None", "otherNonOperatingIncome": "None", "depreciation": "None", "depreciationAndAmortization": "914000000", "incomeBeforeTax": "3986000000", "incomeTaxExpense": "882000000", "interestAndDebtExpense": "None", "netIncomeFromContinuingOperations": "3104000000", "comprehensiveIncomeNetOfTax": "None", "ebit": "5277000000", "ebitda": "5282000000", "netIncome": "3104000000"}, {"fiscalDateEnding": "2021-06-30", "reportedCurrency": "USD", "grossProfit": "7374000000", "totalRevenue": "7374000000", "costOfRevenue": "None", "costofGoodsAndServicesSold": "None", "operatingIncome": "3537000000", "sellingGeneralAndAdministrative": "1781000000", "researchAndDevelopment": "None", "operatingExpenses": "3346000000", "investmentIncomeNet": "None", "netInterestIncome": "5743000000", "interestIncome": "6139000000", "interestExpense": "396000000", "nonInterestIncome": "None", "otherNonOperatingIncome": "None", "depreciation": "None", "depreciationAndAmortization": "855000000", "incomeBeforeTax": "4568000000", "incomeTaxExpense": "1031000000", "interestAndDebtExpense": "None", "netIncomeFromContinuingOperations": "3537000000", "comprehensiveIncomeNetOfTax": "None", "ebit": "2682000000", "ebitda": "3537000000", "netIncome": "3536000000"}, {"fiscalDateEnding": "2021-03-31", "reportedCurrency": "USD", "grossProfit": "6977000000", "totalRevenue": "7113000000", "costOfRevenue": "136000000", "costofGoodsAndServicesSold": "136000000", "operatingIncome": "3327000000", "sellingGeneralAndAdministrative": "1847000000", "researchAndDevelopment": "None", "operatingExpenses": "501000000", "investmentIncomeNet": "None", "netInterestIncome": "5822000000", "interestIncome": "6261000000", "interestExpense": "439000000", "nonInterestIncome": "None", "otherNonOperatingIncome": "None", "depreciation": "None", "depreciationAndAmortization": "6000000", "incomeBeforeTax": "4196000000", "incomeTaxExpense": "869000000", "interestAndDebtExpense": "None", "netIncomeFromContinuingOperations": "3327000000", "comprehensiveIncomeNetOfTax": "None", "ebit": "3321000000", "ebitda": "3327000000", "netIncome": "3325000000"}, {"fiscalDateEnding": "2020-12-31", "reportedCurrency": "USD", "grossProfit": "7300000000", "totalRevenue": "7300000000", "costOfRevenue": "-502000000", "costofGoodsAndServicesSold": "-502000000", "operatingIncome": "-3000000", "sellingGeneralAndAdministrative": "1755000000", "researchAndDevelopment": "None", "operatingExpenses": "-10203000000", "investmentIncomeNet": "None", "netInterestIncome": "5873000000", "interestIncome": "6391000000", "interestExpense": "518000000", "nonInterestIncome": "None", "otherNonOperatingIncome": "None", "depreciation": "None", "depreciationAndAmortization": "8000000", "incomeBeforeTax": "3064000000", "incomeTaxExpense": "496000000", "interestAndDebtExpense": "None", "netIncomeFromContinuingOperations": "2568000000", "comprehensiveIncomeNetOfTax": "None", "ebit": "3064000000", "ebitda": "3072000000", "netIncome": "2566000000"}, {"fiscalDateEnding": "2020-09-30", "reportedCurrency": "USD", "grossProfit": "7238000000", "totalRevenue": "7345000000", "costOfRevenue": "107000000", "costofGoodsAndServicesSold": "107000000", "operatingIncome": "5070000", "sellingGeneralAndAdministrative": "1719000000", "researchAndDevelopment": "None", "operatingExpenses": "4539000000", "investmentIncomeNet": "None", "netInterestIncome": "5555000000", "interestIncome": "6215000000", "interestExpense": "660000000", "nonInterestIncome": "None", "otherNonOperatingIncome": "None", "depreciation": "None", "depreciationAndAmortization": "14000000", "incomeBeforeTax": "3502000000", "incomeTaxExpense": "1096000000", "interestAndDebtExpense": "None", "netIncomeFromContinuingOperations": "2406000000", "comprehensiveIncomeNetOfTax": "None", "ebit": "-8930000", "ebitda": "5070000", "netIncome": "2406000000"}, {"fiscalDateEnding": "2020-06-30", "reportedCurrency": "USD", "grossProfit": "6414000000", "totalRevenue": "6556000000", "costOfRevenue": "142000000", "costofGoodsAndServicesSold": "142000000", "operatingIncome": "-917000000", "sellingGeneralAndAdministrative": "1704000000", "researchAndDevelopment": "None", "operatingExpenses": "8874000000", "investmentIncomeNet": "None", "netInterestIncome": "5460000000", "interestIncome": "6318000000", "interestExpense": "858000000", "nonInterestIncome": "None", "otherNonOperatingIncome": "None", "depreciation": "None", "depreciationAndAmortization": "16000000", "incomeBeforeTax": "-1460000000", "incomeTaxExpense": "-543000000", "interestAndDebtExpense": "None", "netIncomeFromContinuingOperations": "-917000000", "comprehensiveIncomeNetOfTax": "None", "ebit": "-933000000", "ebitda": "-917000000", "netIncome": "-918000000"}, {"fiscalDateEnding": "2020-03-31", "reportedCurrency": "USD", "grossProfit": "7069000000", "totalRevenue": "7249000000", "costOfRevenue": "180000000", "costofGoodsAndServicesSold": "180000000", "operatingIncome": "-1340000000", "sellingGeneralAndAdministrative": "1627000000", "researchAndDevelopment": "None", "operatingExpenses": "10236000000", "investmentIncomeNet": "None", "netInterestIncome": "6025000000", "interestIncome": "7109000000", "interestExpense": "1084000000", "nonInterestIncome": "None", "otherNonOperatingIncome": "None", "depreciation": "None", "depreciationAndAmortization": "22000000", "incomeBeforeTax": "-1903000000", "incomeTaxExpense": "-563000000", "interestAndDebtExpense": "None", "netIncomeFromContinuingOperations": "-1340000000", "comprehensiveIncomeNetOfTax": "None", "ebit": "-1903000000", "ebitda": "-1881000000", "netIncome": "-1340000000"}, {"fiscalDateEnding": "2019-12-31", "reportedCurrency": "USD", "grossProfit": "7229000000", "totalRevenue": "7427000000", "costOfRevenue": "198000000", "costofGoodsAndServicesSold": "198000000", "operatingIncome": "13000000", "sellingGeneralAndAdministrative": "1659000000", "researchAndDevelopment": "None", "operatingExpenses": "7183000000", "investmentIncomeNet": "None", "netInterestIncome": "6066000000", "interestIncome": "7270000000", "interestExpense": "1204000000", "nonInterestIncome": "None", "otherNonOperatingIncome": "None", "depreciation": "None", "depreciationAndAmortization": "28000000", "incomeBeforeTax": "1448000000", "incomeTaxExpense": "270000000", "interestAndDebtExpense": "None", "netIncomeFromContinuingOperations": "1178000000", "comprehensiveIncomeNetOfTax": "None", "ebit": "3527000000", "ebitda": "3555000000", "netIncome": "1176000000"}, {"fiscalDateEnding": "2019-09-30", "reportedCurrency": "USD", "grossProfit": "6759000000", "totalRevenue": "6959000000", "costOfRevenue": "200000000", "costofGoodsAndServicesSold": "200000000", "operatingIncome": "4000000", "sellingGeneralAndAdministrative": "1632000000", "researchAndDevelopment": "None", "operatingExpenses": "6593000000", "investmentIncomeNet": "None", "netInterestIncome": "5737000000", "interestIncome": "7075000000", "interestExpense": "1338000000", "nonInterestIncome": "None", "otherNonOperatingIncome": "None", "depreciation": "None", "depreciationAndAmortization": "25000000", "incomeBeforeTax": "1704000000", "incomeTaxExpense": "375000000", "interestAndDebtExpense": "None", "netIncomeFromContinuingOperations": "1329000000", "comprehensiveIncomeNetOfTax": "None", "ebit": "-21000000", "ebitda": "4000000", "netIncome": "1333000000"}, {"fiscalDateEnding": "2019-06-30", "reportedCurrency": "USD", "grossProfit": "6942000000", "totalRevenue": "7124000000", "costOfRevenue": "182000000", "costofGoodsAndServicesSold": "182000000", "operatingIncome": "9000000", "sellingGeneralAndAdministrative": "1558000000", "researchAndDevelopment": "None", "operatingExpenses": "6451000000", "investmentIncomeNet": "None", "netInterestIncome": "5746000000", "interestIncome": "7076000000", "interestExpense": "1330000000", "nonInterestIncome": "None", "otherNonOperatingIncome": "None", "depreciation": "None", "depreciationAndAmortization": "29000000", "incomeBeforeTax": "2003000000", "incomeTaxExpense": "387000000", "interestAndDebtExpense": "None", "netIncomeFromContinuingOperations": "1616000000", "comprehensiveIncomeNetOfTax": "None", "ebit": "-20000000", "ebitda": "9000000", "netIncome": "1625000000"}, {"fiscalDateEnding": "2019-03-31", "reportedCurrency": "USD", "grossProfit": "6901000000", "totalRevenue": "7083000000", "costOfRevenue": "182000000", "costofGoodsAndServicesSold": "182000000", "operatingIncome": "2870000", "sellingGeneralAndAdministrative": "1573000000", "researchAndDevelopment": "None", "operatingExpenses": "6665000000", "investmentIncomeNet": "None", "netInterestIncome": "5791000000", "interestIncome": "7092000000", "interestExpense": "1301000000", "nonInterestIncome": "None", "otherNonOperatingIncome": "None", "depreciation": "None", "depreciationAndAmortization": "30000000", "incomeBeforeTax": "1719000000", "incomeTaxExpense": "309000000", "interestAndDebtExpense": "None", "netIncomeFromContinuingOperations": "1410000000", "comprehensiveIncomeNetOfTax": "None", "ebit": "-27130000", "ebitda": "2870000", "netIncome": "1412000000"}, {"fiscalDateEnding": "2018-12-31", "reportedCurrency": "USD", "grossProfit": "6808000000", "totalRevenue": "6939000000", "costOfRevenue": "131000000", "costofGoodsAndServicesSold": "131000000", "operatingIncome": "-10000000", "sellingGeneralAndAdministrative": "1345000000", "researchAndDevelopment": "0", "operatingExpenses": "6998000000", "investmentIncomeNet": "None", "netInterestIncome": "None", "interestIncome": "None", "interestExpense": "1228000000", "nonInterestIncome": "None", "otherNonOperatingIncome": "None", "depreciation": "None", "depreciationAndAmortization": "43000000", "incomeBeforeTax": "1243000000", "incomeTaxExpense": "-21000000", "interestAndDebtExpense": "None", "netIncomeFromContinuingOperations": "1264000000", "comprehensiveIncomeNetOfTax": "None", "ebit": "3100000000", "ebitda": "3143000000", "netIncome": "1261000000"}, {"fiscalDateEnding": "2018-09-30", "reportedCurrency": "USD", "grossProfit": "6710000000", "totalRevenue": "6962000000", "costOfRevenue": "252000000", "costofGoodsAndServicesSold": "252000000", "operatingIncome": "1000000", "sellingGeneralAndAdministrative": "1432000000", "researchAndDevelopment": "0", "operatingExpenses": "6150000000", "investmentIncomeNet": "None", "netInterestIncome": "None", "interestIncome": "None", "interestExpense": "1109000000", "nonInterestIncome": "None", "otherNonOperatingIncome": "None", "depreciation": "None", "depreciationAndAmortization": "44000000", "incomeBeforeTax": "1921000000", "incomeTaxExpense": "420000000", "interestAndDebtExpense": "None", "netIncomeFromContinuingOperations": "1501000000", "comprehensiveIncomeNetOfTax": "None", "ebit": "-43000000", "ebitda": "1000000", "netIncome": "1502000000"}, {"fiscalDateEnding": "2018-06-30", "reportedCurrency": "USD", "grossProfit": "7023000000", "totalRevenue": "7192000000", "costOfRevenue": "169000000", "costofGoodsAndServicesSold": "169000000", "operatingIncome": "-11000000", "sellingGeneralAndAdministrative": "1430000000", "researchAndDevelopment": "0", "operatingExpenses": "5745000000", "investmentIncomeNet": "None", "netInterestIncome": "None", "interestIncome": "None", "interestExpense": "1045000000", "nonInterestIncome": "None", "otherNonOperatingIncome": "None", "depreciation": "None", "depreciationAndAmortization": "43000000", "incomeBeforeTax": "2492000000", "incomeTaxExpense": "575000000", "interestAndDebtExpense": "None", "netIncomeFromContinuingOperations": "1917000000", "comprehensiveIncomeNetOfTax": "None", "ebit": "-54000000", "ebitda": "-11000000", "netIncome": "1906000000"}, {"fiscalDateEnding": "2018-03-31", "reportedCurrency": "USD", "grossProfit": "6632000000", "totalRevenue": "6909000000", "costOfRevenue": "277000000", "costofGoodsAndServicesSold": "277000000", "operatingIncome": "2630000", "sellingGeneralAndAdministrative": "1520000000", "researchAndDevelopment": "0", "operatingExpenses": "6166000000", "investmentIncomeNet": "None", "netInterestIncome": "None", "interestIncome": "None", "interestExpense": "919000000", "nonInterestIncome": "None", "otherNonOperatingIncome": "None", "depreciation": "None", "depreciationAndAmortization": "44000000", "incomeBeforeTax": "1662000000", "incomeTaxExpense": "319000000", "interestAndDebtExpense": "None", "netIncomeFromContinuingOperations": "1343000000", "comprehensiveIncomeNetOfTax": "None", "ebit": "-41370000", "ebitda": "2630000", "netIncome": "1346000000"}, {"fiscalDateEnding": "2017-12-31", "reportedCurrency": "USD", "grossProfit": "6727000000", "totalRevenue": "7013000000", "costOfRevenue": "286000000", "costofGoodsAndServicesSold": "286000000", "operatingIncome": "-135000000", "sellingGeneralAndAdministrative": "1521000000", "researchAndDevelopment": "0", "operatingExpenses": "6496000000", "investmentIncomeNet": "None", "netInterestIncome": "None", "interestIncome": "None", "interestExpense": "791000000", "nonInterestIncome": "None", "otherNonOperatingIncome": "None", "depreciation": "None", "depreciationAndAmortization": "61000000", "incomeBeforeTax": "1308000000", "incomeTaxExpense": "2170000000", "interestAndDebtExpense": "None", "netIncomeFromContinuingOperations": "-862000000", "comprehensiveIncomeNetOfTax": "None", "ebit": "2650000000", "ebitda": "2711000000", "netIncome": "-971000000"}, {"fiscalDateEnding": "2017-09-30", "reportedCurrency": "USD", "grossProfit": "6736000000", "totalRevenue": "6985000000", "costOfRevenue": "249000000", "costofGoodsAndServicesSold": "249000000", "operatingIncome": "-30000000", "sellingGeneralAndAdministrative": "1524000000", "researchAndDevelopment": "0", "operatingExpenses": "6120000000", "investmentIncomeNet": "None", "netInterestIncome": "None", "interestIncome": "None", "interestExpense": "720000000", "nonInterestIncome": "None", "otherNonOperatingIncome": "None", "depreciation": "None", "depreciationAndAmortization": "61000000", "incomeBeforeTax": "1585000000", "incomeTaxExpense": "448000000", "interestAndDebtExpense": "None", "netIncomeFromContinuingOperations": "1137000000", "comprehensiveIncomeNetOfTax": "None", "ebit": "-91000000", "ebitda": "-30000000", "netIncome": "1107000000"}, {"fiscalDateEnding": "2017-06-30", "reportedCurrency": "USD", "grossProfit": "6470000000", "totalRevenue": "6704000000", "costOfRevenue": "234000000", "costofGoodsAndServicesSold": "234000000", "operatingIncome": "-11000000", "sellingGeneralAndAdministrative": "1383000000", "researchAndDevelopment": "0", "operatingExpenses": "5869000000", "investmentIncomeNet": "None", "netInterestIncome": "None", "interestIncome": "None", "interestExpense": "655000000", "nonInterestIncome": "None", "otherNonOperatingIncome": "None", "depreciation": "None", "depreciationAndAmortization": "61000000", "incomeBeforeTax": "1490000000", "incomeTaxExpense": "443000000", "interestAndDebtExpense": "None", "netIncomeFromContinuingOperations": "1047000000", "comprehensiveIncomeNetOfTax": "None", "ebit": "-72000000", "ebitda": "-11000000", "netIncome": "1036000000"}, {"fiscalDateEnding": "2017-03-31", "reportedCurrency": "USD", "grossProfit": "6314000000", "totalRevenue": "6535000000", "costOfRevenue": "221000000", "costofGoodsAndServicesSold": "221000000", "operatingIncome": "15000000", "sellingGeneralAndAdministrative": "1471000000", "researchAndDevelopment": "0", "operatingExpenses": "6022000000", "investmentIncomeNet": "None", "netInterestIncome": "None", "interestIncome": "None", "interestExpense": "596000000", "nonInterestIncome": "None", "otherNonOperatingIncome": "None", "depreciation": "None", "depreciationAndAmortization": "62000000", "incomeBeforeTax": "1109000000", "incomeTaxExpense": "314000000", "interestAndDebtExpense": "None", "netIncomeFromContinuingOperations": "795000000", "comprehensiveIncomeNetOfTax": "None", "ebit": "-47000000", "ebitda": "15000000", "netIncome": "810000000"}, {"fiscalDateEnding": "2016-12-31", "reportedCurrency": "USD", "grossProfit": "6346000000", "totalRevenue": "6566000000", "costOfRevenue": "220000000", "costofGoodsAndServicesSold": "220000000", "operatingIncome": "-19000000", "sellingGeneralAndAdministrative": "1336000000", "researchAndDevelopment": "0", "operatingExpenses": "5993000000", "investmentIncomeNet": "None", "netInterestIncome": "None", "interestIncome": "None", "interestExpense": "562000000", "nonInterestIncome": "None", "otherNonOperatingIncome": "None", "depreciation": "None", "depreciationAndAmortization": "101000000", "incomeBeforeTax": "1135000000", "incomeTaxExpense": "342000000", "interestAndDebtExpense": "None", "netIncomeFromContinuingOperations": "793000000", "comprehensiveIncomeNetOfTax": "None", "ebit": "1135000000", "ebitda": "1236000000", "netIncome": "791000000"}, {"fiscalDateEnding": "2016-09-30", "reportedCurrency": "USD", "grossProfit": "6222000000", "totalRevenue": "6461000000", "costOfRevenue": "239000000", "costofGoodsAndServicesSold": "239000000", "operatingIncome": "-11000000", "sellingGeneralAndAdministrative": "1317000000", "researchAndDevelopment": "0", "operatingExpenses": "5466000000", "investmentIncomeNet": "None", "netInterestIncome": "None", "interestIncome": "None", "interestExpense": "517000000", "nonInterestIncome": "None", "otherNonOperatingIncome": "None", "depreciation": "None", "depreciationAndAmortization": "89000000", "incomeBeforeTax": "1512000000", "incomeTaxExpense": "496000000", "interestAndDebtExpense": "None", "netIncomeFromContinuingOperations": "1016000000", "comprehensiveIncomeNetOfTax": "None", "ebit": "-100000000", "ebitda": "-11000000", "netIncome": "1005000000"}, {"fiscalDateEnding": "2016-06-30", "reportedCurrency": "USD", "grossProfit": "6048000000", "totalRevenue": "6254000000", "costOfRevenue": "206000000", "costofGoodsAndServicesSold": "206000000", "operatingIncome": "-1000000", "sellingGeneralAndAdministrative": "1279000000", "researchAndDevelopment": "0", "operatingExpenses": "5365000000", "investmentIncomeNet": "None", "netInterestIncome": "None", "interestIncome": "None", "interestExpense": "478000000", "nonInterestIncome": "None", "otherNonOperatingIncome": "None", "depreciation": "None", "depreciationAndAmortization": "95000000", "incomeBeforeTax": "1367000000", "incomeTaxExpense": "424000000", "interestAndDebtExpense": "None", "netIncomeFromContinuingOperations": "943000000", "comprehensiveIncomeNetOfTax": "None", "ebit": "2365000000", "ebitda": "2460000000", "netIncome": "942000000"}, {"fiscalDateEnding": "2016-03-31", "reportedCurrency": "USD", "grossProfit": "6032000000", "totalRevenue": "6220000000", "costOfRevenue": "188000000", "costofGoodsAndServicesSold": "188000000", "operatingIncome": "-5000000", "sellingGeneralAndAdministrative": "1270000000", "researchAndDevelopment": "0", "operatingExpenses": "5211000000", "investmentIncomeNet": "None", "netInterestIncome": "None", "interestIncome": "None", "interestExpense": "461000000", "nonInterestIncome": "None", "otherNonOperatingIncome": "None", "depreciation": "None", "depreciationAndAmortization": "101000000", "incomeBeforeTax": "1470000000", "incomeTaxExpense": "452000000", "interestAndDebtExpense": "None", "netIncomeFromContinuingOperations": "1018000000", "comprehensiveIncomeNetOfTax": "None", "ebit": "2416000000", "ebitda": "2517000000", "netIncome": "1013000000"}, {"fiscalDateEnding": "2015-12-31", "reportedCurrency": "USD", "grossProfit": "6007000000", "totalRevenue": "6194000000", "costOfRevenue": "187000000", "costofGoodsAndServicesSold": "187000000", "operatingIncome": "38000000", "sellingGeneralAndAdministrative": "1215000000", "researchAndDevelopment": "0", "operatingExpenses": "5283000000", "investmentIncomeNet": "None", "netInterestIncome": "None", "interestIncome": "None", "interestExpense": "423000000", "nonInterestIncome": "None", "otherNonOperatingIncome": "None", "depreciation": "None", "depreciationAndAmortization": "103000000", "incomeBeforeTax": "1334000000", "incomeTaxExpense": "426000000", "interestAndDebtExpense": "None", "netIncomeFromContinuingOperations": "908000000", "comprehensiveIncomeNetOfTax": "None", "ebit": "2208000000", "ebitda": "2311000000", "netIncome": "920000000"}, {"fiscalDateEnding": "2015-09-30", "reportedCurrency": "USD", "grossProfit": "5708000000", "totalRevenue": "5900000000", "costOfRevenue": "192000000", "costofGoodsAndServicesSold": "192000000", "operatingIncome": "-4000000", "sellingGeneralAndAdministrative": "1189000000", "researchAndDevelopment": "0", "operatingExpenses": "4656000000", "investmentIncomeNet": "None", "netInterestIncome": "None", "interestIncome": "None", "interestExpense": "404000000", "nonInterestIncome": "None", "otherNonOperatingIncome": "None", "depreciation": "None", "depreciationAndAmortization": "106000000", "incomeBeforeTax": "1648000000", "incomeTaxExpense": "530000000", "interestAndDebtExpense": "None", "netIncomeFromContinuingOperations": "1118000000", "comprehensiveIncomeNetOfTax": "None", "ebit": "2488000000", "ebitda": "2594000000", "netIncome": "1114000000"}, {"fiscalDateEnding": "2015-06-30", "reportedCurrency": "USD", "grossProfit": "5478000000", "totalRevenue": "5672000000", "costOfRevenue": "194000000", "costofGoodsAndServicesSold": "194000000", "operatingIncome": "11000000", "sellingGeneralAndAdministrative": "1360000000", "researchAndDevelopment": "0", "operatingExpenses": "4836000000", "investmentIncomeNet": "None", "netInterestIncome": "None", "interestIncome": "None", "interestExpense": "400000000", "nonInterestIncome": "None", "otherNonOperatingIncome": "None", "depreciation": "None", "depreciationAndAmortization": "111000000", "incomeBeforeTax": "1236000000", "incomeTaxExpense": "384000000", "interestAndDebtExpense": "None", "netIncomeFromContinuingOperations": "852000000", "comprehensiveIncomeNetOfTax": "None", "ebit": "2065000000", "ebitda": "2176000000", "netIncome": "863000000"}, {"fiscalDateEnding": "2015-03-31", "reportedCurrency": "USD", "grossProfit": "5454000000", "totalRevenue": "5647000000", "costOfRevenue": "193000000", "costofGoodsAndServicesSold": "193000000", "operatingIncome": "2000000", "sellingGeneralAndAdministrative": "1211000000", "researchAndDevelopment": "0", "operatingExpenses": "4382000000", "investmentIncomeNet": "None", "netInterestIncome": "None", "interestIncome": "None", "interestExpense": "398000000", "nonInterestIncome": "None", "otherNonOperatingIncome": "None", "depreciation": "None", "depreciationAndAmortization": "110000000", "incomeBeforeTax": "1663000000", "incomeTaxExpense": "529000000", "interestAndDebtExpense": "None", "netIncomeFromContinuingOperations": "1134000000", "comprehensiveIncomeNetOfTax": "None", "ebit": "2453000000", "ebitda": "2563000000", "netIncome": "1153000000"}, {"fiscalDateEnding": "2014-12-31", "reportedCurrency": "USD", "grossProfit": "5608000000", "totalRevenue": "5813000000", "costOfRevenue": "205000000", "costofGoodsAndServicesSold": "205000000", "operatingIncome": "5000000", "sellingGeneralAndAdministrative": "1179000000", "researchAndDevelopment": "0", "operatingExpenses": "4782000000", "investmentIncomeNet": "None", "netInterestIncome": "None", "interestIncome": "None", "interestExpense": "389000000", "nonInterestIncome": "None", "otherNonOperatingIncome": "None", "depreciation": "None", "depreciationAndAmortization": "123000000", "incomeBeforeTax": "1420000000", "incomeTaxExpense": "450000000", "interestAndDebtExpense": "None", "netIncomeFromContinuingOperations": "970000000", "comprehensiveIncomeNetOfTax": "None", "ebit": "2185000000", "ebitda": "2308000000", "netIncome": "999000000"}, {"fiscalDateEnding": "2014-09-30", "reportedCurrency": "USD", "grossProfit": "5431000000", "totalRevenue": "5639000000", "costOfRevenue": "208000000", "costofGoodsAndServicesSold": "208000000", "operatingIncome": "-44000000", "sellingGeneralAndAdministrative": "1128000000", "researchAndDevelopment": "0", "operatingExpenses": "4368000000", "investmentIncomeNet": "None", "netInterestIncome": "None", "interestIncome": "None", "interestExpense": "390000000", "nonInterestIncome": "None", "otherNonOperatingIncome": "None", "depreciation": "None", "depreciationAndAmortization": "130000000", "incomeBeforeTax": "1661000000", "incomeTaxExpense": "536000000", "interestAndDebtExpense": "None", "netIncomeFromContinuingOperations": "1125000000", "comprehensiveIncomeNetOfTax": "None", "ebit": "-174000000", "ebitda": "-44000000", "netIncome": "1081000000"}, {"fiscalDateEnding": "2014-06-30", "reportedCurrency": "USD", "grossProfit": "5256000000", "totalRevenue": "5468000000", "costOfRevenue": "212000000", "costofGoodsAndServicesSold": "212000000", "operatingIncome": "-10000000", "sellingGeneralAndAdministrative": "1125000000", "researchAndDevelopment": "0", "operatingExpenses": "4080000000", "investmentIncomeNet": "None", "netInterestIncome": "None", "interestIncome": "None", "interestExpense": "397000000", "nonInterestIncome": "None", "otherNonOperatingIncome": "None", "depreciation": "None", "depreciationAndAmortization": "136000000", "incomeBeforeTax": "1785000000", "incomeTaxExpense": "581000000", "interestAndDebtExpense": "None", "netIncomeFromContinuingOperations": "1204000000", "comprehensiveIncomeNetOfTax": "None", "ebit": "2539000000", "ebitda": "2675000000", "netIncome": "1194000000"}, {"fiscalDateEnding": "2014-03-31", "reportedCurrency": "USD", "grossProfit": "5158000000", "totalRevenue": "5370000000", "costOfRevenue": "212000000", "costofGoodsAndServicesSold": "212000000", "operatingIncome": "30000000", "sellingGeneralAndAdministrative": "1161000000", "researchAndDevelopment": "0", "operatingExpenses": "4070000000", "investmentIncomeNet": "None", "netInterestIncome": "None", "interestIncome": "None", "interestExpense": "403000000", "nonInterestIncome": "None", "otherNonOperatingIncome": "None", "depreciation": "None", "depreciationAndAmortization": "143000000", "incomeBeforeTax": "1703000000", "incomeTaxExpense": "579000000", "interestAndDebtExpense": "None", "netIncomeFromContinuingOperations": "1124000000", "comprehensiveIncomeNetOfTax": "None", "ebit": "2507000000", "ebitda": "2650000000", "netIncome": "1154000000"}, {"fiscalDateEnding": "2013-12-31", "reportedCurrency": "USD", "grossProfit": "5305000000", "totalRevenue": "5544000000", "costOfRevenue": "239000000", "costofGoodsAndServicesSold": "239000000", "operatingIncome": "-233000000", "sellingGeneralAndAdministrative": "1103000000", "researchAndDevelopment": "0", "operatingExpenses": "4608000000", "investmentIncomeNet": "None", "netInterestIncome": "None", "interestIncome": "None", "interestExpense": "416000000", "nonInterestIncome": "None", "otherNonOperatingIncome": "None", "depreciation": "None", "depreciationAndAmortization": "166000000", "incomeBeforeTax": "1307000000", "incomeTaxExpense": "425000000", "interestAndDebtExpense": "None", "netIncomeFromContinuingOperations": "882000000", "comprehensiveIncomeNetOfTax": "None", "ebit": "1952000000", "ebitda": "2118000000", "netIncome": "859000000"}, {"fiscalDateEnding": "2013-09-30", "reportedCurrency": "USD", "grossProfit": "5386000000", "totalRevenue": "5651000000", "costOfRevenue": "265000000", "costofGoodsAndServicesSold": "265000000", "operatingIncome": "-13000000", "sellingGeneralAndAdministrative": "1145000000", "researchAndDevelopment": "0", "operatingExpenses": "4396000000", "investmentIncomeNet": "None", "netInterestIncome": "None", "interestIncome": "None", "interestExpense": "438000000", "nonInterestIncome": "None", "otherNonOperatingIncome": "None", "depreciation": "None", "depreciationAndAmortization": "161000000", "incomeBeforeTax": "1655000000", "incomeTaxExpense": "525000000", "interestAndDebtExpense": "None", "netIncomeFromContinuingOperations": "1130000000", "comprehensiveIncomeNetOfTax": "None", "ebit": "2414000000", "ebitda": "2575000000", "netIncome": "1117000000"}, {"fiscalDateEnding": "2013-06-30", "reportedCurrency": "USD", "grossProfit": "5377000000", "totalRevenue": "5638000000", "costOfRevenue": "261000000", "costofGoodsAndServicesSold": "261000000", "operatingIncome": "-119000000", "sellingGeneralAndAdministrative": "1104000000", "researchAndDevelopment": "0", "operatingExpenses": "4237000000", "investmentIncomeNet": "None", "netInterestIncome": "None", "interestIncome": "None", "interestExpense": "457000000", "nonInterestIncome": "None", "otherNonOperatingIncome": "None", "depreciation": "None", "depreciationAndAmortization": "167000000", "incomeBeforeTax": "1817000000", "incomeTaxExpense": "581000000", "interestAndDebtExpense": "None", "netIncomeFromContinuingOperations": "1236000000", "comprehensiveIncomeNetOfTax": "None", "ebit": "2799000000", "ebitda": "2966000000", "netIncome": "1117000000"}, {"fiscalDateEnding": "2013-03-31", "reportedCurrency": "USD", "grossProfit": "5284000000", "totalRevenue": "5551000000", "costOfRevenue": "267000000", "costofGoodsAndServicesSold": "267000000", "operatingIncome": "-78000000", "sellingGeneralAndAdministrative": "1080000000", "researchAndDevelopment": "0", "operatingExpenses": "4357000000", "investmentIncomeNet": "None", "netInterestIncome": "None", "interestIncome": "None", "interestExpense": "481000000", "nonInterestIncome": "None", "otherNonOperatingIncome": "None", "depreciation": "None", "depreciationAndAmortization": "177000000", "incomeBeforeTax": "1638000000", "incomeTaxExpense": "494000000", "interestAndDebtExpense": "None", "netIncomeFromContinuingOperations": "1144000000", "comprehensiveIncomeNetOfTax": "None", "ebit": "2205000000", "ebitda": "2382000000", "netIncome": "1066000000"}, {"fiscalDateEnding": "2012-12-31", "reportedCurrency": "USD", "grossProfit": "3921000000", "totalRevenue": "5624000000", "costOfRevenue": "1703000000", "costofGoodsAndServicesSold": "1703000000", "operatingIncome": "-217000000", "sellingGeneralAndAdministrative": "1039000000", "researchAndDevelopment": "0", "operatingExpenses": "5111000000", "investmentIncomeNet": "None", "netInterestIncome": "None", "interestIncome": "None", "interestExpense": "587000000", "nonInterestIncome": "None", "otherNonOperatingIncome": "None", "depreciation": "None", "depreciationAndAmortization": "190000000", "incomeBeforeTax": "1218000000", "incomeTaxExpense": "370000000", "interestAndDebtExpense": "None", "netIncomeFromContinuingOperations": "0", "comprehensiveIncomeNetOfTax": "None", "ebit": "2215000000", "ebitda": "2405000000", "netIncome": "843000000"}, {"fiscalDateEnding": "2012-09-30", "reportedCurrency": "USD", "grossProfit": "5795000000", "totalRevenue": "5795000000", "costOfRevenue": "4382000000", "costofGoodsAndServicesSold": "4382000000", "operatingIncome": "-10000000", "sellingGeneralAndAdministrative": "1200000000", "researchAndDevelopment": "0", "operatingExpenses": "4619000000", "investmentIncomeNet": "None", "netInterestIncome": "None", "interestIncome": "None", "interestExpense": "608000000", "nonInterestIncome": "None", "otherNonOperatingIncome": "None", "depreciation": "None", "depreciationAndAmortization": "565000000", "incomeBeforeTax": "1723000000", "incomeTaxExpense": "535000000", "interestAndDebtExpense": "None", "netIncomeFromContinuingOperations": "0", "comprehensiveIncomeNetOfTax": "None", "ebit": "2321000000", "ebitda": "2886000000", "netIncome": "1178000000"}, {"fiscalDateEnding": "2012-06-30", "reportedCurrency": "USD", "grossProfit": "5055000000", "totalRevenue": "5068000000", "costOfRevenue": "13000000", "costofGoodsAndServicesSold": "13000000", "operatingIncome": "-100000000", "sellingGeneralAndAdministrative": "1174000000", "researchAndDevelopment": "0", "operatingExpenses": "5301000000", "investmentIncomeNet": "None", "netInterestIncome": "None", "interestIncome": "None", "interestExpense": "615000000", "nonInterestIncome": "None", "otherNonOperatingIncome": "None", "depreciation": "None", "depreciationAndAmortization": "458000000", "incomeBeforeTax": "236000000", "incomeTaxExpense": "43000000", "interestAndDebtExpense": "None", "netIncomeFromContinuingOperations": "0", "comprehensiveIncomeNetOfTax": "None", "ebit": "-558000000", "ebitda": "-100000000", "netIncome": "93000000"}, {"fiscalDateEnding": "2012-03-31", "reportedCurrency": "USD", "grossProfit": "4935000000", "totalRevenue": "4949000000", "costOfRevenue": "14000000", "costofGoodsAndServicesSold": "14000000", "operatingIncome": "-102000000", "sellingGeneralAndAdministrative": "1064000000", "researchAndDevelopment": "0", "operatingExpenses": "3556000000", "investmentIncomeNet": "None", "netInterestIncome": "None", "interestIncome": "None", "interestExpense": "565000000", "nonInterestIncome": "None", "otherNonOperatingIncome": "None", "depreciation": "None", "depreciationAndAmortization": "234000000", "incomeBeforeTax": "1858000000", "incomeTaxExpense": "353000000", "interestAndDebtExpense": "None", "netIncomeFromContinuingOperations": "0", "comprehensiveIncomeNetOfTax": "None", "ebit": "2321000000", "ebitda": "2555000000", "netIncome": "1403000000"}, {"fiscalDateEnding": "2011-12-31", "reportedCurrency": "USD", "grossProfit": "4035000000", "totalRevenue": "4035000000", "costOfRevenue": "-21000000", "costofGoodsAndServicesSold": "-21000000", "operatingIncome": "-106000000", "sellingGeneralAndAdministrative": "852000000", "researchAndDevelopment": "0", "operatingExpenses": "3749000000", "investmentIncomeNet": "None", "netInterestIncome": "None", "interestIncome": "None", "interestExpense": "519000000", "nonInterestIncome": "None", "otherNonOperatingIncome": "None", "depreciation": "None", "depreciationAndAmortization": "176000000", "incomeBeforeTax": "571000000", "incomeTaxExpense": "160000000", "interestAndDebtExpense": "None", "netIncomeFromContinuingOperations": "0", "comprehensiveIncomeNetOfTax": "None", "ebit": "1086000000", "ebitda": "1262000000", "netIncome": "407000000"}, {"fiscalDateEnding": "2011-09-30", "reportedCurrency": "USD", "grossProfit": "4160000000", "totalRevenue": "4160000000", "costOfRevenue": "3212000000", "costofGoodsAndServicesSold": "3212000000", "operatingIncome": "-52000000", "sellingGeneralAndAdministrative": "928000000", "researchAndDevelopment": "0", "operatingExpenses": "3453000000", "investmentIncomeNet": "None", "netInterestIncome": "None", "interestIncome": "None", "interestExpense": "552000000", "nonInterestIncome": "None", "otherNonOperatingIncome": "None", "depreciation": "None", "depreciationAndAmortization": "125000000", "incomeBeforeTax": "1235000000", "incomeTaxExpense": "370000000", "interestAndDebtExpense": "None", "netIncomeFromContinuingOperations": "865000000", "comprehensiveIncomeNetOfTax": "None", "ebit": "1735000000", "ebitda": "1860000000", "netIncome": "813000000"}, {"fiscalDateEnding": "2011-06-30", "reportedCurrency": "USD", "grossProfit": "3999000000", "totalRevenue": "3999000000", "costOfRevenue": "2905000000", "costofGoodsAndServicesSold": "2905000000", "operatingIncome": "-34000000", "sellingGeneralAndAdministrative": "877000000", "researchAndDevelopment": "0", "operatingExpenses": "3161000000", "investmentIncomeNet": "None", "netInterestIncome": "None", "interestIncome": "None", "interestExpense": "563000000", "nonInterestIncome": "None", "otherNonOperatingIncome": "None", "depreciation": "None", "depreciationAndAmortization": "132000000", "incomeBeforeTax": "1395000000", "incomeTaxExpense": "450000000", "interestAndDebtExpense": "None", "netIncomeFromContinuingOperations": "945000000", "comprehensiveIncomeNetOfTax": "None", "ebit": "1924000000", "ebitda": "2056000000", "netIncome": "911000000"}, {"fiscalDateEnding": "2011-03-31", "reportedCurrency": "USD", "grossProfit": "4085000000", "totalRevenue": "4085000000", "costOfRevenue": "3016000000", "costofGoodsAndServicesSold": "3016000000", "operatingIncome": "-16000000", "sellingGeneralAndAdministrative": "905000000", "researchAndDevelopment": "0", "operatingExpenses": "3308000000", "investmentIncomeNet": "None", "netInterestIncome": "None", "interestIncome": "None", "interestExpense": "612000000", "nonInterestIncome": "None", "otherNonOperatingIncome": "None", "depreciation": "None", "depreciationAndAmortization": "167000000", "incomeBeforeTax": "1386000000", "incomeTaxExpense": "354000000", "interestAndDebtExpense": "None", "netIncomeFromContinuingOperations": "1032000000", "comprehensiveIncomeNetOfTax": "None", "ebit": "1982000000", "ebitda": "2149000000", "netIncome": "1016000000"}, {"fiscalDateEnding": "2010-12-31", "reportedCurrency": "USD", "grossProfit": "3900000000", "totalRevenue": "3900000000", "costOfRevenue": "-65000000", "costofGoodsAndServicesSold": "-65000000", "operatingIncome": "-307000000", "sellingGeneralAndAdministrative": "665000000", "researchAndDevelopment": "0", "operatingExpenses": "3279000000", "investmentIncomeNet": "None", "netInterestIncome": "None", "interestIncome": "None", "interestExpense": "651000000", "nonInterestIncome": "None", "otherNonOperatingIncome": "None", "depreciation": "None", "depreciationAndAmortization": "160000000", "incomeBeforeTax": "1033000000", "incomeTaxExpense": "332000000", "interestAndDebtExpense": "None", "netIncomeFromContinuingOperations": "0", "comprehensiveIncomeNetOfTax": "None", "ebit": "1680000000", "ebitda": "1840000000", "netIncome": "697000000"}, {"fiscalDateEnding": "2010-09-30", "reportedCurrency": "USD", "grossProfit": "4017000000", "totalRevenue": "4017000000", "costOfRevenue": "-4000000", "costofGoodsAndServicesSold": "-4000000", "operatingIncome": "818000000", "sellingGeneralAndAdministrative": "819000000", "researchAndDevelopment": "0", "operatingExpenses": "3569000000", "investmentIncomeNet": "None", "netInterestIncome": "None", "interestIncome": "None", "interestExpense": "706000000", "nonInterestIncome": "None", "otherNonOperatingIncome": "None", "depreciation": "None", "depreciationAndAmortization": "106000000", "incomeBeforeTax": "1153000000", "incomeTaxExpense": "335000000", "interestAndDebtExpense": "None", "netIncomeFromContinuingOperations": "0", "comprehensiveIncomeNetOfTax": "None", "ebit": "1844000000", "ebitda": "1950000000", "netIncome": "803000000"}, {"fiscalDateEnding": "2010-06-30", "reportedCurrency": "USD", "grossProfit": "3930000000", "totalRevenue": "3930000000", "costOfRevenue": "3068069000", "costofGoodsAndServicesSold": "3068069000", "operatingIncome": "812000000", "sellingGeneralAndAdministrative": "814000000", "researchAndDevelopment": "0", "operatingExpenses": "3461000000", "investmentIncomeNet": "None", "netInterestIncome": "None", "interestIncome": "None", "interestExpense": "738000000", "nonInterestIncome": "None", "otherNonOperatingIncome": "None", "depreciation": "None", "depreciationAndAmortization": "168484000", "incomeBeforeTax": "1181000000", "incomeTaxExpense": "369000000", "interestAndDebtExpense": "None", "netIncomeFromContinuingOperations": "0", "comprehensiveIncomeNetOfTax": "None", "ebit": "1715000000", "ebitda": "1883484000", "netIncome": "608000000"}, {"fiscalDateEnding": "2010-03-31", "reportedCurrency": "USD", "grossProfit": "4320867000", "totalRevenue": "4320867000", "costOfRevenue": "3707831000", "costofGoodsAndServicesSold": "3707831000", "operatingIncome": "1682298000", "sellingGeneralAndAdministrative": "815763000", "researchAndDevelopment": "0", "operatingExpenses": "4127000000", "investmentIncomeNet": "None", "netInterestIncome": "None", "interestIncome": "None", "interestExpense": "801676000", "nonInterestIncome": "None", "otherNonOperatingIncome": "None", "depreciation": "None", "depreciationAndAmortization": "147516000", "incomeBeforeTax": "963810000", "incomeTaxExpense": "244359000", "interestAndDebtExpense": "None", "netIncomeFromContinuingOperations": "0", "comprehensiveIncomeNetOfTax": "None", "ebit": "1682298000", "ebitda": "1829814000", "netIncome": "636263000"}, {"fiscalDateEnding": "2009-12-31", "reportedCurrency": "USD", "grossProfit": "3303282000", "totalRevenue": "3303282000", "costOfRevenue": "-31951000", "costofGoodsAndServicesSold": "-31951000", "operatingIncome": "-102836000", "sellingGeneralAndAdministrative": "571550000", "researchAndDevelopment": "0", "operatingExpenses": "3400000000", "investmentIncomeNet": "None", "netInterestIncome": "None", "interestIncome": "None", "interestExpense": "640874000", "nonInterestIncome": "None", "otherNonOperatingIncome": "None", "depreciation": "None", "depreciationAndAmortization": "96729000", "incomeBeforeTax": "533350000", "incomeTaxExpense": "159239000", "interestAndDebtExpense": "None", "netIncomeFromContinuingOperations": "0", "comprehensiveIncomeNetOfTax": "None", "ebit": "1145931000", "ebitda": "1242660000", "netIncome": "345818000"}, {"fiscalDateEnding": "2009-09-30", "reportedCurrency": "USD", "grossProfit": "3614233000", "totalRevenue": "3614233000", "costOfRevenue": "3417387000", "costofGoodsAndServicesSold": "3417387000", "operatingIncome": "-43587000", "sellingGeneralAndAdministrative": "823755000", "researchAndDevelopment": "0", "operatingExpenses": "3646000000", "investmentIncomeNet": "None", "netInterestIncome": "None", "interestIncome": "None", "interestExpense": "697070000", "nonInterestIncome": "None", "otherNonOperatingIncome": "None", "depreciation": "None", "depreciationAndAmortization": "204288000", "incomeBeforeTax": "627417000", "incomeTaxExpense": "158191000", "interestAndDebtExpense": "None", "netIncomeFromContinuingOperations": "0", "comprehensiveIncomeNetOfTax": "None", "ebit": "-247875000", "ebitda": "-43587000", "netIncome": "425639000"}, {"fiscalDateEnding": "2009-06-30", "reportedCurrency": "USD", "grossProfit": "3178273000", "totalRevenue": "3178273000", "costOfRevenue": "-10031000", "costofGoodsAndServicesSold": "-10031000", "operatingIncome": "230201000", "sellingGeneralAndAdministrative": "828397000", "researchAndDevelopment": "0", "operatingExpenses": "3585000000", "investmentIncomeNet": "None", "netInterestIncome": "None", "interestIncome": "None", "interestExpense": "768049000", "nonInterestIncome": "None", "otherNonOperatingIncome": "None", "depreciation": "None", "depreciationAndAmortization": "230308000", "incomeBeforeTax": "322479000", "incomeTaxExpense": "92278000", "interestAndDebtExpense": "None", "netIncomeFromContinuingOperations": "0", "comprehensiveIncomeNetOfTax": "None", "ebit": "1084530000", "ebitda": "1314838000", "netIncome": "224203000"}, {"fiscalDateEnding": "2009-03-31", "reportedCurrency": "USD", "grossProfit": "2877085000", "totalRevenue": "2877085000", "costOfRevenue": "3610591000", "costofGoodsAndServicesSold": "3610591000", "operatingIncome": "-86921000", "sellingGeneralAndAdministrative": "753535000", "researchAndDevelopment": "0", "operatingExpenses": "3864000000", "investmentIncomeNet": "None", "netInterestIncome": "None", "interestIncome": "None", "interestExpense": "861477000", "nonInterestIncome": "None", "otherNonOperatingIncome": "None", "depreciation": "None", "depreciationAndAmortization": "151278000", "incomeBeforeTax": "-147144000", "incomeTaxExpense": "-60223000", "interestAndDebtExpense": "None", "netIncomeFromContinuingOperations": "0", "comprehensiveIncomeNetOfTax": "None", "ebit": "689375000", "ebitda": "840653000", "netIncome": "-111879000"}, {"fiscalDateEnding": "2008-12-31", "reportedCurrency": "USD", "grossProfit": "3116823000", "totalRevenue": "3116823000", "costOfRevenue": "-53860000", "costofGoodsAndServicesSold": "-53860000", "operatingIncome": "-130515000", "sellingGeneralAndAdministrative": "1093886000", "researchAndDevelopment": "0", "operatingExpenses": "5771000000", "investmentIncomeNet": "None", "netInterestIncome": "None", "interestIncome": "None", "interestExpense": "966424000", "nonInterestIncome": "None", "otherNonOperatingIncome": "None", "depreciation": "None", "depreciationAndAmortization": "154994000", "incomeBeforeTax": "-1686181000", "incomeTaxExpense": "-289856000", "interestAndDebtExpense": "None", "netIncomeFromContinuingOperations": "0", "comprehensiveIncomeNetOfTax": "None", "ebit": "-846424000", "ebitda": "-691430000", "netIncome": "-1421546000"}, {"fiscalDateEnding": "2008-09-30", "reportedCurrency": "USD", "grossProfit": "3503536000", "totalRevenue": "3503536000", "costOfRevenue": "3502836000", "costofGoodsAndServicesSold": "3502836000", "operatingIncome": "-11650000", "sellingGeneralAndAdministrative": "571686000", "researchAndDevelopment": "0", "operatingExpenses": "3854000000", "investmentIncomeNet": "None", "netInterestIncome": "None", "interestIncome": "None", "interestExpense": "965151000", "nonInterestIncome": "None", "otherNonOperatingIncome": "None", "depreciation": "None", "depreciationAndAmortization": "175303000", "incomeBeforeTax": "599413000", "incomeTaxExpense": "213624000", "interestAndDebtExpense": "None", "netIncomeFromContinuingOperations": "0", "comprehensiveIncomeNetOfTax": "None", "ebit": "1552914000", "ebitda": "1728217000", "netIncome": "374139000"}, {"fiscalDateEnding": "2008-06-30", "reportedCurrency": "USD", "grossProfit": "3350072000", "totalRevenue": "3350072000", "costOfRevenue": "3200347000", "costofGoodsAndServicesSold": "3200347000", "operatingIncome": "-9593000", "sellingGeneralAndAdministrative": "578572000", "researchAndDevelopment": "0", "operatingExpenses": "3599000000", "investmentIncomeNet": "None", "netInterestIncome": "None", "interestIncome": "None", "interestExpense": "964101000", "nonInterestIncome": "None", "otherNonOperatingIncome": "None", "depreciation": "None", "depreciationAndAmortization": "175626000", "incomeBeforeTax": "701341000", "incomeTaxExpense": "238843000", "interestAndDebtExpense": "None", "netIncomeFromContinuingOperations": "0", "comprehensiveIncomeNetOfTax": "None", "ebit": "1655849000", "ebitda": "1831475000", "netIncome": "452905000"}, {"fiscalDateEnding": "2008-03-31", "reportedCurrency": "USD", "grossProfit": "3868395000", "totalRevenue": "3868395000", "costOfRevenue": "3520979000", "costofGoodsAndServicesSold": "3520979000", "operatingIncome": "-84051000", "sellingGeneralAndAdministrative": "611280000", "researchAndDevelopment": "0", "operatingExpenses": "3916000000", "investmentIncomeNet": "None", "netInterestIncome": "None", "interestIncome": "None", "interestExpense": "1067608000", "nonInterestIncome": "None", "otherNonOperatingIncome": "None", "depreciation": "None", "depreciationAndAmortization": "185507000", "incomeBeforeTax": "967046000", "incomeTaxExpense": "334491000", "interestAndDebtExpense": "None", "netIncomeFromContinuingOperations": "0", "comprehensiveIncomeNetOfTax": "None", "ebit": "1950603000", "ebitda": "2136110000", "netIncome": "548504000"}, {"fiscalDateEnding": "2007-12-31", "reportedCurrency": "USD", "grossProfit": "3815343000", "totalRevenue": "3815343000", "costOfRevenue": "-105244000", "costofGoodsAndServicesSold": "-105244000", "operatingIncome": "-1021387000", "sellingGeneralAndAdministrative": "1153339000", "researchAndDevelopment": "0", "operatingExpenses": "4600000000", "investmentIncomeNet": "None", "netInterestIncome": "None", "interestIncome": "None", "interestExpense": "1197947000", "nonInterestIncome": "None", "otherNonOperatingIncome": "None", "depreciation": "None", "depreciationAndAmortization": "196162000", "incomeBeforeTax": "491170000", "incomeTaxExpense": "169558000", "interestAndDebtExpense": "None", "netIncomeFromContinuingOperations": "0", "comprehensiveIncomeNetOfTax": "None", "ebit": "1594073000", "ebitda": "1790235000", "netIncome": "226568000"}, {"fiscalDateEnding": "2007-09-30", "reportedCurrency": "USD", "grossProfit": "3774136000", "totalRevenue": "3774136000", "costOfRevenue": "3220192000", "costofGoodsAndServicesSold": "3220192000", "operatingIncome": "-898029000", "sellingGeneralAndAdministrative": "627358000", "researchAndDevelopment": "0", "operatingExpenses": "3653000000", "investmentIncomeNet": "None", "netInterestIncome": "None", "interestIncome": "None", "interestExpense": "1142493000", "nonInterestIncome": "None", "otherNonOperatingIncome": "None", "depreciation": "None", "depreciationAndAmortization": "152739000", "incomeBeforeTax": "1244381000", "incomeTaxExpense": "428010000", "interestAndDebtExpense": "None", "netIncomeFromContinuingOperations": "0", "comprehensiveIncomeNetOfTax": "None", "ebit": "1488845000", "ebitda": "1641584000", "netIncome": "-81658000"}, {"fiscalDateEnding": "2007-06-30", "reportedCurrency": "USD", "grossProfit": "3566259000", "totalRevenue": "3566259000", "costOfRevenue": "3025477000", "costofGoodsAndServicesSold": "3025477000", "operatingIncome": "2205338000", "sellingGeneralAndAdministrative": "713242000", "researchAndDevelopment": "0", "operatingExpenses": "3440000000", "investmentIncomeNet": "None", "netInterestIncome": "None", "interestIncome": "None", "interestExpense": "1152967000", "nonInterestIncome": "None", "otherNonOperatingIncome": "None", "depreciation": "None", "depreciationAndAmortization": "162173000", "incomeBeforeTax": "1052371000", "incomeTaxExpense": "301999000", "interestAndDebtExpense": "None", "netIncomeFromContinuingOperations": "0", "comprehensiveIncomeNetOfTax": "None", "ebit": "2205338000", "ebitda": "2367511000", "netIncome": "750372000"}, {"fiscalDateEnding": "2007-03-31", "reportedCurrency": "USD", "grossProfit": "3433371000", "totalRevenue": "3433371000", "costOfRevenue": "3039975000", "costofGoodsAndServicesSold": "3039975000", "operatingIncome": "2203092000", "sellingGeneralAndAdministrative": "724259000", "researchAndDevelopment": "0", "operatingExpenses": "3432000000", "investmentIncomeNet": "None", "netInterestIncome": "None", "interestIncome": "None", "interestExpense": "1165167000", "nonInterestIncome": "None", "otherNonOperatingIncome": "None", "depreciation": "None", "depreciationAndAmortization": "167683000", "incomeBeforeTax": "1037925000", "incomeTaxExpense": "362875000", "interestAndDebtExpense": "None", "netIncomeFromContinuingOperations": "0", "comprehensiveIncomeNetOfTax": "None", "ebit": "2203092000", "ebitda": "2370775000", "netIncome": "675050000"}, {"fiscalDateEnding": "2006-12-31", "reportedCurrency": "USD", "grossProfit": "3068339000", "totalRevenue": "3068339000", "costOfRevenue": "2918308000", "costofGoodsAndServicesSold": "2918308000", "operatingIncome": "1521257000", "sellingGeneralAndAdministrative": "1093035000", "researchAndDevelopment": "0", "operatingExpenses": "3407000000", "investmentIncomeNet": "None", "netInterestIncome": "None", "interestIncome": "None", "interestExpense": "952263000", "nonInterestIncome": "None", "otherNonOperatingIncome": "None", "depreciation": "None", "depreciationAndAmortization": "159122000", "incomeBeforeTax": "568994000", "incomeTaxExpense": "178266000", "interestAndDebtExpense": "None", "netIncomeFromContinuingOperations": "0", "comprehensiveIncomeNetOfTax": "None", "ebit": "1521257000", "ebitda": "1680379000", "netIncome": "390728000"}, {"fiscalDateEnding": "2006-09-30", "reportedCurrency": "USD", "grossProfit": "3055900000", "totalRevenue": "3055900000", "costOfRevenue": "2471018000", "costofGoodsAndServicesSold": "2471018000", "operatingIncome": "1669261000", "sellingGeneralAndAdministrative": "554504000", "researchAndDevelopment": "0", "operatingExpenses": "2928000000", "investmentIncomeNet": "None", "netInterestIncome": "None", "interestIncome": "None", "interestExpense": "770556000", "nonInterestIncome": "None", "otherNonOperatingIncome": "None", "depreciation": "None", "depreciationAndAmortization": "128748000", "incomeBeforeTax": "898705000", "incomeTaxExpense": "310866000", "interestAndDebtExpense": "None", "netIncomeFromContinuingOperations": "0", "comprehensiveIncomeNetOfTax": "None", "ebit": "1669261000", "ebitda": "1798009000", "netIncome": "587839000"}, {"fiscalDateEnding": "2006-06-30", "reportedCurrency": "USD", "grossProfit": "2906995000", "totalRevenue": "2906995000", "costOfRevenue": "2330348000", "costofGoodsAndServicesSold": "2330348000", "operatingIncome": "1563728000", "sellingGeneralAndAdministrative": "536465000", "researchAndDevelopment": "0", "operatingExpenses": "2743000000", "investmentIncomeNet": "None", "netInterestIncome": "None", "interestIncome": "None", "interestExpense": "700075000", "nonInterestIncome": "None", "otherNonOperatingIncome": "None", "depreciation": "None", "depreciationAndAmortization": "129226000", "incomeBeforeTax": "863653000", "incomeTaxExpense": "311066000", "interestAndDebtExpense": "None", "netIncomeFromContinuingOperations": "0", "comprehensiveIncomeNetOfTax": "None", "ebit": "1563728000", "ebitda": "1692954000", "netIncome": "552587000"}, {"fiscalDateEnding": "2006-03-31", "reportedCurrency": "USD", "grossProfit": "3065128000", "totalRevenue": "3065128000", "costOfRevenue": "2022364000", "costofGoodsAndServicesSold": "2022364000", "operatingIncome": "1993084000", "sellingGeneralAndAdministrative": "516144000", "researchAndDevelopment": "0", "operatingExpenses": "2415000000", "investmentIncomeNet": "None", "netInterestIncome": "None", "interestIncome": "None", "interestExpense": "671705000", "nonInterestIncome": "None", "otherNonOperatingIncome": "None", "depreciation": "None", "depreciationAndAmortization": "124994000", "incomeBeforeTax": "1321379000", "incomeTaxExpense": "438040000", "interestAndDebtExpense": "None", "netIncomeFromContinuingOperations": "0", "comprehensiveIncomeNetOfTax": "None", "ebit": "1993084000", "ebitda": "2118078000", "netIncome": "883339000"}, {"fiscalDateEnding": "2005-12-31", "reportedCurrency": "USD", "grossProfit": "2702513000", "totalRevenue": "2702513000", "costOfRevenue": "2431020000", "costofGoodsAndServicesSold": "2431020000", "operatingIncome": "-8439863000", "sellingGeneralAndAdministrative": "459788000", "researchAndDevelopment": "0", "operatingExpenses": "2852000000", "investmentIncomeNet": "None", "netInterestIncome": "None", "interestIncome": "None", "interestExpense": "597099000", "nonInterestIncome": "None", "otherNonOperatingIncome": "None", "depreciation": "None", "depreciationAndAmortization": "119103000", "incomeBeforeTax": "447653000", "incomeTaxExpense": "167335000", "interestAndDebtExpense": "None", "netIncomeFromContinuingOperations": "0", "comprehensiveIncomeNetOfTax": "None", "ebit": "1044752000", "ebitda": "1163855000", "netIncome": "280318000"}, {"fiscalDateEnding": "2005-09-30", "reportedCurrency": "USD", "grossProfit": "2504835000", "totalRevenue": "2504835000", "costOfRevenue": "1796295000", "costofGoodsAndServicesSold": "1796295000", "operatingIncome": "1259426000", "sellingGeneralAndAdministrative": "414348000", "researchAndDevelopment": "0", "operatingExpenses": "2234000000", "investmentIncomeNet": "None", "netInterestIncome": "None", "interestIncome": "None", "interestExpense": "494396000", "nonInterestIncome": "None", "otherNonOperatingIncome": "None", "depreciation": "None", "depreciationAndAmortization": "110021000", "incomeBeforeTax": "765030000", "incomeTaxExpense": "273881000", "interestAndDebtExpense": "None", "netIncomeFromContinuingOperations": "0", "comprehensiveIncomeNetOfTax": "None", "ebit": "1259426000", "ebitda": "1369447000", "netIncome": "491149000"}, {"fiscalDateEnding": "2005-06-30", "reportedCurrency": "USD", "grossProfit": "2454499000", "totalRevenue": "2454499000", "costOfRevenue": "1799994000", "costofGoodsAndServicesSold": "1799994000", "operatingIncome": "1306679000", "sellingGeneralAndAdministrative": "442101000", "researchAndDevelopment": "0", "operatingExpenses": "2107000000", "investmentIncomeNet": "None", "netInterestIncome": "None", "interestIncome": "None", "interestExpense": "479397000", "nonInterestIncome": "None", "otherNonOperatingIncome": "None", "depreciation": "None", "depreciationAndAmortization": "106661000", "incomeBeforeTax": "827282000", "incomeTaxExpense": "296164000", "interestAndDebtExpense": "None", "netIncomeFromContinuingOperations": "0", "comprehensiveIncomeNetOfTax": "None", "ebit": "1306679000", "ebitda": "1413340000", "netIncome": "531118000"}, {"fiscalDateEnding": "2005-03-31", "reportedCurrency": "USD", "grossProfit": "2376500000", "totalRevenue": "2376500000", "costOfRevenue": "1780433000", "costofGoodsAndServicesSold": "1780433000", "operatingIncome": "1264784000", "sellingGeneralAndAdministrative": "433501000", "researchAndDevelopment": "0", "operatingExpenses": "2063000000", "investmentIncomeNet": "None", "netInterestIncome": "None", "interestIncome": "None", "interestExpense": "475747000", "nonInterestIncome": "None", "otherNonOperatingIncome": "None", "depreciation": "None", "depreciationAndAmortization": "89855000", "incomeBeforeTax": "789037000", "incomeTaxExpense": "282475000", "interestAndDebtExpense": "None", "netIncomeFromContinuingOperations": "0", "comprehensiveIncomeNetOfTax": "None", "ebit": "1264784000", "ebitda": "1354639000", "netIncome": "506562000"}, {"fiscalDateEnding": "2004-12-31", "reportedCurrency": "USD", "grossProfit": "2306139000", "totalRevenue": "2306139000", "costOfRevenue": "2199893000", "costofGoodsAndServicesSold": "2199893000", "operatingIncome": "747245000", "sellingGeneralAndAdministrative": "382646000", "researchAndDevelopment": "0", "operatingExpenses": "-1558894000", "investmentIncomeNet": "None", "netInterestIncome": "None", "interestIncome": "None", "interestExpense": "464766000", "nonInterestIncome": "None", "otherNonOperatingIncome": "None", "depreciation": "None", "depreciationAndAmortization": "91473000", "incomeBeforeTax": "282479000", "incomeTaxExpense": "87351000", "interestAndDebtExpense": "None", "netIncomeFromContinuingOperations": "0", "comprehensiveIncomeNetOfTax": "None", "ebit": "747245000", "ebitda": "838718000", "netIncome": "195128000"}]}