{"symbol": "DFS", "annualReports": [{"fiscalDateEnding": "2024-12-31", "reportedCurrency": "USD", "grossProfit": "12999000000", "totalRevenue": "17910000000", "costOfRevenue": "4911000000", "costofGoodsAndServicesSold": "4911000000", "operatingIncome": "17676000000", "sellingGeneralAndAdministrative": "1274000000", "researchAndDevelopment": "None", "operatingExpenses": "2344000000", "investmentIncomeNet": "None", "netInterestIncome": "14296000000", "interestIncome": "20020000000", "interestExpense": "5724000000", "nonInterestIncome": "None", "otherNonOperatingIncome": "None", "depreciation": "None", "depreciationAndAmortization": "300000000", "incomeBeforeTax": "6074000000", "incomeTaxExpense": "1539000000", "interestAndDebtExpense": "None", "netIncomeFromContinuingOperations": "4535000000", "comprehensiveIncomeNetOfTax": "None", "ebit": "None", "ebitda": "None", "netIncome": "4535000000"}, {"fiscalDateEnding": "2023-12-31", "reportedCurrency": "USD", "grossProfit": "5030000000", "totalRevenue": "15794000000", "costOfRevenue": "10764000000", "costofGoodsAndServicesSold": "10764000000", "operatingIncome": "5114000000", "sellingGeneralAndAdministrative": "2434000000", "researchAndDevelopment": "None", "operatingExpenses": "4728000000", "investmentIncomeNet": "None", "netInterestIncome": "12698000000", "interestIncome": "16833000000", "interestExpense": "4746000000", "nonInterestIncome": "None", "otherNonOperatingIncome": "None", "depreciation": "None", "depreciationAndAmortization": "187000000", "incomeBeforeTax": "3826000000", "incomeTaxExpense": "886000000", "interestAndDebtExpense": "None", "netIncomeFromContinuingOperations": "3595000000", "comprehensiveIncomeNetOfTax": "None", "ebit": "3826000000", "ebitda": "4013000000", "netIncome": "2940000000"}, {"fiscalDateEnding": "2022-12-31", "reportedCurrency": "USD", "grossProfit": "13337000000", "totalRevenue": "13337000000", "costOfRevenue": "None", "costofGoodsAndServicesSold": "None", "operatingIncome": "7607000000", "sellingGeneralAndAdministrative": "2139000000", "researchAndDevelopment": "None", "operatingExpenses": "1906000000", "investmentIncomeNet": "None", "netInterestIncome": "10999000000", "interestIncome": "12864000000", "interestExpense": "1865000000", "nonInterestIncome": "None", "otherNonOperatingIncome": "None", "depreciation": "None", "depreciationAndAmortization": "194000000", "incomeBeforeTax": "5742000000", "incomeTaxExpense": "1350000000", "interestAndDebtExpense": "None", "netIncomeFromContinuingOperations": "4392000000", "comprehensiveIncomeNetOfTax": "None", "ebit": "6085000000", "ebitda": "6279000000", "netIncome": "4374000000"}, {"fiscalDateEnding": "2021-12-31", "reportedCurrency": "USD", "grossProfit": "12087000000", "totalRevenue": "12087000000", "costOfRevenue": "None", "costofGoodsAndServicesSold": "None", "operatingIncome": "7064000000", "sellingGeneralAndAdministrative": "1986000000", "researchAndDevelopment": "None", "operatingExpenses": "-5023000000", "investmentIncomeNet": "None", "netInterestIncome": "9517000000", "interestIncome": "10651000000", "interestExpense": "1134000000", "nonInterestIncome": "None", "otherNonOperatingIncome": "None", "depreciation": "None", "depreciationAndAmortization": "189000000", "incomeBeforeTax": "7064000000", "incomeTaxExpense": "1615000000", "interestAndDebtExpense": "None", "netIncomeFromContinuingOperations": "5449000000", "comprehensiveIncomeNetOfTax": "None", "ebit": "7406000000", "ebitda": "7595000000", "netIncome": "5422000000"}, {"fiscalDateEnding": "2020-12-31", "reportedCurrency": "USD", "grossProfit": "11088000000", "totalRevenue": "11088000000", "costOfRevenue": "None", "costofGoodsAndServicesSold": "None", "operatingIncome": "1435000000", "sellingGeneralAndAdministrative": "1894000000", "researchAndDevelopment": "None", "operatingExpenses": "1957000000", "investmentIncomeNet": "None", "netInterestIncome": "9230000000", "interestIncome": "11095000000", "interestExpense": "1865000000", "nonInterestIncome": "None", "otherNonOperatingIncome": "None", "depreciation": "None", "depreciationAndAmortization": "198000000", "incomeBeforeTax": "1435000000", "incomeTaxExpense": "294000000", "interestAndDebtExpense": "None", "netIncomeFromContinuingOperations": "1141000000", "comprehensiveIncomeNetOfTax": "None", "ebit": "1722000000", "ebitda": "1920000000", "netIncome": "1141000000"}, {"fiscalDateEnding": "2019-12-31", "reportedCurrency": "USD", "grossProfit": "11459000000", "totalRevenue": "11459000000", "costOfRevenue": "409000000", "costofGoodsAndServicesSold": "409000000", "operatingIncome": "3835000000", "sellingGeneralAndAdministrative": "1738000000", "researchAndDevelopment": "None", "operatingExpenses": "2118000000", "investmentIncomeNet": "None", "netInterestIncome": "9463000000", "interestIncome": "11993000000", "interestExpense": "2530000000", "nonInterestIncome": "None", "otherNonOperatingIncome": "None", "depreciation": "None", "depreciationAndAmortization": "164000000", "incomeBeforeTax": "3835000000", "incomeTaxExpense": "878000000", "interestAndDebtExpense": "None", "netIncomeFromContinuingOperations": "2957000000", "comprehensiveIncomeNetOfTax": "None", "ebit": "4107000000", "ebitda": "4271000000", "netIncome": "2957000000"}, {"fiscalDateEnding": "2018-12-31", "reportedCurrency": "USD", "grossProfit": "10709000000", "totalRevenue": "10709000000", "costOfRevenue": "350000000", "costofGoodsAndServicesSold": "350000000", "operatingIncome": "5736000000", "sellingGeneralAndAdministrative": "1627000000", "researchAndDevelopment": "0", "operatingExpenses": "9251000000", "investmentIncomeNet": "None", "netInterestIncome": "8754000000", "interestIncome": "10893000000", "interestExpense": "2139000000", "nonInterestIncome": "None", "otherNonOperatingIncome": "None", "depreciation": "None", "depreciationAndAmortization": "142000000", "incomeBeforeTax": "3597000000", "incomeTaxExpense": "855000000", "interestAndDebtExpense": "None", "netIncomeFromContinuingOperations": "2742000000", "comprehensiveIncomeNetOfTax": "None", "ebit": "3890000000", "ebitda": "4032000000", "netIncome": "2742000000"}, {"fiscalDateEnding": "2017-12-31", "reportedCurrency": "USD", "grossProfit": "9897000000", "totalRevenue": "9897000000", "costOfRevenue": "315000000", "costofGoodsAndServicesSold": "315000000", "operatingIncome": "5185000000", "sellingGeneralAndAdministrative": "1512000000", "researchAndDevelopment": "0", "operatingExpenses": "8008000000", "investmentIncomeNet": "None", "netInterestIncome": "8000000000", "interestIncome": "9648000000", "interestExpense": "1648000000", "nonInterestIncome": "None", "otherNonOperatingIncome": "None", "depreciation": "None", "depreciationAndAmortization": "130000000", "incomeBeforeTax": "3537000000", "incomeTaxExpense": "1438000000", "interestAndDebtExpense": "None", "netIncomeFromContinuingOperations": "2099000000", "comprehensiveIncomeNetOfTax": "None", "ebit": "3800000000", "ebitda": "3930000000", "netIncome": "2099000000"}, {"fiscalDateEnding": "2016-12-31", "reportedCurrency": "USD", "grossProfit": "9099000000", "totalRevenue": "9099000000", "costOfRevenue": "339000000", "costofGoodsAndServicesSold": "339000000", "operatingIncome": "5054000000", "sellingGeneralAndAdministrative": "1379000000", "researchAndDevelopment": "0", "operatingExpenses": "6841000000", "investmentIncomeNet": "None", "netInterestIncome": "7218000000", "interestIncome": "8616000000", "interestExpense": "1398000000", "nonInterestIncome": "None", "otherNonOperatingIncome": "None", "depreciation": "None", "depreciationAndAmortization": "137000000", "incomeBeforeTax": "3656000000", "incomeTaxExpense": "1263000000", "interestAndDebtExpense": "None", "netIncomeFromContinuingOperations": "2393000000", "comprehensiveIncomeNetOfTax": "None", "ebit": "3870000000", "ebitda": "4007000000", "netIncome": "2393000000"}, {"fiscalDateEnding": "2015-12-31", "reportedCurrency": "USD", "grossProfit": "8739000000", "totalRevenue": "8739000000", "costOfRevenue": "349000000", "costofGoodsAndServicesSold": "349000000", "operatingIncome": "4875000000", "sellingGeneralAndAdministrative": "1327000000", "researchAndDevelopment": "0", "operatingExpenses": "6390000000", "investmentIncomeNet": "None", "netInterestIncome": "6682000000", "interestIncome": "7945000000", "interestExpense": "1263000000", "nonInterestIncome": "None", "otherNonOperatingIncome": "None", "depreciation": "None", "depreciationAndAmortization": "391000000", "incomeBeforeTax": "3612000000", "incomeTaxExpense": "1315000000", "interestAndDebtExpense": "None", "netIncomeFromContinuingOperations": "2297000000", "comprehensiveIncomeNetOfTax": "None", "ebit": "3612000000", "ebitda": "4003000000", "netIncome": "2297000000"}, {"fiscalDateEnding": "2014-12-31", "reportedCurrency": "USD", "grossProfit": "8477000000", "totalRevenue": "8477000000", "costOfRevenue": "5213000000", "costofGoodsAndServicesSold": "5213000000", "operatingIncome": "4828000000", "sellingGeneralAndAdministrative": "1242000000", "researchAndDevelopment": "0", "operatingExpenses": "5917000000", "investmentIncomeNet": "None", "netInterestIncome": "None", "interestIncome": "None", "interestExpense": "1134000000", "nonInterestIncome": "None", "otherNonOperatingIncome": "None", "depreciation": "None", "depreciationAndAmortization": "369000000", "incomeBeforeTax": "3694000000", "incomeTaxExpense": "1371000000", "interestAndDebtExpense": "None", "netIncomeFromContinuingOperations": "2323000000", "comprehensiveIncomeNetOfTax": "None", "ebit": "3694000000", "ebitda": "4063000000", "netIncome": "2323000000"}, {"fiscalDateEnding": "2013-12-31", "reportedCurrency": "USD", "grossProfit": "8224000000", "totalRevenue": "8224000000", "costOfRevenue": "4860000000", "costofGoodsAndServicesSold": "4860000000", "operatingIncome": "5090000000", "sellingGeneralAndAdministrative": "1164000000", "researchAndDevelopment": "0", "operatingExpenses": "1393000000", "investmentIncomeNet": "None", "netInterestIncome": "None", "interestIncome": "None", "interestExpense": "1146000000", "nonInterestIncome": "None", "otherNonOperatingIncome": "None", "depreciation": "None", "depreciationAndAmortization": "334000000", "incomeBeforeTax": "3944000000", "incomeTaxExpense": "1474000000", "interestAndDebtExpense": "None", "netIncomeFromContinuingOperations": "2470000000", "comprehensiveIncomeNetOfTax": "None", "ebit": "3944000000", "ebitda": "4278000000", "netIncome": "2470000000"}, {"fiscalDateEnding": "2012-12-31", "reportedCurrency": "USD", "grossProfit": "7653000000", "totalRevenue": "7690000000", "costOfRevenue": "37000000", "costofGoodsAndServicesSold": "37000000", "operatingIncome": "5084000000", "sellingGeneralAndAdministrative": "1054000000", "researchAndDevelopment": "0", "operatingExpenses": "5231000000", "investmentIncomeNet": "None", "netInterestIncome": "None", "interestIncome": "None", "interestExpense": "1314000000", "nonInterestIncome": "None", "otherNonOperatingIncome": "None", "depreciation": "None", "depreciationAndAmortization": "267000000", "incomeBeforeTax": "3764000000", "incomeTaxExpense": "1413000000", "interestAndDebtExpense": "None", "netIncomeFromContinuingOperations": "2345000000", "comprehensiveIncomeNetOfTax": "None", "ebit": "3753000000", "ebitda": "4020000000", "netIncome": "2351000000"}, {"fiscalDateEnding": "2011-12-31", "reportedCurrency": "USD", "grossProfit": "7065761000", "totalRevenue": "7065000000", "costOfRevenue": "-761000", "costofGoodsAndServicesSold": "-761000", "operatingIncome": "4995796000", "sellingGeneralAndAdministrative": "914000000", "researchAndDevelopment": "0", "operatingExpenses": "5039000000", "investmentIncomeNet": "None", "netInterestIncome": "None", "interestIncome": "None", "interestExpense": "1485000000", "nonInterestIncome": "None", "otherNonOperatingIncome": "None", "depreciation": "None", "depreciationAndAmortization": "20073000", "incomeBeforeTax": "3511000000", "incomeTaxExpense": "1284000000", "interestAndDebtExpense": "None", "netIncomeFromContinuingOperations": "None", "comprehensiveIncomeNetOfTax": "None", "ebit": "3580561000", "ebitda": "3600634000", "netIncome": "2227000000"}, {"fiscalDateEnding": "2010-12-31", "reportedCurrency": "USD", "grossProfit": "6658229000", "totalRevenue": "6658229000", "costOfRevenue": "6473045000", "costofGoodsAndServicesSold": "6473045000", "operatingIncome": "2851847000", "sellingGeneralAndAdministrative": "1060760000", "researchAndDevelopment": "0", "operatingExpenses": "6972000000", "investmentIncomeNet": "None", "netInterestIncome": "None", "interestIncome": "None", "interestExpense": "1582988000", "nonInterestIncome": "None", "otherNonOperatingIncome": "None", "depreciation": "None", "depreciationAndAmortization": "172005000", "incomeBeforeTax": "1268859000", "incomeTaxExpense": "504071000", "interestAndDebtExpense": "None", "netIncomeFromContinuingOperations": "764788000", "comprehensiveIncomeNetOfTax": "None", "ebit": "1186020000", "ebitda": "1358025000", "netIncome": "764788000"}, {"fiscalDateEnding": "2009-12-31", "reportedCurrency": "USD", "grossProfit": "6734391000", "totalRevenue": "6861338000", "costOfRevenue": "126947000", "costofGoodsAndServicesSold": "126947000", "operatingIncome": "3372182000", "sellingGeneralAndAdministrative": "827683000", "researchAndDevelopment": "0", "operatingExpenses": "5865000000", "investmentIncomeNet": "None", "netInterestIncome": "None", "interestIncome": "None", "interestExpense": "1648420000", "nonInterestIncome": "None", "otherNonOperatingIncome": "None", "depreciation": "None", "depreciationAndAmortization": "203492000", "incomeBeforeTax": "2120898000", "incomeTaxExpense": "844713000", "interestAndDebtExpense": "None", "netIncomeFromContinuingOperations": "None", "comprehensiveIncomeNetOfTax": "None", "ebit": "2015336000", "ebitda": "2218828000", "netIncome": "1276185000"}, {"fiscalDateEnding": "2008-12-31", "reportedCurrency": "USD", "grossProfit": "4805383000", "totalRevenue": "6300434000", "costOfRevenue": "1495051000", "costofGoodsAndServicesSold": "1495051000", "operatingIncome": "2810446000", "sellingGeneralAndAdministrative": "845392000", "researchAndDevelopment": "None", "operatingExpenses": "5299000000", "investmentIncomeNet": "None", "netInterestIncome": "None", "interestIncome": "None", "interestExpense": "2356919000", "nonInterestIncome": "None", "otherNonOperatingIncome": "None", "depreciation": "None", "depreciationAndAmortization": "231398000", "incomeBeforeTax": "1657605000", "incomeTaxExpense": "594692000", "interestAndDebtExpense": "None", "netIncomeFromContinuingOperations": "None", "comprehensiveIncomeNetOfTax": "None", "ebit": "831515000", "ebitda": "1062913000", "netIncome": "927750000"}, {"fiscalDateEnding": "2007-12-31", "reportedCurrency": "USD", "grossProfit": "5051873000", "totalRevenue": "6294486000", "costOfRevenue": "1242613000", "costofGoodsAndServicesSold": "1242613000", "operatingIncome": "2327611000", "sellingGeneralAndAdministrative": "922089000", "researchAndDevelopment": "None", "operatingExpenses": "4435000000", "investmentIncomeNet": "None", "netInterestIncome": "None", "interestIncome": "None", "interestExpense": "2975788000", "nonInterestIncome": "None", "otherNonOperatingIncome": "None", "depreciation": "None", "depreciationAndAmortization": "257131000", "incomeBeforeTax": "945196000", "incomeTaxExpense": "356566000", "interestAndDebtExpense": "None", "netIncomeFromContinuingOperations": "None", "comprehensiveIncomeNetOfTax": "None", "ebit": "945196000", "ebitda": "1202327000", "netIncome": "588630000"}, {"fiscalDateEnding": "2006-12-31", "reportedCurrency": "USD", "grossProfit": "6222809000", "totalRevenue": "6222809000", "costOfRevenue": "3922648000", "costofGoodsAndServicesSold": "3922648000", "operatingIncome": "3919894000", "sellingGeneralAndAdministrative": "933196000", "researchAndDevelopment": "None", "operatingExpenses": "-2302915000", "investmentIncomeNet": "None", "netInterestIncome": "None", "interestIncome": "None", "interestExpense": "2337589000", "nonInterestIncome": "None", "otherNonOperatingIncome": "None", "depreciation": "None", "depreciationAndAmortization": "222798000", "incomeBeforeTax": "1582305000", "incomeTaxExpense": "505689000", "interestAndDebtExpense": "None", "netIncomeFromContinuingOperations": "None", "comprehensiveIncomeNetOfTax": "None", "ebit": "1852019000", "ebitda": "2074817000", "netIncome": "1076616000"}, {"fiscalDateEnding": "2005-12-31", "reportedCurrency": "USD", "grossProfit": "5866585000", "totalRevenue": "5866585000", "costOfRevenue": "3808085000", "costofGoodsAndServicesSold": "3808085000", "operatingIncome": "2725353000", "sellingGeneralAndAdministrative": "869635000", "researchAndDevelopment": "None", "operatingExpenses": "-3141232000", "investmentIncomeNet": "None", "netInterestIncome": "None", "interestIncome": "None", "interestExpense": "1801097000", "nonInterestIncome": "None", "otherNonOperatingIncome": "None", "depreciation": "None", "depreciationAndAmortization": "214311000", "incomeBeforeTax": "924256000", "incomeTaxExpense": "346341000", "interestAndDebtExpense": "None", "netIncomeFromContinuingOperations": "None", "comprehensiveIncomeNetOfTax": "None", "ebit": "924256000", "ebitda": "1138567000", "netIncome": "577915000"}], "quarterlyReports": [{"fiscalDateEnding": "2024-12-31", "reportedCurrency": "USD", "grossProfit": "3557000000", "totalRevenue": "4759000000", "costOfRevenue": "1202000000", "costofGoodsAndServicesSold": "1202000000", "operatingIncome": "1702000000", "sellingGeneralAndAdministrative": "792000000", "researchAndDevelopment": "None", "operatingExpenses": "3057000000", "investmentIncomeNet": "None", "netInterestIncome": "3630000000", "interestIncome": "4989000000", "interestExpense": "1359000000", "nonInterestIncome": "None", "otherNonOperatingIncome": "None", "depreciation": "None", "depreciationAndAmortization": "31000000", "incomeBeforeTax": "1702000000", "incomeTaxExpense": "411000000", "interestAndDebtExpense": "None", "netIncomeFromContinuingOperations": "1291000000", "comprehensiveIncomeNetOfTax": "None", "ebit": "1671000000", "ebitda": "1702000000", "netIncome": "1291000000"}, {"fiscalDateEnding": "2024-09-30", "reportedCurrency": "USD", "grossProfit": "3759000000", "totalRevenue": "3759000000", "costOfRevenue": "None", "costofGoodsAndServicesSold": "None", "operatingIncome": "1288000000", "sellingGeneralAndAdministrative": "323000000", "researchAndDevelopment": "None", "operatingExpenses": "964000000", "investmentIncomeNet": "None", "netInterestIncome": "3655000000", "interestIncome": "5112000000", "interestExpense": "1457000000", "nonInterestIncome": "None", "otherNonOperatingIncome": "None", "depreciation": "None", "depreciationAndAmortization": "None", "incomeBeforeTax": "1288000000", "incomeTaxExpense": "323000000", "interestAndDebtExpense": "None", "netIncomeFromContinuingOperations": "870000000", "comprehensiveIncomeNetOfTax": "None", "ebit": "None", "ebitda": "1288000000", "netIncome": "965000000"}, {"fiscalDateEnding": "2024-06-30", "reportedCurrency": "USD", "grossProfit": "5985000000", "totalRevenue": "5985000000", "costOfRevenue": "None", "costofGoodsAndServicesSold": "None", "operatingIncome": "2070000000", "sellingGeneralAndAdministrative": "658000000", "researchAndDevelopment": "None", "operatingExpenses": "966000000", "investmentIncomeNet": "None", "netInterestIncome": "3524000000", "interestIncome": "4971000000", "interestExpense": "1447000000", "nonInterestIncome": "None", "otherNonOperatingIncome": "None", "depreciation": "None", "depreciationAndAmortization": "82000000", "incomeBeforeTax": "2070000000", "incomeTaxExpense": "540000000", "interestAndDebtExpense": "None", "netIncomeFromContinuingOperations": "1530000000", "comprehensiveIncomeNetOfTax": "None", "ebit": "2070000000", "ebitda": "2152000000", "netIncome": "1530000000"}, {"fiscalDateEnding": "2024-03-31", "reportedCurrency": "USD", "grossProfit": "5671000000", "totalRevenue": "5671000000", "costOfRevenue": "None", "costofGoodsAndServicesSold": "None", "operatingIncome": "404000000", "sellingGeneralAndAdministrative": "671000000", "researchAndDevelopment": "None", "operatingExpenses": "1522000000", "investmentIncomeNet": "None", "netInterestIncome": "3487000000", "interestIncome": "4948000000", "interestExpense": "1461000000", "nonInterestIncome": "None", "otherNonOperatingIncome": "None", "depreciation": "None", "depreciationAndAmortization": "96000000", "incomeBeforeTax": "404000000", "incomeTaxExpense": "96000000", "interestAndDebtExpense": "None", "netIncomeFromContinuingOperations": "308000000", "comprehensiveIncomeNetOfTax": "None", "ebit": "404000000", "ebitda": "500000000", "netIncome": "308000000"}, {"fiscalDateEnding": "2023-12-31", "reportedCurrency": "USD", "grossProfit": "5596000000", "totalRevenue": "5596000000", "costOfRevenue": "None", "costofGoodsAndServicesSold": "None", "operatingIncome": "4492000000", "sellingGeneralAndAdministrative": "646000000", "researchAndDevelopment": "None", "operatingExpenses": "1104000000", "investmentIncomeNet": "None", "netInterestIncome": "3468000000", "interestIncome": "4868000000", "interestExpense": "236000000", "nonInterestIncome": "None", "otherNonOperatingIncome": "None", "depreciation": "None", "depreciationAndAmortization": "104000000", "incomeBeforeTax": "512000000", "incomeTaxExpense": "124000000", "interestAndDebtExpense": "None", "netIncomeFromContinuingOperations": "388000000", "comprehensiveIncomeNetOfTax": "None", "ebit": "0", "ebitda": "104000000", "netIncome": "388000000"}, {"fiscalDateEnding": "2023-09-30", "reportedCurrency": "USD", "grossProfit": "4044000000", "totalRevenue": "4044000000", "costOfRevenue": "None", "costofGoodsAndServicesSold": "None", "operatingIncome": "888000000", "sellingGeneralAndAdministrative": "575000000", "researchAndDevelopment": "None", "operatingExpenses": "-3156000000", "investmentIncomeNet": "None", "netInterestIncome": "3322000000", "interestIncome": "4610000000", "interestExpense": "1288000000", "nonInterestIncome": "None", "otherNonOperatingIncome": "None", "depreciation": "None", "depreciationAndAmortization": "106000000", "incomeBeforeTax": "888000000", "incomeTaxExpense": "205000000", "interestAndDebtExpense": "None", "netIncomeFromContinuingOperations": "683000000", "comprehensiveIncomeNetOfTax": "None", "ebit": "888000000", "ebitda": "994000000", "netIncome": "683000000"}, {"fiscalDateEnding": "2023-06-30", "reportedCurrency": "USD", "grossProfit": "3878000000", "totalRevenue": "3878000000", "costOfRevenue": "None", "costofGoodsAndServicesSold": "None", "operatingIncome": "1169000000", "sellingGeneralAndAdministrative": "588000000", "researchAndDevelopment": "None", "operatingExpenses": "-2709000000", "investmentIncomeNet": "None", "netInterestIncome": "3177000000", "interestIncome": "4290000000", "interestExpense": "1113000000", "nonInterestIncome": "None", "otherNonOperatingIncome": "None", "depreciation": "None", "depreciationAndAmortization": "119000000", "incomeBeforeTax": "1169000000", "incomeTaxExpense": "268000000", "interestAndDebtExpense": "None", "netIncomeFromContinuingOperations": "901000000", "comprehensiveIncomeNetOfTax": "None", "ebit": "1169000000", "ebitda": "1288000000", "netIncome": "901000000"}, {"fiscalDateEnding": "2023-03-31", "reportedCurrency": "USD", "grossProfit": "3753000000", "totalRevenue": "3753000000", "costOfRevenue": "None", "costofGoodsAndServicesSold": "None", "operatingIncome": "2084000000", "sellingGeneralAndAdministrative": "625000000", "researchAndDevelopment": "None", "operatingExpenses": "473000000", "investmentIncomeNet": "None", "netInterestIncome": "3132000000", "interestIncome": "4077000000", "interestExpense": "945000000", "nonInterestIncome": "None", "otherNonOperatingIncome": "None", "depreciation": "None", "depreciationAndAmortization": "129000000", "incomeBeforeTax": "1268000000", "incomeTaxExpense": "292000000", "interestAndDebtExpense": "None", "netIncomeFromContinuingOperations": "976000000", "comprehensiveIncomeNetOfTax": "None", "ebit": "1268000000", "ebitda": "1397000000", "netIncome": "968000000"}, {"fiscalDateEnding": "2022-12-31", "reportedCurrency": "USD", "grossProfit": "3732000000", "totalRevenue": "3732000000", "costOfRevenue": "None", "costofGoodsAndServicesSold": "None", "operatingIncome": "2143000000", "sellingGeneralAndAdministrative": "573000000", "researchAndDevelopment": "None", "operatingExpenses": "3732000000", "investmentIncomeNet": "None", "netInterestIncome": "3067000000", "interestIncome": "3856000000", "interestExpense": "789000000", "nonInterestIncome": "None", "otherNonOperatingIncome": "None", "depreciation": "None", "depreciationAndAmortization": "137000000", "incomeBeforeTax": "1354000000", "incomeTaxExpense": "321000000", "interestAndDebtExpense": "None", "netIncomeFromContinuingOperations": "1033000000", "comprehensiveIncomeNetOfTax": "None", "ebit": "2143000000", "ebitda": "2280000000", "netIncome": "1033000000"}, {"fiscalDateEnding": "2022-09-30", "reportedCurrency": "USD", "grossProfit": "3479000000", "totalRevenue": "3479000000", "costOfRevenue": "None", "costofGoodsAndServicesSold": "None", "operatingIncome": "1832000000", "sellingGeneralAndAdministrative": "551000000", "researchAndDevelopment": "None", "operatingExpenses": "517000000", "investmentIncomeNet": "None", "netInterestIncome": "2843000000", "interestIncome": "3357000000", "interestExpense": "514000000", "nonInterestIncome": "None", "otherNonOperatingIncome": "None", "depreciation": "None", "depreciationAndAmortization": "145000000", "incomeBeforeTax": "1318000000", "incomeTaxExpense": "312000000", "interestAndDebtExpense": "None", "netIncomeFromContinuingOperations": "1006000000", "comprehensiveIncomeNetOfTax": "None", "ebit": "1318000000", "ebitda": "1463000000", "netIncome": "975000000"}, {"fiscalDateEnding": "2022-06-30", "reportedCurrency": "USD", "grossProfit": "3224000000", "totalRevenue": "3224000000", "costOfRevenue": "None", "costofGoodsAndServicesSold": "None", "operatingIncome": "1452000000", "sellingGeneralAndAdministrative": "515000000", "researchAndDevelopment": "None", "operatingExpenses": "-1772000000", "investmentIncomeNet": "None", "netInterestIncome": "2610000000", "interestIncome": "2915000000", "interestExpense": "305000000", "nonInterestIncome": "None", "otherNonOperatingIncome": "None", "depreciation": "None", "depreciationAndAmortization": "140000000", "incomeBeforeTax": "1452000000", "incomeTaxExpense": "341000000", "interestAndDebtExpense": "None", "netIncomeFromContinuingOperations": "1111000000", "comprehensiveIncomeNetOfTax": "None", "ebit": "1452000000", "ebitda": "1592000000", "netIncome": "1097000000"}, {"fiscalDateEnding": "2022-03-31", "reportedCurrency": "USD", "grossProfit": "2902000000", "totalRevenue": "2902000000", "costOfRevenue": "None", "costofGoodsAndServicesSold": "None", "operatingIncome": "1618000000", "sellingGeneralAndAdministrative": "500000000", "researchAndDevelopment": "None", "operatingExpenses": "-1284000000", "investmentIncomeNet": "None", "netInterestIncome": "2479000000", "interestIncome": "2736000000", "interestExpense": "257000000", "nonInterestIncome": "None", "otherNonOperatingIncome": "None", "depreciation": "None", "depreciationAndAmortization": "139000000", "incomeBeforeTax": "1618000000", "incomeTaxExpense": "376000000", "interestAndDebtExpense": "None", "netIncomeFromContinuingOperations": "1242000000", "comprehensiveIncomeNetOfTax": "None", "ebit": "1618000000", "ebitda": "1757000000", "netIncome": "1205000000"}, {"fiscalDateEnding": "2021-12-31", "reportedCurrency": "USD", "grossProfit": "2936000000", "totalRevenue": "2936000000", "costOfRevenue": "None", "costofGoodsAndServicesSold": "None", "operatingIncome": "1361000000", "sellingGeneralAndAdministrative": "499000000", "researchAndDevelopment": "None", "operatingExpenses": "601000000", "investmentIncomeNet": "None", "netInterestIncome": "2483000000", "interestIncome": "2742000000", "interestExpense": "259000000", "nonInterestIncome": "None", "otherNonOperatingIncome": "None", "depreciation": "None", "depreciationAndAmortization": "189000000", "incomeBeforeTax": "1361000000", "incomeTaxExpense": "294000000", "interestAndDebtExpense": "None", "netIncomeFromContinuingOperations": "1067000000", "comprehensiveIncomeNetOfTax": "None", "ebit": "1361000000", "ebitda": "1550000000", "netIncome": "1062000000"}, {"fiscalDateEnding": "2021-09-30", "reportedCurrency": "USD", "grossProfit": "2777000000", "totalRevenue": "2777000000", "costOfRevenue": "None", "costofGoodsAndServicesSold": "None", "operatingIncome": "1402000000", "sellingGeneralAndAdministrative": "483000000", "researchAndDevelopment": "None", "operatingExpenses": "545000000", "investmentIncomeNet": "None", "netInterestIncome": "2405000000", "interestIncome": "2674000000", "interestExpense": "269000000", "nonInterestIncome": "None", "otherNonOperatingIncome": "None", "depreciation": "None", "depreciationAndAmortization": "139000000", "incomeBeforeTax": "1402000000", "incomeTaxExpense": "311000000", "interestAndDebtExpense": "None", "netIncomeFromContinuingOperations": "1091000000", "comprehensiveIncomeNetOfTax": "None", "ebit": "1402000000", "ebitda": "1541000000", "netIncome": "1055000000"}, {"fiscalDateEnding": "2021-06-30", "reportedCurrency": "USD", "grossProfit": "3579000000", "totalRevenue": "3579000000", "costOfRevenue": "None", "costofGoodsAndServicesSold": "None", "operatingIncome": "2222000000", "sellingGeneralAndAdministrative": "498000000", "researchAndDevelopment": "None", "operatingExpenses": "573000000", "investmentIncomeNet": "None", "netInterestIncome": "2299000000", "interestIncome": "2589000000", "interestExpense": "290000000", "nonInterestIncome": "None", "otherNonOperatingIncome": "None", "depreciation": "None", "depreciationAndAmortization": "129000000", "incomeBeforeTax": "2222000000", "incomeTaxExpense": "524000000", "interestAndDebtExpense": "None", "netIncomeFromContinuingOperations": "1698000000", "comprehensiveIncomeNetOfTax": "None", "ebit": "2222000000", "ebitda": "2351000000", "netIncome": "1688000000"}, {"fiscalDateEnding": "2021-03-31", "reportedCurrency": "USD", "grossProfit": "2795000000", "totalRevenue": "2795000000", "costOfRevenue": "None", "costofGoodsAndServicesSold": "None", "operatingIncome": "2079000000", "sellingGeneralAndAdministrative": "506000000", "researchAndDevelopment": "None", "operatingExpenses": "1081000000", "investmentIncomeNet": "None", "netInterestIncome": "2330000000", "interestIncome": "2646000000", "interestExpense": "316000000", "nonInterestIncome": "None", "otherNonOperatingIncome": "None", "depreciation": "None", "depreciationAndAmortization": "119000000", "incomeBeforeTax": "2079000000", "incomeTaxExpense": "486000000", "interestAndDebtExpense": "None", "netIncomeFromContinuingOperations": "1593000000", "comprehensiveIncomeNetOfTax": "None", "ebit": "2079000000", "ebitda": "2198000000", "netIncome": "1546000000"}, {"fiscalDateEnding": "2020-12-31", "reportedCurrency": "USD", "grossProfit": "2824000000", "totalRevenue": "2824000000", "costOfRevenue": "None", "costofGoodsAndServicesSold": "None", "operatingIncome": "1015000000", "sellingGeneralAndAdministrative": "504000000", "researchAndDevelopment": "None", "operatingExpenses": "468000000", "investmentIncomeNet": "None", "netInterestIncome": "2377000000", "interestIncome": "2760000000", "interestExpense": "383000000", "nonInterestIncome": "None", "otherNonOperatingIncome": "None", "depreciation": "None", "depreciationAndAmortization": "123000000", "incomeBeforeTax": "1015000000", "incomeTaxExpense": "216000000", "interestAndDebtExpense": "None", "netIncomeFromContinuingOperations": "738000000", "comprehensiveIncomeNetOfTax": "None", "ebit": "1015000000", "ebitda": "1138000000", "netIncome": "795000000"}, {"fiscalDateEnding": "2020-09-30", "reportedCurrency": "USD", "grossProfit": "2714000000", "totalRevenue": "2714000000", "costOfRevenue": "None", "costofGoodsAndServicesSold": "None", "operatingIncome": "959000000", "sellingGeneralAndAdministrative": "471000000", "researchAndDevelopment": "None", "operatingExpenses": "505000000", "investmentIncomeNet": "None", "netInterestIncome": "2265000000", "interestIncome": "2681000000", "interestExpense": "416000000", "nonInterestIncome": "None", "otherNonOperatingIncome": "None", "depreciation": "None", "depreciationAndAmortization": "116000000", "incomeBeforeTax": "959000000", "incomeTaxExpense": "188000000", "interestAndDebtExpense": "None", "netIncomeFromContinuingOperations": "771000000", "comprehensiveIncomeNetOfTax": "None", "ebit": "959000000", "ebitda": "1075000000", "netIncome": "751000000"}, {"fiscalDateEnding": "2020-06-30", "reportedCurrency": "USD", "grossProfit": "2662000000", "totalRevenue": "2662000000", "costOfRevenue": "None", "costofGoodsAndServicesSold": "None", "operatingIncome": "-461000000", "sellingGeneralAndAdministrative": "452000000", "researchAndDevelopment": "None", "operatingExpenses": "410000000", "investmentIncomeNet": "None", "netInterestIncome": "2190000000", "interestIncome": "2672000000", "interestExpense": "482000000", "nonInterestIncome": "None", "otherNonOperatingIncome": "None", "depreciation": "None", "depreciationAndAmortization": "123000000", "incomeBeforeTax": "-461000000", "incomeTaxExpense": "-93000000", "interestAndDebtExpense": "None", "netIncomeFromContinuingOperations": "-368000000", "comprehensiveIncomeNetOfTax": "None", "ebit": "-461000000", "ebitda": "-338000000", "netIncome": "-368000000"}, {"fiscalDateEnding": "2020-03-31", "reportedCurrency": "USD", "grossProfit": "2888000000", "totalRevenue": "2888000000", "costOfRevenue": "None", "costofGoodsAndServicesSold": "None", "operatingIncome": "-78000000", "sellingGeneralAndAdministrative": "467000000", "researchAndDevelopment": "None", "operatingExpenses": "574000000", "investmentIncomeNet": "None", "netInterestIncome": "2398000000", "interestIncome": "2982000000", "interestExpense": "584000000", "nonInterestIncome": "None", "otherNonOperatingIncome": "None", "depreciation": "None", "depreciationAndAmortization": "123000000", "incomeBeforeTax": "-78000000", "incomeTaxExpense": "-17000000", "interestAndDebtExpense": "None", "netIncomeFromContinuingOperations": "-61000000", "comprehensiveIncomeNetOfTax": "None", "ebit": "-78000000", "ebitda": "45000000", "netIncome": "-61000000"}, {"fiscalDateEnding": "2019-12-31", "reportedCurrency": "USD", "grossProfit": "2944000000", "totalRevenue": "2944000000", "costOfRevenue": "113000000", "costofGoodsAndServicesSold": "113000000", "operatingIncome": "924000000", "sellingGeneralAndAdministrative": "447000000", "researchAndDevelopment": "None", "operatingExpenses": "532000000", "investmentIncomeNet": "None", "netInterestIncome": "2424000000", "interestIncome": "3039000000", "interestExpense": "615000000", "nonInterestIncome": "None", "otherNonOperatingIncome": "None", "depreciation": "None", "depreciationAndAmortization": "121000000", "incomeBeforeTax": "924000000", "incomeTaxExpense": "216000000", "interestAndDebtExpense": "None", "netIncomeFromContinuingOperations": "708000000", "comprehensiveIncomeNetOfTax": "None", "ebit": "924000000", "ebitda": "1045000000", "netIncome": "705000000"}, {"fiscalDateEnding": "2019-09-30", "reportedCurrency": "USD", "grossProfit": "2900000000", "totalRevenue": "2900000000", "costOfRevenue": "96000000", "costofGoodsAndServicesSold": "96000000", "operatingIncome": "994000000", "sellingGeneralAndAdministrative": "439000000", "researchAndDevelopment": "None", "operatingExpenses": "542000000", "investmentIncomeNet": "None", "netInterestIncome": "2402000000", "interestIncome": "3040000000", "interestExpense": "638000000", "nonInterestIncome": "None", "otherNonOperatingIncome": "None", "depreciation": "None", "depreciationAndAmortization": "113000000", "incomeBeforeTax": "994000000", "incomeTaxExpense": "224000000", "interestAndDebtExpense": "None", "netIncomeFromContinuingOperations": "770000000", "comprehensiveIncomeNetOfTax": "None", "ebit": "994000000", "ebitda": "1107000000", "netIncome": "749000000"}, {"fiscalDateEnding": "2019-06-30", "reportedCurrency": "USD", "grossProfit": "2852000000", "totalRevenue": "2852000000", "costOfRevenue": "101000000", "costofGoodsAndServicesSold": "101000000", "operatingIncome": "987000000", "sellingGeneralAndAdministrative": "427000000", "researchAndDevelopment": "None", "operatingExpenses": "534000000", "investmentIncomeNet": "None", "netInterestIncome": "2332000000", "interestIncome": "2977000000", "interestExpense": "645000000", "nonInterestIncome": "None", "otherNonOperatingIncome": "None", "depreciation": "None", "depreciationAndAmortization": "103000000", "incomeBeforeTax": "987000000", "incomeTaxExpense": "234000000", "interestAndDebtExpense": "None", "netIncomeFromContinuingOperations": "753000000", "comprehensiveIncomeNetOfTax": "None", "ebit": "987000000", "ebitda": "1090000000", "netIncome": "747000000"}, {"fiscalDateEnding": "2019-03-31", "reportedCurrency": "USD", "grossProfit": "2763000000", "totalRevenue": "2763000000", "costOfRevenue": "99000000", "costofGoodsAndServicesSold": "99000000", "operatingIncome": "930000000", "sellingGeneralAndAdministrative": "425000000", "researchAndDevelopment": "None", "operatingExpenses": "510000000", "investmentIncomeNet": "None", "netInterestIncome": "2305000000", "interestIncome": "2937000000", "interestExpense": "632000000", "nonInterestIncome": "None", "otherNonOperatingIncome": "None", "depreciation": "None", "depreciationAndAmortization": "99000000", "incomeBeforeTax": "930000000", "incomeTaxExpense": "204000000", "interestAndDebtExpense": "None", "netIncomeFromContinuingOperations": "726000000", "comprehensiveIncomeNetOfTax": "None", "ebit": "930000000", "ebitda": "1029000000", "netIncome": "705000000"}, {"fiscalDateEnding": "2018-12-31", "reportedCurrency": "USD", "grossProfit": "2807000000", "totalRevenue": "2807000000", "costOfRevenue": "93000000", "costofGoodsAndServicesSold": "93000000", "operatingIncome": "897000000", "sellingGeneralAndAdministrative": "414000000", "researchAndDevelopment": "0", "operatingExpenses": "487000000", "investmentIncomeNet": "None", "netInterestIncome": "None", "interestIncome": "None", "interestExpense": "605000000", "nonInterestIncome": "None", "otherNonOperatingIncome": "None", "depreciation": "None", "depreciationAndAmortization": "109000000", "incomeBeforeTax": "897000000", "incomeTaxExpense": "210000000", "interestAndDebtExpense": "None", "netIncomeFromContinuingOperations": "687000000", "comprehensiveIncomeNetOfTax": "None", "ebit": "897000000", "ebitda": "1006000000", "netIncome": "681000000"}, {"fiscalDateEnding": "2018-09-30", "reportedCurrency": "USD", "grossProfit": "2724000000", "totalRevenue": "2724000000", "costOfRevenue": "89000000", "costofGoodsAndServicesSold": "89000000", "operatingIncome": "967000000", "sellingGeneralAndAdministrative": "408000000", "researchAndDevelopment": "0", "operatingExpenses": "518000000", "investmentIncomeNet": "None", "netInterestIncome": "None", "interestIncome": "None", "interestExpense": "558000000", "nonInterestIncome": "None", "otherNonOperatingIncome": "None", "depreciation": "None", "depreciationAndAmortization": "110000000", "incomeBeforeTax": "967000000", "incomeTaxExpense": "247000000", "interestAndDebtExpense": "None", "netIncomeFromContinuingOperations": "720000000", "comprehensiveIncomeNetOfTax": "None", "ebit": "967000000", "ebitda": "1077000000", "netIncome": "699000000"}, {"fiscalDateEnding": "2018-06-30", "reportedCurrency": "USD", "grossProfit": "2603000000", "totalRevenue": "2603000000", "costOfRevenue": "86000000", "costofGoodsAndServicesSold": "86000000", "operatingIncome": "877000000", "sellingGeneralAndAdministrative": "400000000", "researchAndDevelopment": "0", "operatingExpenses": "535000000", "investmentIncomeNet": "None", "netInterestIncome": "None", "interestIncome": "None", "interestExpense": "507000000", "nonInterestIncome": "None", "otherNonOperatingIncome": "None", "depreciation": "None", "depreciationAndAmortization": "109000000", "incomeBeforeTax": "877000000", "incomeTaxExpense": "208000000", "interestAndDebtExpense": "None", "netIncomeFromContinuingOperations": "669000000", "comprehensiveIncomeNetOfTax": "None", "ebit": "877000000", "ebitda": "986000000", "netIncome": "663000000"}, {"fiscalDateEnding": "2018-03-31", "reportedCurrency": "USD", "grossProfit": "2575000000", "totalRevenue": "2575000000", "costOfRevenue": "1874000000", "costofGoodsAndServicesSold": "1874000000", "operatingIncome": "856000000", "sellingGeneralAndAdministrative": "405000000", "researchAndDevelopment": "0", "operatingExpenses": "475000000", "investmentIncomeNet": "None", "netInterestIncome": "None", "interestIncome": "None", "interestExpense": "469000000", "nonInterestIncome": "None", "otherNonOperatingIncome": "None", "depreciation": "None", "depreciationAndAmortization": "107000000", "incomeBeforeTax": "856000000", "incomeTaxExpense": "190000000", "interestAndDebtExpense": "None", "netIncomeFromContinuingOperations": "666000000", "comprehensiveIncomeNetOfTax": "None", "ebit": "856000000", "ebitda": "963000000", "netIncome": "646000000"}, {"fiscalDateEnding": "2017-12-31", "reportedCurrency": "USD", "grossProfit": "2614000000", "totalRevenue": "2614000000", "costOfRevenue": "1833000000", "costofGoodsAndServicesSold": "1833000000", "operatingIncome": "899000000", "sellingGeneralAndAdministrative": "411000000", "researchAndDevelopment": "0", "operatingExpenses": "507000000", "investmentIncomeNet": "None", "netInterestIncome": "None", "interestIncome": "None", "interestExpense": "436000000", "nonInterestIncome": "None", "otherNonOperatingIncome": "None", "depreciation": "None", "depreciationAndAmortization": "104000000", "incomeBeforeTax": "899000000", "incomeTaxExpense": "512000000", "interestAndDebtExpense": "None", "netIncomeFromContinuingOperations": "3263000000", "comprehensiveIncomeNetOfTax": "None", "ebit": "899000000", "ebitda": "1003000000", "netIncome": "359000000"}, {"fiscalDateEnding": "2017-09-30", "reportedCurrency": "USD", "grossProfit": "2525000000", "totalRevenue": "2525000000", "costOfRevenue": "1739000000", "costofGoodsAndServicesSold": "1739000000", "operatingIncome": "903000000", "sellingGeneralAndAdministrative": "371000000", "researchAndDevelopment": "0", "operatingExpenses": "466000000", "investmentIncomeNet": "None", "netInterestIncome": "None", "interestIncome": "None", "interestExpense": "426000000", "nonInterestIncome": "None", "otherNonOperatingIncome": "None", "depreciation": "None", "depreciationAndAmortization": "101000000", "incomeBeforeTax": "903000000", "incomeTaxExpense": "301000000", "interestAndDebtExpense": "None", "netIncomeFromContinuingOperations": "602000000", "comprehensiveIncomeNetOfTax": "None", "ebit": "903000000", "ebitda": "1004000000", "netIncome": "589000000"}, {"fiscalDateEnding": "2017-06-30", "reportedCurrency": "USD", "grossProfit": "2419000000", "totalRevenue": "2419000000", "costOfRevenue": "1656000000", "costofGoodsAndServicesSold": "1656000000", "operatingIncome": "867000000", "sellingGeneralAndAdministrative": "367000000", "researchAndDevelopment": "0", "operatingExpenses": "462000000", "investmentIncomeNet": "None", "netInterestIncome": "None", "interestIncome": "None", "interestExpense": "400000000", "nonInterestIncome": "None", "otherNonOperatingIncome": "None", "depreciation": "None", "depreciationAndAmortization": "95000000", "incomeBeforeTax": "867000000", "incomeTaxExpense": "321000000", "interestAndDebtExpense": "None", "netIncomeFromContinuingOperations": "546000000", "comprehensiveIncomeNetOfTax": "None", "ebit": "867000000", "ebitda": "962000000", "netIncome": "532000000"}, {"fiscalDateEnding": "2017-03-31", "reportedCurrency": "USD", "grossProfit": "2339000000", "totalRevenue": "2339000000", "costOfRevenue": "1569000000", "costofGoodsAndServicesSold": "1569000000", "operatingIncome": "868000000", "sellingGeneralAndAdministrative": "363000000", "researchAndDevelopment": "0", "operatingExpenses": "429000000", "investmentIncomeNet": "None", "netInterestIncome": "None", "interestIncome": "None", "interestExpense": "386000000", "nonInterestIncome": "None", "otherNonOperatingIncome": "None", "depreciation": "None", "depreciationAndAmortization": "93000000", "incomeBeforeTax": "868000000", "incomeTaxExpense": "304000000", "interestAndDebtExpense": "None", "netIncomeFromContinuingOperations": "564000000", "comprehensiveIncomeNetOfTax": "None", "ebit": "868000000", "ebitda": "961000000", "netIncome": "551000000"}, {"fiscalDateEnding": "2016-12-31", "reportedCurrency": "USD", "grossProfit": "2358000000", "totalRevenue": "2358000000", "costOfRevenue": "1567000000", "costofGoodsAndServicesSold": "1567000000", "operatingIncome": "883000000", "sellingGeneralAndAdministrative": "352000000", "researchAndDevelopment": "0", "operatingExpenses": "415000000", "investmentIncomeNet": "None", "netInterestIncome": "None", "interestIncome": "None", "interestExpense": "366000000", "nonInterestIncome": "None", "otherNonOperatingIncome": "None", "depreciation": "None", "depreciationAndAmortization": "89000000", "incomeBeforeTax": "883000000", "incomeTaxExpense": "320000000", "interestAndDebtExpense": "None", "netIncomeFromContinuingOperations": "-916000000", "comprehensiveIncomeNetOfTax": "None", "ebit": "883000000", "ebitda": "972000000", "netIncome": "550000000"}, {"fiscalDateEnding": "2016-09-30", "reportedCurrency": "USD", "grossProfit": "2301000000", "totalRevenue": "2301000000", "costOfRevenue": "1432000000", "costofGoodsAndServicesSold": "1432000000", "operatingIncome": "961000000", "sellingGeneralAndAdministrative": "342000000", "researchAndDevelopment": "0", "operatingExpenses": "428000000", "investmentIncomeNet": "None", "netInterestIncome": "None", "interestIncome": "None", "interestExpense": "359000000", "nonInterestIncome": "None", "otherNonOperatingIncome": "None", "depreciation": "None", "depreciationAndAmortization": "86000000", "incomeBeforeTax": "961000000", "incomeTaxExpense": "322000000", "interestAndDebtExpense": "None", "netIncomeFromContinuingOperations": "639000000", "comprehensiveIncomeNetOfTax": "None", "ebit": "961000000", "ebitda": "1047000000", "netIncome": "625000000"}, {"fiscalDateEnding": "2016-06-30", "reportedCurrency": "USD", "grossProfit": "2216000000", "totalRevenue": "2216000000", "costOfRevenue": "1380000000", "costofGoodsAndServicesSold": "1380000000", "operatingIncome": "898000000", "sellingGeneralAndAdministrative": "340000000", "researchAndDevelopment": "0", "operatingExpenses": "432000000", "investmentIncomeNet": "None", "netInterestIncome": "None", "interestIncome": "None", "interestExpense": "339000000", "nonInterestIncome": "None", "otherNonOperatingIncome": "None", "depreciation": "None", "depreciationAndAmortization": "92000000", "incomeBeforeTax": "898000000", "incomeTaxExpense": "282000000", "interestAndDebtExpense": "None", "netIncomeFromContinuingOperations": "616000000", "comprehensiveIncomeNetOfTax": "None", "ebit": "898000000", "ebitda": "990000000", "netIncome": "602000000"}, {"fiscalDateEnding": "2016-03-31", "reportedCurrency": "USD", "grossProfit": "2224000000", "totalRevenue": "2224000000", "costOfRevenue": "1358000000", "costofGoodsAndServicesSold": "1358000000", "operatingIncome": "914000000", "sellingGeneralAndAdministrative": "345000000", "researchAndDevelopment": "0", "operatingExpenses": "400000000", "investmentIncomeNet": "None", "netInterestIncome": "None", "interestIncome": "None", "interestExpense": "334000000", "nonInterestIncome": "None", "otherNonOperatingIncome": "None", "depreciation": "None", "depreciationAndAmortization": "84000000", "incomeBeforeTax": "914000000", "incomeTaxExpense": "339000000", "interestAndDebtExpense": "None", "netIncomeFromContinuingOperations": "575000000", "comprehensiveIncomeNetOfTax": "None", "ebit": "914000000", "ebitda": "998000000", "netIncome": "562000000"}, {"fiscalDateEnding": "2015-12-31", "reportedCurrency": "USD", "grossProfit": "2205000000", "totalRevenue": "2205000000", "costOfRevenue": "1437000000", "costofGoodsAndServicesSold": "1437000000", "operatingIncome": "788000000", "sellingGeneralAndAdministrative": "333000000", "researchAndDevelopment": "0", "operatingExpenses": "406000000", "investmentIncomeNet": "None", "netInterestIncome": "None", "interestIncome": "None", "interestExpense": "329000000", "nonInterestIncome": "None", "otherNonOperatingIncome": "None", "depreciation": "None", "depreciationAndAmortization": "100000000", "incomeBeforeTax": "788000000", "incomeTaxExpense": "288000000", "interestAndDebtExpense": "None", "netIncomeFromContinuingOperations": "500000000", "comprehensiveIncomeNetOfTax": "None", "ebit": "788000000", "ebitda": "888000000", "netIncome": "488000000"}, {"fiscalDateEnding": "2015-09-30", "reportedCurrency": "USD", "grossProfit": "2188000000", "totalRevenue": "2188000000", "costOfRevenue": "1242000000", "costofGoodsAndServicesSold": "1242000000", "operatingIncome": "974000000", "sellingGeneralAndAdministrative": "337000000", "researchAndDevelopment": "0", "operatingExpenses": "396000000", "investmentIncomeNet": "None", "netInterestIncome": "None", "interestIncome": "None", "interestExpense": "323000000", "nonInterestIncome": "None", "otherNonOperatingIncome": "None", "depreciation": "None", "depreciationAndAmortization": "98000000", "incomeBeforeTax": "974000000", "incomeTaxExpense": "362000000", "interestAndDebtExpense": "None", "netIncomeFromContinuingOperations": "612000000", "comprehensiveIncomeNetOfTax": "None", "ebit": "974000000", "ebitda": "1072000000", "netIncome": "599000000"}, {"fiscalDateEnding": "2015-06-30", "reportedCurrency": "USD", "grossProfit": "2175000000", "totalRevenue": "2175000000", "costOfRevenue": "1248000000", "costofGoodsAndServicesSold": "1248000000", "operatingIncome": "942000000", "sellingGeneralAndAdministrative": "326000000", "researchAndDevelopment": "0", "operatingExpenses": "389000000", "investmentIncomeNet": "None", "netInterestIncome": "None", "interestIncome": "None", "interestExpense": "311000000", "nonInterestIncome": "None", "otherNonOperatingIncome": "None", "depreciation": "None", "depreciationAndAmortization": "98000000", "incomeBeforeTax": "942000000", "incomeTaxExpense": "343000000", "interestAndDebtExpense": "None", "netIncomeFromContinuingOperations": "599000000", "comprehensiveIncomeNetOfTax": "None", "ebit": "942000000", "ebitda": "1040000000", "netIncome": "586000000"}, {"fiscalDateEnding": "2015-03-31", "reportedCurrency": "USD", "grossProfit": "2171000000", "totalRevenue": "2171000000", "costOfRevenue": "1305000000", "costofGoodsAndServicesSold": "1305000000", "operatingIncome": "908000000", "sellingGeneralAndAdministrative": "331000000", "researchAndDevelopment": "0", "operatingExpenses": "392000000", "investmentIncomeNet": "None", "netInterestIncome": "None", "interestIncome": "None", "interestExpense": "300000000", "nonInterestIncome": "None", "otherNonOperatingIncome": "None", "depreciation": "None", "depreciationAndAmortization": "95000000", "incomeBeforeTax": "908000000", "incomeTaxExpense": "322000000", "interestAndDebtExpense": "None", "netIncomeFromContinuingOperations": "586000000", "comprehensiveIncomeNetOfTax": "None", "ebit": "908000000", "ebitda": "1003000000", "netIncome": "573000000"}, {"fiscalDateEnding": "2014-12-31", "reportedCurrency": "USD", "grossProfit": "2037000000", "totalRevenue": "2037000000", "costOfRevenue": "1465000000", "costofGoodsAndServicesSold": "1465000000", "operatingIncome": "648000000", "sellingGeneralAndAdministrative": "314000000", "researchAndDevelopment": "0", "operatingExpenses": "368000000", "investmentIncomeNet": "None", "netInterestIncome": "None", "interestIncome": "None", "interestExpense": "302000000", "nonInterestIncome": "None", "otherNonOperatingIncome": "None", "depreciation": "None", "depreciationAndAmortization": "95000000", "incomeBeforeTax": "648000000", "incomeTaxExpense": "244000000", "interestAndDebtExpense": "None", "netIncomeFromContinuingOperations": "404000000", "comprehensiveIncomeNetOfTax": "None", "ebit": "648000000", "ebitda": "743000000", "netIncome": "392000000"}, {"fiscalDateEnding": "2014-09-30", "reportedCurrency": "USD", "grossProfit": "2190000000", "totalRevenue": "2190000000", "costOfRevenue": "1302000000", "costofGoodsAndServicesSold": "1302000000", "operatingIncome": "1009000000", "sellingGeneralAndAdministrative": "320000000", "researchAndDevelopment": "0", "operatingExpenses": "398000000", "investmentIncomeNet": "None", "netInterestIncome": "None", "interestIncome": "None", "interestExpense": "288000000", "nonInterestIncome": "None", "otherNonOperatingIncome": "None", "depreciation": "None", "depreciationAndAmortization": "93000000", "incomeBeforeTax": "1009000000", "incomeTaxExpense": "365000000", "interestAndDebtExpense": "None", "netIncomeFromContinuingOperations": "644000000", "comprehensiveIncomeNetOfTax": "None", "ebit": "1009000000", "ebitda": "1102000000", "netIncome": "630000000"}, {"fiscalDateEnding": "2014-06-30", "reportedCurrency": "USD", "grossProfit": "2172000000", "totalRevenue": "2172000000", "costOfRevenue": "1276000000", "costofGoodsAndServicesSold": "1276000000", "operatingIncome": "1015000000", "sellingGeneralAndAdministrative": "301000000", "researchAndDevelopment": "0", "operatingExpenses": "362000000", "investmentIncomeNet": "None", "netInterestIncome": "None", "interestIncome": "None", "interestExpense": "274000000", "nonInterestIncome": "None", "otherNonOperatingIncome": "None", "depreciation": "None", "depreciationAndAmortization": "91000000", "incomeBeforeTax": "1015000000", "incomeTaxExpense": "371000000", "interestAndDebtExpense": "None", "netIncomeFromContinuingOperations": "644000000", "comprehensiveIncomeNetOfTax": "None", "ebit": "1015000000", "ebitda": "1106000000", "netIncome": "630000000"}, {"fiscalDateEnding": "2014-03-31", "reportedCurrency": "USD", "grossProfit": "2078000000", "totalRevenue": "2078000000", "costOfRevenue": "1180000000", "costofGoodsAndServicesSold": "1180000000", "operatingIncome": "1022000000", "sellingGeneralAndAdministrative": "307000000", "researchAndDevelopment": "0", "operatingExpenses": "374000000", "investmentIncomeNet": "None", "netInterestIncome": "None", "interestIncome": "None", "interestExpense": "270000000", "nonInterestIncome": "None", "otherNonOperatingIncome": "None", "depreciation": "None", "depreciationAndAmortization": "90000000", "incomeBeforeTax": "1022000000", "incomeTaxExpense": "391000000", "interestAndDebtExpense": "None", "netIncomeFromContinuingOperations": "631000000", "comprehensiveIncomeNetOfTax": "None", "ebit": "1022000000", "ebitda": "1112000000", "netIncome": "618000000"}, {"fiscalDateEnding": "2013-12-31", "reportedCurrency": "USD", "grossProfit": "2129000000", "totalRevenue": "2129000000", "costOfRevenue": "1323000000", "costofGoodsAndServicesSold": "1323000000", "operatingIncome": "937000000", "sellingGeneralAndAdministrative": "297000000", "researchAndDevelopment": "0", "operatingExpenses": "353000000", "investmentIncomeNet": "None", "netInterestIncome": "None", "interestIncome": "None", "interestExpense": "273000000", "nonInterestIncome": "None", "otherNonOperatingIncome": "None", "depreciation": "None", "depreciationAndAmortization": "87000000", "incomeBeforeTax": "937000000", "incomeTaxExpense": "335000000", "interestAndDebtExpense": "None", "netIncomeFromContinuingOperations": "602000000", "comprehensiveIncomeNetOfTax": "None", "ebit": "937000000", "ebitda": "1024000000", "netIncome": "588000000"}, {"fiscalDateEnding": "2013-09-30", "reportedCurrency": "USD", "grossProfit": "2062000000", "totalRevenue": "2062000000", "costOfRevenue": "1258000000", "costofGoodsAndServicesSold": "1258000000", "operatingIncome": "946000000", "sellingGeneralAndAdministrative": "292000000", "researchAndDevelopment": "0", "operatingExpenses": "348000000", "investmentIncomeNet": "None", "netInterestIncome": "None", "interestIncome": "None", "interestExpense": "278000000", "nonInterestIncome": "None", "otherNonOperatingIncome": "None", "depreciation": "None", "depreciationAndAmortization": "84000000", "incomeBeforeTax": "946000000", "incomeTaxExpense": "353000000", "interestAndDebtExpense": "None", "netIncomeFromContinuingOperations": "593000000", "comprehensiveIncomeNetOfTax": "None", "ebit": "946000000", "ebitda": "1030000000", "netIncome": "579000000"}, {"fiscalDateEnding": "2013-06-30", "reportedCurrency": "USD", "grossProfit": "2041000000", "totalRevenue": "2041000000", "costOfRevenue": "1213000000", "costofGoodsAndServicesSold": "1213000000", "operatingIncome": "981000000", "sellingGeneralAndAdministrative": "285000000", "researchAndDevelopment": "0", "operatingExpenses": "326000000", "investmentIncomeNet": "None", "netInterestIncome": "None", "interestIncome": "None", "interestExpense": "297000000", "nonInterestIncome": "None", "otherNonOperatingIncome": "None", "depreciation": "None", "depreciationAndAmortization": "95000000", "incomeBeforeTax": "981000000", "incomeTaxExpense": "379000000", "interestAndDebtExpense": "None", "netIncomeFromContinuingOperations": "602000000", "comprehensiveIncomeNetOfTax": "None", "ebit": "981000000", "ebitda": "1076000000", "netIncome": "588000000"}, {"fiscalDateEnding": "2013-03-31", "reportedCurrency": "USD", "grossProfit": "1992000000", "totalRevenue": "1992000000", "costOfRevenue": "1073000000", "costofGoodsAndServicesSold": "1073000000", "operatingIncome": "1080000000", "sellingGeneralAndAdministrative": "290000000", "researchAndDevelopment": "0", "operatingExpenses": "366000000", "investmentIncomeNet": "None", "netInterestIncome": "None", "interestIncome": "None", "interestExpense": "298000000", "nonInterestIncome": "None", "otherNonOperatingIncome": "None", "depreciation": "None", "depreciationAndAmortization": "68000000", "incomeBeforeTax": "1080000000", "incomeTaxExpense": "407000000", "interestAndDebtExpense": "None", "netIncomeFromContinuingOperations": "673000000", "comprehensiveIncomeNetOfTax": "None", "ebit": "1080000000", "ebitda": "1148000000", "netIncome": "659000000"}, {"fiscalDateEnding": "2012-12-31", "reportedCurrency": "USD", "grossProfit": "2016000000", "totalRevenue": "2016000000", "costOfRevenue": "17930000", "costofGoodsAndServicesSold": "17930000", "operatingIncome": "843000000", "sellingGeneralAndAdministrative": "280000000", "researchAndDevelopment": "None", "operatingExpenses": "345000000", "investmentIncomeNet": "None", "netInterestIncome": "None", "interestIncome": "None", "interestExpense": "312000000", "nonInterestIncome": "None", "otherNonOperatingIncome": "None", "depreciation": "None", "depreciationAndAmortization": "-491000000", "incomeBeforeTax": "843000000", "incomeTaxExpense": "304000000", "interestAndDebtExpense": "None", "netIncomeFromContinuingOperations": "None", "comprehensiveIncomeNetOfTax": "None", "ebit": "1677996000", "ebitda": "1186996000", "netIncome": "539000000"}, {"fiscalDateEnding": "2012-09-30", "reportedCurrency": "USD", "grossProfit": "1964000000", "totalRevenue": "1964000000", "costOfRevenue": "91000", "costofGoodsAndServicesSold": "91000", "operatingIncome": "1012000000", "sellingGeneralAndAdministrative": "274000000", "researchAndDevelopment": "0", "operatingExpenses": "268283000", "investmentIncomeNet": "None", "netInterestIncome": "None", "interestIncome": "None", "interestExpense": "325000000", "nonInterestIncome": "None", "otherNonOperatingIncome": "None", "depreciation": "None", "depreciationAndAmortization": "-4430000", "incomeBeforeTax": "1012000000", "incomeTaxExpense": "385000000", "interestAndDebtExpense": "None", "netIncomeFromContinuingOperations": "0", "comprehensiveIncomeNetOfTax": "None", "ebit": "1012000000", "ebitda": "1007570000", "netIncome": "620770000"}, {"fiscalDateEnding": "2012-06-30", "reportedCurrency": "USD", "grossProfit": "0", "totalRevenue": "1848219000", "costOfRevenue": "1132815000", "costofGoodsAndServicesSold": "1132815000", "operatingIncome": "1132042000", "sellingGeneralAndAdministrative": "249357000", "researchAndDevelopment": "0", "operatingExpenses": "1322000000", "investmentIncomeNet": "None", "netInterestIncome": "None", "interestIncome": "None", "interestExpense": "340539000", "nonInterestIncome": "None", "otherNonOperatingIncome": "None", "depreciation": "None", "depreciationAndAmortization": "-12056000", "incomeBeforeTax": "867167000", "incomeTaxExpense": "330576000", "interestAndDebtExpense": "None", "netIncomeFromContinuingOperations": "0", "comprehensiveIncomeNetOfTax": "None", "ebit": "1011714000", "ebitda": "None", "netIncome": "536591000"}, {"fiscalDateEnding": "2012-03-31", "reportedCurrency": "USD", "grossProfit": "1848000000", "totalRevenue": "1848000000", "costOfRevenue": "198000", "costofGoodsAndServicesSold": "198000", "operatingIncome": "867000000", "sellingGeneralAndAdministrative": "249000000", "researchAndDevelopment": "0", "operatingExpenses": "229097000", "investmentIncomeNet": "None", "netInterestIncome": "None", "interestIncome": "None", "interestExpense": "341000000", "nonInterestIncome": "None", "otherNonOperatingIncome": "None", "depreciation": "None", "depreciationAndAmortization": "-12056000", "incomeBeforeTax": "867000000", "incomeTaxExpense": "330000000", "interestAndDebtExpense": "None", "netIncomeFromContinuingOperations": "0", "comprehensiveIncomeNetOfTax": "None", "ebit": "867000000", "ebitda": "854944000", "netIncome": "531545000"}, {"fiscalDateEnding": "2011-12-31", "reportedCurrency": "USD", "grossProfit": "1806000000", "totalRevenue": "1806000000", "costOfRevenue": "-756000", "costofGoodsAndServicesSold": "-756000", "operatingIncome": "818000000", "sellingGeneralAndAdministrative": "229000000", "researchAndDevelopment": "0", "operatingExpenses": "-189982000", "investmentIncomeNet": "None", "netInterestIncome": "None", "interestIncome": "None", "interestExpense": "360000000", "nonInterestIncome": "None", "otherNonOperatingIncome": "None", "depreciation": "None", "depreciationAndAmortization": "-10855000", "incomeBeforeTax": "818000000", "incomeTaxExpense": "305000000", "interestAndDebtExpense": "None", "netIncomeFromContinuingOperations": "0", "comprehensiveIncomeNetOfTax": "None", "ebit": "818000000", "ebitda": "807145000", "netIncome": "507123000"}, {"fiscalDateEnding": "2011-09-30", "reportedCurrency": "USD", "grossProfit": "4099528000", "totalRevenue": "1789002000", "costOfRevenue": "1203131000", "costofGoodsAndServicesSold": "1203131000", "operatingIncome": "949383000", "sellingGeneralAndAdministrative": "241881000", "researchAndDevelopment": "0", "operatingExpenses": "1104000000", "investmentIncomeNet": "None", "netInterestIncome": "None", "interestIncome": "None", "interestExpense": "362053000", "nonInterestIncome": "None", "otherNonOperatingIncome": "None", "depreciation": "None", "depreciationAndAmortization": "40437000", "incomeBeforeTax": "1047081000", "incomeTaxExpense": "398263000", "interestAndDebtExpense": "None", "netIncomeFromContinuingOperations": "0", "comprehensiveIncomeNetOfTax": "None", "ebit": "817701000", "ebitda": "None", "netIncome": "648818000"}, {"fiscalDateEnding": "2011-06-30", "reportedCurrency": "USD", "grossProfit": "1789000000", "totalRevenue": "1789000000", "costOfRevenue": "230857000", "costofGoodsAndServicesSold": "230857000", "operatingIncome": "1047000000", "sellingGeneralAndAdministrative": "242000000", "researchAndDevelopment": "0", "operatingExpenses": "239440000", "investmentIncomeNet": "None", "netInterestIncome": "None", "interestIncome": "None", "interestExpense": "362000000", "nonInterestIncome": "None", "otherNonOperatingIncome": "None", "depreciation": "None", "depreciationAndAmortization": "40437000", "incomeBeforeTax": "1047000000", "incomeTaxExpense": "398000000", "interestAndDebtExpense": "None", "netIncomeFromContinuingOperations": "648818000", "comprehensiveIncomeNetOfTax": "None", "ebit": "1047000000", "ebitda": "1087437000", "netIncome": "641772000"}, {"fiscalDateEnding": "2011-03-31", "reportedCurrency": "USD", "grossProfit": "1625000000", "totalRevenue": "1625000000", "costOfRevenue": "-107860000", "costofGoodsAndServicesSold": "-107860000", "operatingIncome": "720000000", "sellingGeneralAndAdministrative": "213000000", "researchAndDevelopment": "0", "operatingExpenses": "225996000", "investmentIncomeNet": "None", "netInterestIncome": "None", "interestIncome": "None", "interestExpense": "383000000", "nonInterestIncome": "None", "otherNonOperatingIncome": "None", "depreciation": "None", "depreciationAndAmortization": "1006000", "incomeBeforeTax": "720000000", "incomeTaxExpense": "255000000", "interestAndDebtExpense": "None", "netIncomeFromContinuingOperations": "600419000", "comprehensiveIncomeNetOfTax": "None", "ebit": "720000000", "ebitda": "721006000", "netIncome": "459428000"}, {"fiscalDateEnding": "2010-12-31", "reportedCurrency": "USD", "grossProfit": "1595976000", "totalRevenue": "1595976000", "costOfRevenue": "1247510000", "costofGoodsAndServicesSold": "1247510000", "operatingIncome": "585231000", "sellingGeneralAndAdministrative": "9277000", "researchAndDevelopment": "0", "operatingExpenses": "-238456000", "investmentIncomeNet": "None", "netInterestIncome": "None", "interestIncome": "None", "interestExpense": "375506000", "nonInterestIncome": "None", "otherNonOperatingIncome": "None", "depreciation": "None", "depreciationAndAmortization": "45928000", "incomeBeforeTax": "585231000", "incomeTaxExpense": "235589000", "interestAndDebtExpense": "None", "netIncomeFromContinuingOperations": "464892000", "comprehensiveIncomeNetOfTax": "None", "ebit": "585231000", "ebitda": "631159000", "netIncome": "346325000"}, {"fiscalDateEnding": "2010-09-30", "reportedCurrency": "USD", "grossProfit": "1710946000", "totalRevenue": "1710946000", "costOfRevenue": "1257292000", "costofGoodsAndServicesSold": "1257292000", "operatingIncome": "427297000", "sellingGeneralAndAdministrative": "266567000", "researchAndDevelopment": "0", "operatingExpenses": "215821000", "investmentIncomeNet": "None", "netInterestIncome": "None", "interestIncome": "None", "interestExpense": "389137000", "nonInterestIncome": "None", "otherNonOperatingIncome": "None", "depreciation": "None", "depreciationAndAmortization": "42326000", "incomeBeforeTax": "432143000", "incomeTaxExpense": "171526000", "interestAndDebtExpense": "None", "netIncomeFromContinuingOperations": "0", "comprehensiveIncomeNetOfTax": "None", "ebit": "427297000", "ebitda": "469623000", "netIncome": "258194000"}, {"fiscalDateEnding": "2010-06-30", "reportedCurrency": "USD", "grossProfit": "1660005000", "totalRevenue": "1660005000", "costOfRevenue": "1536082000", "costofGoodsAndServicesSold": "1536082000", "operatingIncome": "422193000", "sellingGeneralAndAdministrative": "265623000", "researchAndDevelopment": "0", "operatingExpenses": "176037000", "investmentIncomeNet": "None", "netInterestIncome": "None", "interestIncome": "None", "interestExpense": "404621000", "nonInterestIncome": "None", "otherNonOperatingIncome": "None", "depreciation": "None", "depreciationAndAmortization": "41325000", "incomeBeforeTax": "422193000", "incomeTaxExpense": "164126000", "interestAndDebtExpense": "None", "netIncomeFromContinuingOperations": "0", "comprehensiveIncomeNetOfTax": "None", "ebit": "422193000", "ebitda": "463518000", "netIncome": "258067000"}, {"fiscalDateEnding": "2010-03-31", "reportedCurrency": "USD", "grossProfit": "1691302000", "totalRevenue": "1691302000", "costOfRevenue": "1513564000", "costofGoodsAndServicesSold": "1513564000", "operatingIncome": "-170708000", "sellingGeneralAndAdministrative": "261182000", "researchAndDevelopment": "0", "operatingExpenses": "160486000", "investmentIncomeNet": "None", "netInterestIncome": "None", "interestIncome": "None", "interestExpense": "413724000", "nonInterestIncome": "None", "otherNonOperatingIncome": "None", "depreciation": "None", "depreciationAndAmortization": "42426000", "incomeBeforeTax": "-170708000", "incomeTaxExpense": "-67170000", "interestAndDebtExpense": "None", "netIncomeFromContinuingOperations": "0", "comprehensiveIncomeNetOfTax": "None", "ebit": "-170708000", "ebitda": "-128282000", "netIncome": "-103538000"}, {"fiscalDateEnding": "2009-12-31", "reportedCurrency": "USD", "grossProfit": "1704434000", "totalRevenue": "1704434000", "costOfRevenue": "126947000", "costofGoodsAndServicesSold": "126947000", "operatingIncome": "570256000", "sellingGeneralAndAdministrative": "25501000", "researchAndDevelopment": "0", "operatingExpenses": "-343107000", "investmentIncomeNet": "None", "netInterestIncome": "None", "interestIncome": "None", "interestExpense": "711294000", "nonInterestIncome": "None", "otherNonOperatingIncome": "None", "depreciation": "None", "depreciationAndAmortization": "141065000", "incomeBeforeTax": "570256000", "incomeTaxExpense": "217719000", "interestAndDebtExpense": "None", "netIncomeFromContinuingOperations": "0", "comprehensiveIncomeNetOfTax": "None", "ebit": "570256000", "ebitda": "711321000", "netIncome": "333903000"}, {"fiscalDateEnding": "2009-09-30", "reportedCurrency": "USD", "grossProfit": "1844776000", "totalRevenue": "1844776000", "costOfRevenue": "1253009000", "costofGoodsAndServicesSold": "1253009000", "operatingIncome": "939939000", "sellingGeneralAndAdministrative": "276207000", "researchAndDevelopment": "0", "operatingExpenses": "161560000", "investmentIncomeNet": "None", "netInterestIncome": "None", "interestIncome": "None", "interestExpense": "304401000", "nonInterestIncome": "None", "otherNonOperatingIncome": "None", "depreciation": "None", "depreciationAndAmortization": "18622000", "incomeBeforeTax": "939939000", "incomeTaxExpense": "362485000", "interestAndDebtExpense": "None", "netIncomeFromContinuingOperations": "0", "comprehensiveIncomeNetOfTax": "None", "ebit": "939939000", "ebitda": "958561000", "netIncome": "552928000"}, {"fiscalDateEnding": "2009-06-30", "reportedCurrency": "USD", "grossProfit": "1619099000", "totalRevenue": "1619099000", "costOfRevenue": "1170098000", "costofGoodsAndServicesSold": "1170098000", "operatingIncome": "414610000", "sellingGeneralAndAdministrative": "282592000", "researchAndDevelopment": "0", "operatingExpenses": "177472000", "investmentIncomeNet": "None", "netInterestIncome": "None", "interestIncome": "None", "interestExpense": "320005000", "nonInterestIncome": "None", "otherNonOperatingIncome": "None", "depreciation": "None", "depreciationAndAmortization": "17727000", "incomeBeforeTax": "414610000", "incomeTaxExpense": "188810000", "interestAndDebtExpense": "None", "netIncomeFromContinuingOperations": "0", "comprehensiveIncomeNetOfTax": "None", "ebit": "414610000", "ebitda": "432337000", "netIncome": "206366000"}, {"fiscalDateEnding": "2009-03-31", "reportedCurrency": "USD", "grossProfit": "1218188000", "totalRevenue": "1218188000", "costOfRevenue": "1468423000", "costofGoodsAndServicesSold": "1468423000", "operatingIncome": "196093000", "sellingGeneralAndAdministrative": "219488000", "researchAndDevelopment": "0", "operatingExpenses": "181556000", "investmentIncomeNet": "None", "netInterestIncome": "None", "interestIncome": "None", "interestExpense": "312720000", "nonInterestIncome": "None", "otherNonOperatingIncome": "None", "depreciation": "None", "depreciationAndAmortization": "26078000", "incomeBeforeTax": "196093000", "incomeTaxExpense": "75699000", "interestAndDebtExpense": "None", "netIncomeFromContinuingOperations": "0", "comprehensiveIncomeNetOfTax": "None", "ebit": "196093000", "ebitda": "222171000", "netIncome": "118380000"}, {"fiscalDateEnding": "2008-12-31", "reportedCurrency": "USD", "grossProfit": "2606652000", "totalRevenue": "2606652000", "costOfRevenue": "1495051000", "costofGoodsAndServicesSold": "1495051000", "operatingIncome": "655671000", "sellingGeneralAndAdministrative": "187306000", "researchAndDevelopment": "0", "operatingExpenses": "222299000", "investmentIncomeNet": "None", "netInterestIncome": "None", "interestIncome": "None", "interestExpense": "1398587000", "nonInterestIncome": "None", "otherNonOperatingIncome": "None", "depreciation": "None", "depreciationAndAmortization": "58278000", "incomeBeforeTax": "666977000", "incomeTaxExpense": "223336000", "interestAndDebtExpense": "None", "netIncomeFromContinuingOperations": "0", "comprehensiveIncomeNetOfTax": "None", "ebit": "655671000", "ebitda": "713949000", "netIncome": "432335000"}, {"fiscalDateEnding": "2008-09-30", "reportedCurrency": "USD", "grossProfit": "1251170000", "totalRevenue": "1251170000", "costOfRevenue": "1631342000", "costofGoodsAndServicesSold": "1631342000", "operatingIncome": "274938000", "sellingGeneralAndAdministrative": "222426000", "researchAndDevelopment": "0", "operatingExpenses": "220703000", "investmentIncomeNet": "None", "netInterestIncome": "None", "interestIncome": "None", "interestExpense": "305643000", "nonInterestIncome": "None", "otherNonOperatingIncome": "None", "depreciation": "None", "depreciationAndAmortization": "66048000", "incomeBeforeTax": "273785000", "incomeTaxExpense": "94885000", "interestAndDebtExpense": "None", "netIncomeFromContinuingOperations": "0", "comprehensiveIncomeNetOfTax": "None", "ebit": "274938000", "ebitda": "340986000", "netIncome": "180053000"}, {"fiscalDateEnding": "2008-06-30", "reportedCurrency": "USD", "grossProfit": "1143707000", "totalRevenue": "1143707000", "costOfRevenue": "1238867000", "costofGoodsAndServicesSold": "1238867000", "operatingIncome": "358518000", "sellingGeneralAndAdministrative": "218290000", "researchAndDevelopment": "0", "operatingExpenses": "213430000", "investmentIncomeNet": "None", "netInterestIncome": "None", "interestIncome": "None", "interestExpense": "313248000", "nonInterestIncome": "None", "otherNonOperatingIncome": "None", "depreciation": "None", "depreciationAndAmortization": "52078000", "incomeBeforeTax": "325913000", "incomeTaxExpense": "124370000", "interestAndDebtExpense": "None", "netIncomeFromContinuingOperations": "0", "comprehensiveIncomeNetOfTax": "None", "ebit": "358518000", "ebitda": "410596000", "netIncome": "234148000"}, {"fiscalDateEnding": "2008-03-31", "reportedCurrency": "USD", "grossProfit": "1298905000", "totalRevenue": "1298905000", "costOfRevenue": "1084369000", "costofGoodsAndServicesSold": "1084369000", "operatingIncome": "233315000", "sellingGeneralAndAdministrative": "217370000", "researchAndDevelopment": "0", "operatingExpenses": "215225000", "investmentIncomeNet": "None", "netInterestIncome": "None", "interestIncome": "None", "interestExpense": "339441000", "nonInterestIncome": "None", "otherNonOperatingIncome": "None", "depreciation": "None", "depreciationAndAmortization": "54994000", "incomeBeforeTax": "390930000", "incomeTaxExpense": "152101000", "interestAndDebtExpense": "None", "netIncomeFromContinuingOperations": "0", "comprehensiveIncomeNetOfTax": "None", "ebit": "233315000", "ebitda": "288309000", "netIncome": "81214000"}, {"fiscalDateEnding": "2007-12-31", "reportedCurrency": "USD", "grossProfit": "2594019000", "totalRevenue": "2594019000", "costOfRevenue": "1242613000", "costofGoodsAndServicesSold": "1242613000", "operatingIncome": "-88005000", "sellingGeneralAndAdministrative": "226494000", "researchAndDevelopment": "0", "operatingExpenses": "1689000", "investmentIncomeNet": "None", "netInterestIncome": "None", "interestIncome": "None", "interestExpense": "1994107000", "nonInterestIncome": "None", "otherNonOperatingIncome": "None", "depreciation": "None", "depreciationAndAmortization": "79869000", "incomeBeforeTax": "-88005000", "incomeTaxExpense": "-31521000", "interestAndDebtExpense": "None", "netIncomeFromContinuingOperations": "0", "comprehensiveIncomeNetOfTax": "None", "ebit": "-88005000", "ebitda": "-8136000", "netIncome": "-56484000"}, {"fiscalDateEnding": "2007-09-30", "reportedCurrency": "USD", "grossProfit": "1239639000", "totalRevenue": "1239639000", "costOfRevenue": "1175588000", "costofGoodsAndServicesSold": "1175588000", "operatingIncome": "329214000", "sellingGeneralAndAdministrative": "227904000", "researchAndDevelopment": "0", "operatingExpenses": "257075000", "investmentIncomeNet": "None", "netInterestIncome": "None", "interestIncome": "None", "interestExpense": "361469000", "nonInterestIncome": "None", "otherNonOperatingIncome": "None", "depreciation": "None", "depreciationAndAmortization": "62123000", "incomeBeforeTax": "329214000", "incomeTaxExpense": "126974000", "interestAndDebtExpense": "None", "netIncomeFromContinuingOperations": "0", "comprehensiveIncomeNetOfTax": "None", "ebit": "329214000", "ebitda": "391337000", "netIncome": "202240000"}, {"fiscalDateEnding": "2007-06-30", "reportedCurrency": "USD", "grossProfit": "1238805000", "totalRevenue": "1238805000", "costOfRevenue": "971985000", "costofGoodsAndServicesSold": "971985000", "operatingIncome": "332526000", "sellingGeneralAndAdministrative": "234373000", "researchAndDevelopment": "0", "operatingExpenses": "254194000", "investmentIncomeNet": "None", "netInterestIncome": "None", "interestIncome": "None", "interestExpense": "336253000", "nonInterestIncome": "None", "otherNonOperatingIncome": "None", "depreciation": "None", "depreciationAndAmortization": "58789000", "incomeBeforeTax": "332526000", "incomeTaxExpense": "123284000", "interestAndDebtExpense": "None", "netIncomeFromContinuingOperations": "0", "comprehensiveIncomeNetOfTax": "None", "ebit": "332526000", "ebitda": "391315000", "netIncome": "210242000"}, {"fiscalDateEnding": "2007-03-31", "reportedCurrency": "USD", "grossProfit": "0", "totalRevenue": "1238805000", "costOfRevenue": "953474000", "costofGoodsAndServicesSold": "953474000", "operatingIncome": "451079000", "sellingGeneralAndAdministrative": "234373000", "researchAndDevelopment": "0", "operatingExpenses": "1072000000", "investmentIncomeNet": "None", "netInterestIncome": "None", "interestIncome": "None", "interestExpense": "336253000", "nonInterestIncome": "None", "otherNonOperatingIncome": "None", "depreciation": "None", "depreciationAndAmortization": "58789000", "incomeBeforeTax": "332526000", "incomeTaxExpense": "123284000", "interestAndDebtExpense": "None", "netIncomeFromContinuingOperations": "0", "comprehensiveIncomeNetOfTax": "None", "ebit": "332526000", "ebitda": "None", "netIncome": "209242000"}, {"fiscalDateEnding": "2006-12-31", "reportedCurrency": "USD", "grossProfit": "1222023000", "totalRevenue": "1222023000", "costOfRevenue": "864497000", "costofGoodsAndServicesSold": "864497000", "operatingIncome": "371461000", "sellingGeneralAndAdministrative": "233318000", "researchAndDevelopment": "0", "operatingExpenses": "-850562000", "investmentIncomeNet": "None", "netInterestIncome": "None", "interestIncome": "None", "interestExpense": "283959000", "nonInterestIncome": "None", "otherNonOperatingIncome": "None", "depreciation": "None", "depreciationAndAmortization": "56350000", "incomeBeforeTax": "371461000", "incomeTaxExpense": "137829000", "interestAndDebtExpense": "None", "netIncomeFromContinuingOperations": "0", "comprehensiveIncomeNetOfTax": "None", "ebit": "371461000", "ebitda": "427811000", "netIncome": "233632000"}, {"fiscalDateEnding": "2006-09-30", "reportedCurrency": "USD", "grossProfit": "2996189000", "totalRevenue": "2996189000", "costOfRevenue": "1131491000", "costofGoodsAndServicesSold": "1131491000", "operatingIncome": "185541000", "sellingGeneralAndAdministrative": "234625000", "researchAndDevelopment": "0", "operatingExpenses": "-2810648000", "investmentIncomeNet": "None", "netInterestIncome": "None", "interestIncome": "None", "interestExpense": "1641067000", "nonInterestIncome": "None", "otherNonOperatingIncome": "None", "depreciation": "None", "depreciationAndAmortization": "144724000", "incomeBeforeTax": "185541000", "incomeTaxExpense": "-981000", "interestAndDebtExpense": "None", "netIncomeFromContinuingOperations": "0", "comprehensiveIncomeNetOfTax": "None", "ebit": "185541000", "ebitda": "330265000", "netIncome": "186522000"}, {"fiscalDateEnding": "2006-06-30", "reportedCurrency": "USD", "grossProfit": "1120988000", "totalRevenue": "1120988000", "costOfRevenue": "1032420000", "costofGoodsAndServicesSold": "1032420000", "operatingIncome": "367531000", "sellingGeneralAndAdministrative": "237436000", "researchAndDevelopment": "0", "operatingExpenses": "-753457000", "investmentIncomeNet": "None", "netInterestIncome": "None", "interestIncome": "None", "interestExpense": "250440000", "nonInterestIncome": "None", "otherNonOperatingIncome": "None", "depreciation": "None", "depreciationAndAmortization": "24832000", "incomeBeforeTax": "367531000", "incomeTaxExpense": "126138000", "interestAndDebtExpense": "None", "netIncomeFromContinuingOperations": "0", "comprehensiveIncomeNetOfTax": "None", "ebit": "367531000", "ebitda": "392363000", "netIncome": "241393000"}, {"fiscalDateEnding": "2006-03-31", "reportedCurrency": "USD", "grossProfit": "1061529000", "totalRevenue": "1061529000", "costOfRevenue": "885875000", "costofGoodsAndServicesSold": "885875000", "operatingIncome": "544336000", "sellingGeneralAndAdministrative": "223296000", "researchAndDevelopment": "0", "operatingExpenses": "-517193000", "investmentIncomeNet": "None", "netInterestIncome": "None", "interestIncome": "None", "interestExpense": "217336000", "nonInterestIncome": "None", "otherNonOperatingIncome": "None", "depreciation": "None", "depreciationAndAmortization": "None", "incomeBeforeTax": "544336000", "incomeTaxExpense": "201058000", "interestAndDebtExpense": "None", "netIncomeFromContinuingOperations": "0", "comprehensiveIncomeNetOfTax": "None", "ebit": "0", "ebitda": "544336000", "netIncome": "343278000"}, {"fiscalDateEnding": "2005-12-31", "reportedCurrency": "USD", "grossProfit": "0", "totalRevenue": "1475706000", "costOfRevenue": "872862000", "costofGoodsAndServicesSold": "872862000", "operatingIncome": "550289000", "sellingGeneralAndAdministrative": "0", "researchAndDevelopment": "0", "operatingExpenses": "0", "investmentIncomeNet": "None", "netInterestIncome": "None", "interestIncome": "None", "interestExpense": "65392000", "nonInterestIncome": "None", "otherNonOperatingIncome": "None", "depreciation": "None", "depreciationAndAmortization": "None", "incomeBeforeTax": "484897000", "incomeTaxExpense": "179474000", "interestAndDebtExpense": "None", "netIncomeFromContinuingOperations": "0", "comprehensiveIncomeNetOfTax": "None", "ebit": "0", "ebitda": "None", "netIncome": "305423000"}, {"fiscalDateEnding": "2005-09-30", "reportedCurrency": "USD", "grossProfit": "1303763000", "totalRevenue": "1222779000", "costOfRevenue": "3808085000", "costofGoodsAndServicesSold": "3808085000", "operatingIncome": "1089452000", "sellingGeneralAndAdministrative": "0", "researchAndDevelopment": "0", "operatingExpenses": "0", "investmentIncomeNet": "None", "netInterestIncome": "None", "interestIncome": "None", "interestExpense": "165196000", "nonInterestIncome": "None", "otherNonOperatingIncome": "None", "depreciation": "None", "depreciationAndAmortization": "None", "incomeBeforeTax": "67092000", "incomeTaxExpense": "24665000", "interestAndDebtExpense": "None", "netIncomeFromContinuingOperations": "0", "comprehensiveIncomeNetOfTax": "None", "ebit": "0", "ebitda": "None", "netIncome": "42427000"}, {"fiscalDateEnding": "2005-06-30", "reportedCurrency": "USD", "grossProfit": "0", "totalRevenue": "1348958000", "costOfRevenue": "0", "costofGoodsAndServicesSold": "0", "operatingIncome": "0", "sellingGeneralAndAdministrative": "0", "researchAndDevelopment": "0", "operatingExpenses": "0", "investmentIncomeNet": "None", "netInterestIncome": "None", "interestIncome": "None", "interestExpense": "0", "nonInterestIncome": "None", "otherNonOperatingIncome": "None", "depreciation": "None", "depreciationAndAmortization": "None", "incomeBeforeTax": "238958000", "incomeTaxExpense": "89092000", "interestAndDebtExpense": "None", "netIncomeFromContinuingOperations": "0", "comprehensiveIncomeNetOfTax": "None", "ebit": "0", "ebitda": "None", "netIncome": "149866000"}, {"fiscalDateEnding": "2005-03-31", "reportedCurrency": "USD", "grossProfit": "0", "totalRevenue": "1277776000", "costOfRevenue": "0", "costofGoodsAndServicesSold": "0", "operatingIncome": "0", "sellingGeneralAndAdministrative": "0", "researchAndDevelopment": "0", "operatingExpenses": "0", "investmentIncomeNet": "None", "netInterestIncome": "None", "interestIncome": "None", "interestExpense": "0", "nonInterestIncome": "None", "otherNonOperatingIncome": "None", "depreciation": "None", "depreciationAndAmortization": "None", "incomeBeforeTax": "269451000", "incomeTaxExpense": "98389000", "interestAndDebtExpense": "None", "netIncomeFromContinuingOperations": "0", "comprehensiveIncomeNetOfTax": "None", "ebit": "0", "ebitda": "None", "netIncome": "171062000"}, {"fiscalDateEnding": "2004-12-31", "reportedCurrency": "USD", "grossProfit": "0", "totalRevenue": "1262335000", "costOfRevenue": "0", "costofGoodsAndServicesSold": "0", "operatingIncome": "0", "sellingGeneralAndAdministrative": "0", "researchAndDevelopment": "0", "operatingExpenses": "0", "investmentIncomeNet": "None", "netInterestIncome": "None", "interestIncome": "None", "interestExpense": "0", "nonInterestIncome": "None", "otherNonOperatingIncome": "None", "depreciation": "None", "depreciationAndAmortization": "None", "incomeBeforeTax": "348755000", "incomeTaxExpense": "134195000", "interestAndDebtExpense": "None", "netIncomeFromContinuingOperations": "0", "comprehensiveIncomeNetOfTax": "None", "ebit": "0", "ebitda": "None", "netIncome": "214560000"}]}