{"symbol": "NOW", "annualReports": [{"fiscalDateEnding": "2024-12-31", "reportedCurrency": "USD", "grossProfit": "8697000000", "totalRevenue": "10984000000", "costOfRevenue": "2287000000", "costofGoodsAndServicesSold": "2287000000", "operatingIncome": "1364000000", "sellingGeneralAndAdministrative": "936000000", "researchAndDevelopment": "2543000000", "operatingExpenses": "7333000000", "investmentIncomeNet": "None", "netInterestIncome": "396000000", "interestIncome": "419000000", "interestExpense": "23000000", "nonInterestIncome": "None", "otherNonOperatingIncome": "None", "depreciation": "None", "depreciationAndAmortization": "564000000", "incomeBeforeTax": "1738000000", "incomeTaxExpense": "313000000", "interestAndDebtExpense": "None", "netIncomeFromContinuingOperations": "1425000000", "comprehensiveIncomeNetOfTax": "None", "ebit": "1761000000", "ebitda": "2325000000", "netIncome": "1425000000"}, {"fiscalDateEnding": "2023-12-31", "reportedCurrency": "USD", "grossProfit": "7050000000", "totalRevenue": "8971000000", "costOfRevenue": "1921000000", "costofGoodsAndServicesSold": "1921000000", "operatingIncome": "762000000", "sellingGeneralAndAdministrative": "863000000", "researchAndDevelopment": "2124000000", "operatingExpenses": "6288000000", "investmentIncomeNet": "None", "netInterestIncome": "230000000", "interestIncome": "255000000", "interestExpense": "25000000", "nonInterestIncome": "None", "otherNonOperatingIncome": "None", "depreciation": "None", "depreciationAndAmortization": "526000000", "incomeBeforeTax": "1008000000", "incomeTaxExpense": "-723000000", "interestAndDebtExpense": "None", "netIncomeFromContinuingOperations": "1586000000", "comprehensiveIncomeNetOfTax": "None", "ebit": "762000000", "ebitda": "1288000000", "netIncome": "1731000000"}, {"fiscalDateEnding": "2022-12-31", "reportedCurrency": "USD", "grossProfit": "5672000000", "totalRevenue": "7245000000", "costOfRevenue": "1573000000", "costofGoodsAndServicesSold": "1573000000", "operatingIncome": "355000000", "sellingGeneralAndAdministrative": "735000000", "researchAndDevelopment": "1768000000", "operatingExpenses": "5317000000", "investmentIncomeNet": "None", "netInterestIncome": "-27000000", "interestIncome": "27000000", "interestExpense": "27000000", "nonInterestIncome": "None", "otherNonOperatingIncome": "None", "depreciation": "None", "depreciationAndAmortization": "342000000", "incomeBeforeTax": "399000000", "incomeTaxExpense": "74000000", "interestAndDebtExpense": "None", "netIncomeFromContinuingOperations": "325000000", "comprehensiveIncomeNetOfTax": "None", "ebit": "426000000", "ebitda": "768000000", "netIncome": "325000000"}, {"fiscalDateEnding": "2021-12-31", "reportedCurrency": "USD", "grossProfit": "4543000000", "totalRevenue": "5896000000", "costOfRevenue": "1353000000", "costofGoodsAndServicesSold": "1353000000", "operatingIncome": "257000000", "sellingGeneralAndAdministrative": "597000000", "researchAndDevelopment": "1397000000", "operatingExpenses": "4286000000", "investmentIncomeNet": "None", "netInterestIncome": "-28000000", "interestIncome": "28000000", "interestExpense": "28000000", "nonInterestIncome": "None", "otherNonOperatingIncome": "20000000", "depreciation": "None", "depreciationAndAmortization": "388000000", "incomeBeforeTax": "249000000", "incomeTaxExpense": "19000000", "interestAndDebtExpense": "None", "netIncomeFromContinuingOperations": "230000000", "comprehensiveIncomeNetOfTax": "None", "ebit": "-131000000", "ebitda": "257000000", "netIncome": "230000000"}, {"fiscalDateEnding": "2020-12-31", "reportedCurrency": "USD", "grossProfit": "3532371000", "totalRevenue": "4519484000", "costOfRevenue": "987113000", "costofGoodsAndServicesSold": "987113000", "operatingIncome": "198863000", "sellingGeneralAndAdministrative": "454165000", "researchAndDevelopment": "1024327000", "operatingExpenses": "3333508000", "investmentIncomeNet": "None", "netInterestIncome": "-32746000", "interestIncome": "49678000", "interestExpense": "32746000", "nonInterestIncome": "None", "otherNonOperatingIncome": "-16932000", "depreciation": "None", "depreciationAndAmortization": "271000000", "incomeBeforeTax": "149185000", "incomeTaxExpense": "30682000", "interestAndDebtExpense": "None", "netIncomeFromContinuingOperations": "118503000", "comprehensiveIncomeNetOfTax": "None", "ebit": "181931000", "ebitda": "452931000", "netIncome": "119000000"}, {"fiscalDateEnding": "2019-12-31", "reportedCurrency": "USD", "grossProfit": "2663792000", "totalRevenue": "3460437000", "costOfRevenue": "796645000", "costofGoodsAndServicesSold": "796645000", "operatingIncome": "100468000", "sellingGeneralAndAdministrative": "339016000", "researchAndDevelopment": "748369000", "operatingExpenses": "2621669000", "investmentIncomeNet": "None", "netInterestIncome": "22126000", "interestIncome": "55409000", "interestExpense": "33283000", "nonInterestIncome": "None", "otherNonOperatingIncome": "58345000", "depreciation": "None", "depreciationAndAmortization": "202500000", "incomeBeforeTax": "67185000", "incomeTaxExpense": "-559513000", "interestAndDebtExpense": "None", "netIncomeFromContinuingOperations": "626698000", "comprehensiveIncomeNetOfTax": "None", "ebit": "100468000", "ebitda": "302968000", "netIncome": "626698000"}, {"fiscalDateEnding": "2018-12-31", "reportedCurrency": "USD", "grossProfit": "1986158000", "totalRevenue": "2608816000", "costOfRevenue": "622658000", "costofGoodsAndServicesSold": "622658000", "operatingIncome": "-42426000", "sellingGeneralAndAdministrative": "296027000", "researchAndDevelopment": "529501000", "operatingExpenses": "2028584000", "investmentIncomeNet": "None", "netInterestIncome": "-18109000", "interestIncome": "34624000", "interestExpense": "52733000", "nonInterestIncome": "None", "otherNonOperatingIncome": "56135000", "depreciation": "None", "depreciationAndAmortization": "148200000", "incomeBeforeTax": "-39024000", "incomeTaxExpense": "-12320000", "interestAndDebtExpense": "None", "netIncomeFromContinuingOperations": "-26704000", "comprehensiveIncomeNetOfTax": "None", "ebit": "13709000", "ebitda": "161909000", "netIncome": "-26704000"}, {"fiscalDateEnding": "2017-12-31", "reportedCurrency": "USD", "grossProfit": "1433254000", "totalRevenue": "1933026000", "costOfRevenue": "499772000", "costofGoodsAndServicesSold": "499772000", "operatingIncome": "-101414000", "sellingGeneralAndAdministrative": "210533000", "researchAndDevelopment": "377518000", "operatingExpenses": "1534668000", "investmentIncomeNet": "None", "netInterestIncome": "-36717000", "interestIncome": "16677000", "interestExpense": "53394000", "nonInterestIncome": "None", "otherNonOperatingIncome": "11181000", "depreciation": "None", "depreciationAndAmortization": "112900000", "incomeBeforeTax": "-149004000", "incomeTaxExpense": "126000", "interestAndDebtExpense": "None", "netIncomeFromContinuingOperations": "-149130000", "comprehensiveIncomeNetOfTax": "None", "ebit": "-63421000", "ebitda": "49479000", "netIncome": "-149130000"}, {"fiscalDateEnding": "2016-12-31", "reportedCurrency": "USD", "grossProfit": "991831000", "totalRevenue": "1390513000", "costOfRevenue": "398682000", "costofGoodsAndServicesSold": "398682000", "operatingIncome": "-422808000", "sellingGeneralAndAdministrative": "158936000", "researchAndDevelopment": "285239000", "operatingExpenses": "1144639000", "investmentIncomeNet": "None", "netInterestIncome": "-25246000", "interestIncome": "8032000", "interestExpense": "33278000", "nonInterestIncome": "None", "otherNonOperatingIncome": "6623000", "depreciation": "None", "depreciationAndAmortization": "83082000", "incomeBeforeTax": "-450051000", "incomeTaxExpense": "1753000", "interestAndDebtExpense": "None", "netIncomeFromContinuingOperations": "-448298000", "comprehensiveIncomeNetOfTax": "None", "ebit": "-416773000", "ebitda": "-333691000", "netIncome": "-451804000"}, {"fiscalDateEnding": "2015-12-31", "reportedCurrency": "USD", "grossProfit": "676067000", "totalRevenue": "1005480000", "costOfRevenue": "329413000", "costofGoodsAndServicesSold": "329413000", "operatingIncome": "-166365000", "sellingGeneralAndAdministrative": "126604000", "researchAndDevelopment": "217389000", "operatingExpenses": "842432000", "investmentIncomeNet": "None", "netInterestIncome": "None", "interestIncome": "26647000", "interestExpense": "26647000", "nonInterestIncome": "None", "otherNonOperatingIncome": "2858000", "depreciation": "None", "depreciationAndAmortization": "60356000", "incomeBeforeTax": "-193012000", "incomeTaxExpense": "5414000", "interestAndDebtExpense": "None", "netIncomeFromContinuingOperations": "-187598000", "comprehensiveIncomeNetOfTax": "None", "ebit": "-161915000", "ebitda": "-101559000", "netIncome": "-198426000"}, {"fiscalDateEnding": "2014-12-31", "reportedCurrency": "USD", "grossProfit": "433787000", "totalRevenue": "682563000", "costOfRevenue": "248776000", "costofGoodsAndServicesSold": "248776000", "operatingIncome": "-151835000", "sellingGeneralAndAdministrative": "96245000", "researchAndDevelopment": "148258000", "operatingExpenses": "585622000", "investmentIncomeNet": "None", "netInterestIncome": "None", "interestIncome": "None", "interestExpense": "23705000", "nonInterestIncome": "None", "otherNonOperatingIncome": "-24315000", "depreciation": "None", "depreciationAndAmortization": "42059000", "incomeBeforeTax": "-175540000", "incomeTaxExpense": "3847000", "interestAndDebtExpense": "None", "netIncomeFromContinuingOperations": "-179387000", "comprehensiveIncomeNetOfTax": "None", "ebit": "-146481000", "ebitda": "-104422000", "netIncome": "-179387000"}, {"fiscalDateEnding": "2013-12-31", "reportedCurrency": "USD", "grossProfit": "269391000", "totalRevenue": "424650000", "costOfRevenue": "155259000", "costofGoodsAndServicesSold": "155259000", "operatingIncome": "-66267000", "sellingGeneralAndAdministrative": "61790000", "researchAndDevelopment": "78678000", "operatingExpenses": "335658000", "investmentIncomeNet": "None", "netInterestIncome": "None", "interestIncome": "None", "interestExpense": "4930000", "nonInterestIncome": "None", "otherNonOperatingIncome": "-5067000", "depreciation": "None", "depreciationAndAmortization": "24152000", "incomeBeforeTax": "-71197000", "incomeTaxExpense": "2511000", "interestAndDebtExpense": "None", "netIncomeFromContinuingOperations": "-73708000", "comprehensiveIncomeNetOfTax": "None", "ebit": "-71824000", "ebitda": "-47672000", "netIncome": "-73708000"}, {"fiscalDateEnding": "2012-12-31", "reportedCurrency": "USD", "grossProfit": "139703000", "totalRevenue": "243712000", "costOfRevenue": "104009000", "costofGoodsAndServicesSold": "104009000", "operatingIncome": "-37584000", "sellingGeneralAndAdministrative": "34117000", "researchAndDevelopment": "39333000", "operatingExpenses": "177287000", "investmentIncomeNet": "None", "netInterestIncome": "None", "interestIncome": "None", "interestExpense": "1604000", "nonInterestIncome": "None", "otherNonOperatingIncome": "1499000", "depreciation": "None", "depreciationAndAmortization": "13506000", "incomeBeforeTax": "-35980000", "incomeTaxExpense": "1368000", "interestAndDebtExpense": "None", "netIncomeFromContinuingOperations": "-37348000", "comprehensiveIncomeNetOfTax": "None", "ebit": "-35980000", "ebitda": "-22474000", "netIncome": "-37348000"}, {"fiscalDateEnding": "2011-12-31", "reportedCurrency": "USD", "grossProfit": "45500000", "totalRevenue": "73400000", "costOfRevenue": "27900000", "costofGoodsAndServicesSold": "27900000", "operatingIncome": "-4200000", "sellingGeneralAndAdministrative": "42600000", "researchAndDevelopment": "7000000", "operatingExpenses": "49600000", "investmentIncomeNet": "None", "netInterestIncome": "None", "interestIncome": "None", "interestExpense": "0", "nonInterestIncome": "None", "otherNonOperatingIncome": "None", "depreciation": "None", "depreciationAndAmortization": "2000000", "incomeBeforeTax": "-5600000", "incomeTaxExpense": "1100000", "interestAndDebtExpense": "None", "netIncomeFromContinuingOperations": "None", "comprehensiveIncomeNetOfTax": "None", "ebit": "-7000000", "ebitda": "-5000000", "netIncome": "-6700000"}, {"fiscalDateEnding": "2010-12-31", "reportedCurrency": "USD", "grossProfit": "61066000", "totalRevenue": "92641000", "costOfRevenue": "31575000", "costofGoodsAndServicesSold": "31575000", "operatingIncome": "10560000", "sellingGeneralAndAdministrative": "9379000", "researchAndDevelopment": "7004000", "operatingExpenses": "50506000", "investmentIncomeNet": "None", "netInterestIncome": "None", "interestIncome": "None", "interestExpense": "0", "nonInterestIncome": "None", "otherNonOperatingIncome": "None", "depreciation": "None", "depreciationAndAmortization": "1472000", "incomeBeforeTax": "11166000", "incomeTaxExpense": "1336000", "interestAndDebtExpense": "None", "netIncomeFromContinuingOperations": "None", "comprehensiveIncomeNetOfTax": "None", "ebit": "9954000", "ebitda": "11426000", "netIncome": "9830000"}, {"fiscalDateEnding": "2009-12-31", "reportedCurrency": "USD", "grossProfit": "27139000", "totalRevenue": "43329000", "costOfRevenue": "16190000", "costofGoodsAndServicesSold": "16190000", "operatingIncome": "-28199000", "sellingGeneralAndAdministrative": "28810000", "researchAndDevelopment": "7194000", "operatingExpenses": "55338000", "investmentIncomeNet": "None", "netInterestIncome": "None", "interestIncome": "None", "interestExpense": "1226000", "nonInterestIncome": "None", "otherNonOperatingIncome": "None", "depreciation": "None", "depreciationAndAmortization": "369000", "incomeBeforeTax": "-29425000", "incomeTaxExpense": "280000", "interestAndDebtExpense": "None", "netIncomeFromContinuingOperations": "None", "comprehensiveIncomeNetOfTax": "None", "ebit": "-28199000", "ebitda": "-27830000", "netIncome": "-29705000"}, {"fiscalDateEnding": "2008-12-31", "reportedCurrency": "USD", "grossProfit": "11400000", "totalRevenue": "19300000", "costOfRevenue": "7900000", "costofGoodsAndServicesSold": "7900000", "operatingIncome": "-5900000", "sellingGeneralAndAdministrative": "14900000", "researchAndDevelopment": "2400000", "operatingExpenses": "17200000", "investmentIncomeNet": "None", "netInterestIncome": "None", "interestIncome": "None", "interestExpense": "1226000", "nonInterestIncome": "None", "otherNonOperatingIncome": "None", "depreciation": "None", "depreciationAndAmortization": "200000", "incomeBeforeTax": "-5900000", "incomeTaxExpense": "None", "interestAndDebtExpense": "None", "netIncomeFromContinuingOperations": "None", "comprehensiveIncomeNetOfTax": "None", "ebit": "-29256000", "ebitda": "-29056000", "netIncome": "-5900000"}, {"fiscalDateEnding": "2007-12-31", "reportedCurrency": "USD", "grossProfit": "4200000", "totalRevenue": "8800000", "costOfRevenue": "4600000", "costofGoodsAndServicesSold": "4600000", "operatingIncome": "-5900000", "sellingGeneralAndAdministrative": "8000000", "researchAndDevelopment": "2100000", "operatingExpenses": "10000000", "investmentIncomeNet": "None", "netInterestIncome": "None", "interestIncome": "None", "interestExpense": "0", "nonInterestIncome": "None", "otherNonOperatingIncome": "None", "depreciation": "None", "depreciationAndAmortization": "None", "incomeBeforeTax": "-5900000", "incomeTaxExpense": "None", "interestAndDebtExpense": "None", "netIncomeFromContinuingOperations": "None", "comprehensiveIncomeNetOfTax": "None", "ebit": "-5900000", "ebitda": "-5900000", "netIncome": "-5900000"}, {"fiscalDateEnding": "2006-12-31", "reportedCurrency": "USD", "grossProfit": "1200000", "totalRevenue": "1900000", "costOfRevenue": "700000", "costofGoodsAndServicesSold": "700000", "operatingIncome": "-4100000", "sellingGeneralAndAdministrative": "2700000", "researchAndDevelopment": "2700000", "operatingExpenses": "5300000", "investmentIncomeNet": "None", "netInterestIncome": "None", "interestIncome": "None", "interestExpense": "200000", "nonInterestIncome": "None", "otherNonOperatingIncome": "None", "depreciation": "None", "depreciationAndAmortization": "300000", "incomeBeforeTax": "-4000000", "incomeTaxExpense": "-300000", "interestAndDebtExpense": "None", "netIncomeFromContinuingOperations": "None", "comprehensiveIncomeNetOfTax": "None", "ebit": "-4100000", "ebitda": "-3800000", "netIncome": "-3700000"}], "quarterlyReports": [{"fiscalDateEnding": "2024-12-31", "reportedCurrency": "USD", "grossProfit": "2326000000", "totalRevenue": "2957000000", "costOfRevenue": "631000000", "costofGoodsAndServicesSold": "631000000", "operatingIncome": "374000000", "sellingGeneralAndAdministrative": "257000000", "researchAndDevelopment": "668000000", "operatingExpenses": "1952000000", "investmentIncomeNet": "None", "netInterestIncome": "101000000", "interestIncome": "106000000", "interestExpense": "5000000", "nonInterestIncome": "None", "otherNonOperatingIncome": "None", "depreciation": "None", "depreciationAndAmortization": "154000000", "incomeBeforeTax": "463000000", "incomeTaxExpense": "79000000", "interestAndDebtExpense": "None", "netIncomeFromContinuingOperations": "384000000", "comprehensiveIncomeNetOfTax": "None", "ebit": "468000000", "ebitda": "622000000", "netIncome": "384000000"}, {"fiscalDateEnding": "2024-09-30", "reportedCurrency": "USD", "grossProfit": "2213000000", "totalRevenue": "2797000000", "costOfRevenue": "584000000", "costofGoodsAndServicesSold": "584000000", "operatingIncome": "418000000", "sellingGeneralAndAdministrative": "225000000", "researchAndDevelopment": "626000000", "operatingExpenses": "1795000000", "investmentIncomeNet": "None", "netInterestIncome": "102000000", "interestIncome": "108000000", "interestExpense": "6000000", "nonInterestIncome": "None", "otherNonOperatingIncome": "None", "depreciation": "None", "depreciationAndAmortization": "119000000", "incomeBeforeTax": "516000000", "incomeTaxExpense": "84000000", "interestAndDebtExpense": "None", "netIncomeFromContinuingOperations": "432000000", "comprehensiveIncomeNetOfTax": "None", "ebit": "522000000", "ebitda": "641000000", "netIncome": "432000000"}, {"fiscalDateEnding": "2024-06-30", "reportedCurrency": "USD", "grossProfit": "2075000000", "totalRevenue": "2627000000", "costOfRevenue": "552000000", "costofGoodsAndServicesSold": "552000000", "operatingIncome": "240000000", "sellingGeneralAndAdministrative": "232000000", "researchAndDevelopment": "643000000", "operatingExpenses": "1835000000", "investmentIncomeNet": "None", "netInterestIncome": "98000000", "interestIncome": "104000000", "interestExpense": "6000000", "nonInterestIncome": "None", "otherNonOperatingIncome": "None", "depreciation": "None", "depreciationAndAmortization": "112000000", "incomeBeforeTax": "334000000", "incomeTaxExpense": "72000000", "interestAndDebtExpense": "None", "netIncomeFromContinuingOperations": "262000000", "comprehensiveIncomeNetOfTax": "None", "ebit": "240000000", "ebitda": "352000000", "netIncome": "262000000"}, {"fiscalDateEnding": "2024-03-31", "reportedCurrency": "USD", "grossProfit": "2083000000", "totalRevenue": "2603000000", "costOfRevenue": "520000000", "costofGoodsAndServicesSold": "520000000", "operatingIncome": "332000000", "sellingGeneralAndAdministrative": "222000000", "researchAndDevelopment": "606000000", "operatingExpenses": "1751000000", "investmentIncomeNet": "None", "netInterestIncome": "95000000", "interestIncome": "101000000", "interestExpense": "6000000", "nonInterestIncome": "None", "otherNonOperatingIncome": "None", "depreciation": "None", "depreciationAndAmortization": "104000000", "incomeBeforeTax": "425000000", "incomeTaxExpense": "78000000", "interestAndDebtExpense": "None", "netIncomeFromContinuingOperations": "347000000", "comprehensiveIncomeNetOfTax": "None", "ebit": "332000000", "ebitda": "436000000", "netIncome": "347000000"}, {"fiscalDateEnding": "2023-12-31", "reportedCurrency": "USD", "grossProfit": "1921000000", "totalRevenue": "2437000000", "costOfRevenue": "516000000", "costofGoodsAndServicesSold": "516000000", "operatingIncome": "270000000", "sellingGeneralAndAdministrative": "242000000", "researchAndDevelopment": "562000000", "operatingExpenses": "1651000000", "investmentIncomeNet": "None", "netInterestIncome": "80000000", "interestIncome": "86000000", "interestExpense": "6000000", "nonInterestIncome": "None", "otherNonOperatingIncome": "None", "depreciation": "None", "depreciationAndAmortization": "154000000", "incomeBeforeTax": "347000000", "incomeTaxExpense": "52000000", "interestAndDebtExpense": "None", "netIncomeFromContinuingOperations": "295000000", "comprehensiveIncomeNetOfTax": "None", "ebit": "270000000", "ebitda": "424000000", "netIncome": "295000000"}, {"fiscalDateEnding": "2023-09-30", "reportedCurrency": "USD", "grossProfit": "1792000000", "totalRevenue": "2288000000", "costOfRevenue": "496000000", "costofGoodsAndServicesSold": "496000000", "operatingIncome": "231000000", "sellingGeneralAndAdministrative": "213000000", "researchAndDevelopment": "549000000", "operatingExpenses": "1561000000", "investmentIncomeNet": "None", "netInterestIncome": "82000000", "interestIncome": "76000000", "interestExpense": "6000000", "nonInterestIncome": "None", "otherNonOperatingIncome": "None", "depreciation": "None", "depreciationAndAmortization": "119000000", "incomeBeforeTax": "299000000", "incomeTaxExpense": "57000000", "interestAndDebtExpense": "None", "netIncomeFromContinuingOperations": "242000000", "comprehensiveIncomeNetOfTax": "None", "ebit": "305000000", "ebitda": "424000000", "netIncome": "242000000"}, {"fiscalDateEnding": "2023-06-30", "reportedCurrency": "USD", "grossProfit": "1679000000", "totalRevenue": "2150000000", "costOfRevenue": "471000000", "costofGoodsAndServicesSold": "471000000", "operatingIncome": "117000000", "sellingGeneralAndAdministrative": "209000000", "researchAndDevelopment": "521000000", "operatingExpenses": "1562000000", "investmentIncomeNet": "None", "netInterestIncome": "74000000", "interestIncome": "74000000", "interestExpense": "6000000", "nonInterestIncome": "None", "otherNonOperatingIncome": "-17000000", "depreciation": "None", "depreciationAndAmortization": "110000000", "incomeBeforeTax": "174000000", "incomeTaxExpense": "-870000000", "interestAndDebtExpense": "None", "netIncomeFromContinuingOperations": "1044000000", "comprehensiveIncomeNetOfTax": "None", "ebit": "180000000", "ebitda": "290000000", "netIncome": "1044000000"}, {"fiscalDateEnding": "2023-03-31", "reportedCurrency": "USD", "grossProfit": "1658000000", "totalRevenue": "2096000000", "costOfRevenue": "438000000", "costofGoodsAndServicesSold": "438000000", "operatingIncome": "144000000", "sellingGeneralAndAdministrative": "199000000", "researchAndDevelopment": "492000000", "operatingExpenses": "1514000000", "investmentIncomeNet": "None", "netInterestIncome": "60000000", "interestIncome": "60000000", "interestExpense": "6000000", "nonInterestIncome": "None", "otherNonOperatingIncome": "-16000000", "depreciation": "None", "depreciationAndAmortization": "126000000", "incomeBeforeTax": "188000000", "incomeTaxExpense": "38000000", "interestAndDebtExpense": "None", "netIncomeFromContinuingOperations": "150000000", "comprehensiveIncomeNetOfTax": "None", "ebit": "194000000", "ebitda": "320000000", "netIncome": "150000000"}, {"fiscalDateEnding": "2022-12-31", "reportedCurrency": "USD", "grossProfit": "1525000000", "totalRevenue": "1940000000", "costOfRevenue": "415000000", "costofGoodsAndServicesSold": "415000000", "operatingIncome": "155000000", "sellingGeneralAndAdministrative": "194000000", "researchAndDevelopment": "454000000", "operatingExpenses": "1370000000", "investmentIncomeNet": "None", "netInterestIncome": "-7000000", "interestIncome": "7000000", "interestExpense": "7000000", "nonInterestIncome": "None", "otherNonOperatingIncome": "None", "depreciation": "None", "depreciationAndAmortization": "98000000", "incomeBeforeTax": "183000000", "incomeTaxExpense": "33000000", "interestAndDebtExpense": "None", "netIncomeFromContinuingOperations": "150000000", "comprehensiveIncomeNetOfTax": "None", "ebit": "190000000", "ebitda": "288000000", "netIncome": "150000000"}, {"fiscalDateEnding": "2022-09-30", "reportedCurrency": "USD", "grossProfit": "1431000000", "totalRevenue": "1831000000", "costOfRevenue": "400000000", "costofGoodsAndServicesSold": "400000000", "operatingIncome": "91000000", "sellingGeneralAndAdministrative": "187000000", "researchAndDevelopment": "456000000", "operatingExpenses": "1340000000", "investmentIncomeNet": "None", "netInterestIncome": "-8000000", "interestIncome": "8000000", "interestExpense": "8000000", "nonInterestIncome": "None", "otherNonOperatingIncome": "19000000", "depreciation": "None", "depreciationAndAmortization": "86000000", "incomeBeforeTax": "102000000", "incomeTaxExpense": "22000000", "interestAndDebtExpense": "None", "netIncomeFromContinuingOperations": "80000000", "comprehensiveIncomeNetOfTax": "None", "ebit": "110000000", "ebitda": "196000000", "netIncome": "80000000"}, {"fiscalDateEnding": "2022-06-30", "reportedCurrency": "USD", "grossProfit": "1363000000", "totalRevenue": "1752000000", "costOfRevenue": "389000000", "costofGoodsAndServicesSold": "389000000", "operatingIncome": "22000000", "sellingGeneralAndAdministrative": "175000000", "researchAndDevelopment": "444000000", "operatingExpenses": "1341000000", "investmentIncomeNet": "None", "netInterestIncome": "-6000000", "interestIncome": "12000000", "interestExpense": "6000000", "nonInterestIncome": "None", "otherNonOperatingIncome": "13000000", "depreciation": "None", "depreciationAndAmortization": "81000000", "incomeBeforeTax": "29000000", "incomeTaxExpense": "9000000", "interestAndDebtExpense": "None", "netIncomeFromContinuingOperations": "20000000", "comprehensiveIncomeNetOfTax": "None", "ebit": "35000000", "ebitda": "116000000", "netIncome": "20000000"}, {"fiscalDateEnding": "2022-03-31", "reportedCurrency": "USD", "grossProfit": "1353000000", "totalRevenue": "1722000000", "costOfRevenue": "369000000", "costofGoodsAndServicesSold": "369000000", "operatingIncome": "87000000", "sellingGeneralAndAdministrative": "179000000", "researchAndDevelopment": "414000000", "operatingExpenses": "1266000000", "investmentIncomeNet": "None", "netInterestIncome": "-6000000", "interestIncome": "6000000", "interestExpense": "6000000", "nonInterestIncome": "None", "otherNonOperatingIncome": "4000000", "depreciation": "None", "depreciationAndAmortization": "78000000", "incomeBeforeTax": "85000000", "incomeTaxExpense": "10000000", "interestAndDebtExpense": "None", "netIncomeFromContinuingOperations": "75000000", "comprehensiveIncomeNetOfTax": "None", "ebit": "91000000", "ebitda": "169000000", "netIncome": "75000000"}, {"fiscalDateEnding": "2021-12-31", "reportedCurrency": "USD", "grossProfit": "1239000000", "totalRevenue": "1614000000", "costOfRevenue": "375000000", "costofGoodsAndServicesSold": "375000000", "operatingIncome": "35000000", "sellingGeneralAndAdministrative": "180000000", "researchAndDevelopment": "392000000", "operatingExpenses": "1204000000", "investmentIncomeNet": "None", "netInterestIncome": "-7000000", "interestIncome": "7000000", "interestExpense": "7000000", "nonInterestIncome": "None", "otherNonOperatingIncome": "4000000", "depreciation": "None", "depreciationAndAmortization": "104000000", "incomeBeforeTax": "32000000", "incomeTaxExpense": "6000000", "interestAndDebtExpense": "None", "netIncomeFromContinuingOperations": "26000000", "comprehensiveIncomeNetOfTax": "None", "ebit": "39000000", "ebitda": "143000000", "netIncome": "26000000"}, {"fiscalDateEnding": "2021-09-30", "reportedCurrency": "USD", "grossProfit": "1162000000", "totalRevenue": "1512000000", "costOfRevenue": "350000000", "costofGoodsAndServicesSold": "350000000", "operatingIncome": "74000000", "sellingGeneralAndAdministrative": "151000000", "researchAndDevelopment": "358000000", "operatingExpenses": "1088000000", "investmentIncomeNet": "None", "netInterestIncome": "-7000000", "interestIncome": "2000000", "interestExpense": "7000000", "nonInterestIncome": "None", "otherNonOperatingIncome": "1000000", "depreciation": "None", "depreciationAndAmortization": "103000000", "incomeBeforeTax": "68000000", "incomeTaxExpense": "5000000", "interestAndDebtExpense": "None", "netIncomeFromContinuingOperations": "63000000", "comprehensiveIncomeNetOfTax": "None", "ebit": "75000000", "ebitda": "178000000", "netIncome": "63000000"}, {"fiscalDateEnding": "2021-06-30", "reportedCurrency": "USD", "grossProfit": "1080000000", "totalRevenue": "1409000000", "costOfRevenue": "329000000", "costofGoodsAndServicesSold": "329000000", "operatingIncome": "51000000", "sellingGeneralAndAdministrative": "139000000", "researchAndDevelopment": "333000000", "operatingExpenses": "1029000000", "investmentIncomeNet": "None", "netInterestIncome": "-2000000", "interestIncome": "2000000", "interestExpense": "7000000", "nonInterestIncome": "None", "otherNonOperatingIncome": "6000000", "depreciation": "None", "depreciationAndAmortization": "94000000", "incomeBeforeTax": "50000000", "incomeTaxExpense": "-9000000", "interestAndDebtExpense": "None", "netIncomeFromContinuingOperations": "59000000", "comprehensiveIncomeNetOfTax": "None", "ebit": "57000000", "ebitda": "151000000", "netIncome": "59000000"}, {"fiscalDateEnding": "2021-03-31", "reportedCurrency": "USD", "grossProfit": "1061000000", "totalRevenue": "1360000000", "costOfRevenue": "299000000", "costofGoodsAndServicesSold": "299000000", "operatingIncome": "97000000", "sellingGeneralAndAdministrative": "126000000", "researchAndDevelopment": "314000000", "operatingExpenses": "964000000", "investmentIncomeNet": "None", "netInterestIncome": "-7000000", "interestIncome": "6000000", "interestExpense": "7000000", "nonInterestIncome": "None", "otherNonOperatingIncome": "9000000", "depreciation": "None", "depreciationAndAmortization": "106000000", "incomeBeforeTax": "99000000", "incomeTaxExpense": "17000000", "interestAndDebtExpense": "None", "netIncomeFromContinuingOperations": "82000000", "comprehensiveIncomeNetOfTax": "None", "ebit": "97000000", "ebitda": "203000000", "netIncome": "82000000"}, {"fiscalDateEnding": "2020-12-31", "reportedCurrency": "USD", "grossProfit": "971226000", "totalRevenue": "1250330000", "costOfRevenue": "279104000", "costofGoodsAndServicesSold": "279104000", "operatingIncome": "17930000", "sellingGeneralAndAdministrative": "135146000", "researchAndDevelopment": "284297000", "operatingExpenses": "953296000", "investmentIncomeNet": "None", "netInterestIncome": "-7708000", "interestIncome": "4570000", "interestExpense": "7708000", "nonInterestIncome": "None", "otherNonOperatingIncome": "3138000", "depreciation": "None", "depreciationAndAmortization": "93033000", "incomeBeforeTax": "13360000", "incomeTaxExpense": "-3288000", "interestAndDebtExpense": "None", "netIncomeFromContinuingOperations": "16648000", "comprehensiveIncomeNetOfTax": "None", "ebit": "4035000", "ebitda": "97068000", "netIncome": "16648000"}, {"fiscalDateEnding": "2020-09-30", "reportedCurrency": "USD", "grossProfit": "900268000", "totalRevenue": "1151972000", "costOfRevenue": "251704000", "costofGoodsAndServicesSold": "251704000", "operatingIncome": "69332000", "sellingGeneralAndAdministrative": "109234000", "researchAndDevelopment": "268292000", "operatingExpenses": "830936000", "investmentIncomeNet": "None", "netInterestIncome": "265000", "interestIncome": "3057000", "interestExpense": "43899000", "nonInterestIncome": "None", "otherNonOperatingIncome": "-35919000", "depreciation": "None", "depreciationAndAmortization": "84720000", "incomeBeforeTax": "25433000", "incomeTaxExpense": "12575000", "interestAndDebtExpense": "None", "netIncomeFromContinuingOperations": "12858000", "comprehensiveIncomeNetOfTax": "None", "ebit": "69332000", "ebitda": "154052000", "netIncome": "12858000"}, {"fiscalDateEnding": "2020-06-30", "reportedCurrency": "USD", "grossProfit": "837903000", "totalRevenue": "1070842000", "costOfRevenue": "232939000", "costofGoodsAndServicesSold": "232939000", "operatingIncome": "62266000", "sellingGeneralAndAdministrative": "104037000", "researchAndDevelopment": "245081000", "operatingExpenses": "775637000", "investmentIncomeNet": "None", "netInterestIncome": "1987000", "interestIncome": "10475000", "interestExpense": "8488000", "nonInterestIncome": "None", "otherNonOperatingIncome": "8252000", "depreciation": "None", "depreciationAndAmortization": "82390000", "incomeBeforeTax": "62030000", "incomeTaxExpense": "21264000", "interestAndDebtExpense": "None", "netIncomeFromContinuingOperations": "40766000", "comprehensiveIncomeNetOfTax": "None", "ebit": "63610000", "ebitda": "146000000", "netIncome": "40766000"}, {"fiscalDateEnding": "2020-03-31", "reportedCurrency": "USD", "grossProfit": "822974000", "totalRevenue": "1046340000", "costOfRevenue": "223366000", "costofGoodsAndServicesSold": "223366000", "operatingIncome": "49335000", "sellingGeneralAndAdministrative": "105748000", "researchAndDevelopment": "226657000", "operatingExpenses": "773639000", "investmentIncomeNet": "None", "netInterestIncome": "5443000", "interestIncome": "14013000", "interestExpense": "8570000", "nonInterestIncome": "None", "otherNonOperatingIncome": "7597000", "depreciation": "None", "depreciationAndAmortization": "76238000", "incomeBeforeTax": "48362000", "incomeTaxExpense": "131000", "interestAndDebtExpense": "None", "netIncomeFromContinuingOperations": "48231000", "comprehensiveIncomeNetOfTax": "None", "ebit": "48762000", "ebitda": "125000000", "netIncome": "48231000"}, {"fiscalDateEnding": "2019-12-31", "reportedCurrency": "USD", "grossProfit": "740321000", "totalRevenue": "951774000", "costOfRevenue": "211453000", "costofGoodsAndServicesSold": "211453000", "operatingIncome": "28512000", "sellingGeneralAndAdministrative": "93476000", "researchAndDevelopment": "202328000", "operatingExpenses": "711809000", "investmentIncomeNet": "None", "netInterestIncome": "5439000", "interestIncome": "13914000", "interestExpense": "8475000", "nonInterestIncome": "None", "otherNonOperatingIncome": "14149000", "depreciation": "None", "depreciationAndAmortization": "72331000", "incomeBeforeTax": "34186000", "incomeTaxExpense": "-564538000", "interestAndDebtExpense": "None", "netIncomeFromContinuingOperations": "598724000", "comprehensiveIncomeNetOfTax": "None", "ebit": "28512000", "ebitda": "100843000", "netIncome": "598724000"}, {"fiscalDateEnding": "2019-09-30", "reportedCurrency": "USD", "grossProfit": "685040000", "totalRevenue": "885833000", "costOfRevenue": "200793000", "costofGoodsAndServicesSold": "200793000", "operatingIncome": "56324000", "sellingGeneralAndAdministrative": "75642000", "researchAndDevelopment": "190099000", "operatingExpenses": "628716000", "investmentIncomeNet": "None", "netInterestIncome": "6191000", "interestIncome": "14562000", "interestExpense": "8371000", "nonInterestIncome": "None", "otherNonOperatingIncome": "12817000", "depreciation": "None", "depreciationAndAmortization": "64006000", "incomeBeforeTax": "60770000", "incomeTaxExpense": "20172000", "interestAndDebtExpense": "None", "netIncomeFromContinuingOperations": "40598000", "comprehensiveIncomeNetOfTax": "None", "ebit": "56324000", "ebitda": "120330000", "netIncome": "40598000"}, {"fiscalDateEnding": "2019-06-30", "reportedCurrency": "USD", "grossProfit": "635757000", "totalRevenue": "833904000", "costOfRevenue": "198147000", "costofGoodsAndServicesSold": "198147000", "operatingIncome": "-27000000", "sellingGeneralAndAdministrative": "85442000", "researchAndDevelopment": "183420000", "operatingExpenses": "662757000", "investmentIncomeNet": "None", "netInterestIncome": "6158000", "interestIncome": "14427000", "interestExpense": "8269000", "nonInterestIncome": "None", "otherNonOperatingIncome": "18954000", "depreciation": "None", "depreciationAndAmortization": "60328000", "incomeBeforeTax": "-16315000", "incomeTaxExpense": "-5236000", "interestAndDebtExpense": "None", "netIncomeFromContinuingOperations": "-11079000", "comprehensiveIncomeNetOfTax": "None", "ebit": "-20274000", "ebitda": "40054000", "netIncome": "-11079000"}, {"fiscalDateEnding": "2019-03-31", "reportedCurrency": "USD", "grossProfit": "602674000", "totalRevenue": "788926000", "costOfRevenue": "186252000", "costofGoodsAndServicesSold": "186252000", "operatingIncome": "-15713000", "sellingGeneralAndAdministrative": "84456000", "researchAndDevelopment": "172522000", "operatingExpenses": "618387000", "investmentIncomeNet": "None", "netInterestIncome": "4338000", "interestIncome": "4215000", "interestExpense": "8168000", "nonInterestIncome": "None", "otherNonOperatingIncome": "12425000", "depreciation": "None", "depreciationAndAmortization": "55449000", "incomeBeforeTax": "-11456000", "incomeTaxExpense": "-9911000", "interestAndDebtExpense": "None", "netIncomeFromContinuingOperations": "-1545000", "comprehensiveIncomeNetOfTax": "None", "ebit": "-15713000", "ebitda": "39736000", "netIncome": "-1545000"}, {"fiscalDateEnding": "2018-12-31", "reportedCurrency": "USD", "grossProfit": "547279000", "totalRevenue": "715441000", "costOfRevenue": "168162000", "costofGoodsAndServicesSold": "168162000", "operatingIncome": "278000", "sellingGeneralAndAdministrative": "79176000", "researchAndDevelopment": "148662000", "operatingExpenses": "547001000", "investmentIncomeNet": "None", "netInterestIncome": "None", "interestIncome": "None", "interestExpense": "8938000", "nonInterestIncome": "None", "otherNonOperatingIncome": "11700000", "depreciation": "None", "depreciationAndAmortization": "43112000", "incomeBeforeTax": "1955000", "incomeTaxExpense": "-5060000", "interestAndDebtExpense": "None", "netIncomeFromContinuingOperations": "7015000", "comprehensiveIncomeNetOfTax": "None", "ebit": "278000", "ebitda": "43390000", "netIncome": "7015000"}, {"fiscalDateEnding": "2018-09-30", "reportedCurrency": "USD", "grossProfit": "515239000", "totalRevenue": "673097000", "costOfRevenue": "157858000", "costofGoodsAndServicesSold": "157858000", "operatingIncome": "9568000", "sellingGeneralAndAdministrative": "80693000", "researchAndDevelopment": "135655000", "operatingExpenses": "505671000", "investmentIncomeNet": "None", "netInterestIncome": "None", "interestIncome": "None", "interestExpense": "11233000", "nonInterestIncome": "None", "otherNonOperatingIncome": "8895000", "depreciation": "None", "depreciationAndAmortization": "37874000", "incomeBeforeTax": "7230000", "incomeTaxExpense": "-1175000", "interestAndDebtExpense": "None", "netIncomeFromContinuingOperations": "8405000", "comprehensiveIncomeNetOfTax": "None", "ebit": "18463000", "ebitda": "56337000", "netIncome": "8405000"}, {"fiscalDateEnding": "2018-06-30", "reportedCurrency": "USD", "grossProfit": "477891000", "totalRevenue": "631056000", "costOfRevenue": "153165000", "costofGoodsAndServicesSold": "153165000", "operatingIncome": "-31989000", "sellingGeneralAndAdministrative": "71095000", "researchAndDevelopment": "127916000", "operatingExpenses": "509880000", "investmentIncomeNet": "None", "netInterestIncome": "None", "interestIncome": "None", "interestExpense": "15498000", "nonInterestIncome": "None", "otherNonOperatingIncome": "8621000", "depreciation": "None", "depreciationAndAmortization": "35207000", "incomeBeforeTax": "-40849000", "incomeTaxExpense": "11897000", "interestAndDebtExpense": "None", "netIncomeFromContinuingOperations": "-52746000", "comprehensiveIncomeNetOfTax": "None", "ebit": "-25351000", "ebitda": "9856000", "netIncome": "-52746000"}, {"fiscalDateEnding": "2018-03-31", "reportedCurrency": "USD", "grossProfit": "445749000", "totalRevenue": "589222000", "costOfRevenue": "143473000", "costofGoodsAndServicesSold": "143473000", "operatingIncome": "-20283000", "sellingGeneralAndAdministrative": "65063000", "researchAndDevelopment": "117268000", "operatingExpenses": "466032000", "investmentIncomeNet": "None", "netInterestIncome": "None", "interestIncome": "None", "interestExpense": "17064000", "nonInterestIncome": "None", "otherNonOperatingIncome": "26919000", "depreciation": "None", "depreciationAndAmortization": "33411000", "incomeBeforeTax": "-7360000", "incomeTaxExpense": "-17982000", "interestAndDebtExpense": "None", "netIncomeFromContinuingOperations": "10622000", "comprehensiveIncomeNetOfTax": "None", "ebit": "9704000", "ebitda": "43115000", "netIncome": "10622000"}, {"fiscalDateEnding": "2017-12-31", "reportedCurrency": "USD", "grossProfit": "412010000", "totalRevenue": "546370000", "costOfRevenue": "134360000", "costofGoodsAndServicesSold": "134360000", "operatingIncome": "-13132000", "sellingGeneralAndAdministrative": "60291000", "researchAndDevelopment": "104559000", "operatingExpenses": "425142000", "investmentIncomeNet": "None", "netInterestIncome": "None", "interestIncome": "None", "interestExpense": "16813000", "nonInterestIncome": "None", "otherNonOperatingIncome": "5199000", "depreciation": "None", "depreciationAndAmortization": "32067000", "incomeBeforeTax": "-24880000", "incomeTaxExpense": "2927000", "interestAndDebtExpense": "None", "netIncomeFromContinuingOperations": "-27807000", "comprehensiveIncomeNetOfTax": "None", "ebit": "-8434000", "ebitda": "23633000", "netIncome": "-27807000"}, {"fiscalDateEnding": "2017-09-30", "reportedCurrency": "USD", "grossProfit": "370890000", "totalRevenue": "498170000", "costOfRevenue": "127280000", "costofGoodsAndServicesSold": "127280000", "operatingIncome": "-7055000", "sellingGeneralAndAdministrative": "52465000", "researchAndDevelopment": "98465000", "operatingExpenses": "377945000", "investmentIncomeNet": "None", "netInterestIncome": "None", "interestIncome": "None", "interestExpense": "16566000", "nonInterestIncome": "None", "otherNonOperatingIncome": "-2011000", "depreciation": "None", "depreciationAndAmortization": "29401000", "incomeBeforeTax": "-22768000", "incomeTaxExpense": "1420000", "interestAndDebtExpense": "None", "netIncomeFromContinuingOperations": "-24188000", "comprehensiveIncomeNetOfTax": "None", "ebit": "-3910000", "ebitda": "25491000", "netIncome": "-24188000"}, {"fiscalDateEnding": "2017-06-30", "reportedCurrency": "USD", "grossProfit": "350018000", "totalRevenue": "471703000", "costOfRevenue": "121685000", "costofGoodsAndServicesSold": "121685000", "operatingIncome": "-38737000", "sellingGeneralAndAdministrative": "51526000", "researchAndDevelopment": "90005000", "operatingExpenses": "388755000", "investmentIncomeNet": "None", "netInterestIncome": "None", "interestIncome": "None", "interestExpense": "19167000", "nonInterestIncome": "None", "otherNonOperatingIncome": "-7306000", "depreciation": "None", "depreciationAndAmortization": "27181000", "incomeBeforeTax": "-57904000", "incomeTaxExpense": "-1431000", "interestAndDebtExpense": "None", "netIncomeFromContinuingOperations": "-56473000", "comprehensiveIncomeNetOfTax": "None", "ebit": "-46567000", "ebitda": "-19386000", "netIncome": "-56473000"}, {"fiscalDateEnding": "2017-03-31", "reportedCurrency": "USD", "grossProfit": "300336000", "totalRevenue": "416783000", "costOfRevenue": "116447000", "costofGoodsAndServicesSold": "116447000", "operatingIncome": "-42490000", "sellingGeneralAndAdministrative": "46251000", "researchAndDevelopment": "84489000", "operatingExpenses": "342826000", "investmentIncomeNet": "None", "netInterestIncome": "None", "interestIncome": "None", "interestExpense": "8678000", "nonInterestIncome": "None", "otherNonOperatingIncome": "15299000", "depreciation": "None", "depreciationAndAmortization": "25226000", "incomeBeforeTax": "-43452000", "incomeTaxExpense": "-2790000", "interestAndDebtExpense": "None", "netIncomeFromContinuingOperations": "-40662000", "comprehensiveIncomeNetOfTax": "None", "ebit": "-34774000", "ebitda": "-9548000", "netIncome": "-40662000"}, {"fiscalDateEnding": "2016-12-31", "reportedCurrency": "USD", "grossProfit": "280730000", "totalRevenue": "385666000", "costOfRevenue": "104936000", "costofGoodsAndServicesSold": "104936000", "operatingIncome": "-23603000", "sellingGeneralAndAdministrative": "41543000", "researchAndDevelopment": "73933000", "operatingExpenses": "304333000", "investmentIncomeNet": "None", "netInterestIncome": "None", "interestIncome": "None", "interestExpense": "8532000", "nonInterestIncome": "None", "otherNonOperatingIncome": "355000", "depreciation": "None", "depreciationAndAmortization": "23366000", "incomeBeforeTax": "-30845000", "incomeTaxExpense": "1744000", "interestAndDebtExpense": "None", "netIncomeFromContinuingOperations": "-29083000", "comprehensiveIncomeNetOfTax": "None", "ebit": "-23603000", "ebitda": "-237000", "netIncome": "-32589000"}, {"fiscalDateEnding": "2016-09-30", "reportedCurrency": "USD", "grossProfit": "254819000", "totalRevenue": "357656000", "costOfRevenue": "102837000", "costofGoodsAndServicesSold": "102837000", "operatingIncome": "-26775000", "sellingGeneralAndAdministrative": "40085000", "researchAndDevelopment": "75018000", "operatingExpenses": "281594000", "investmentIncomeNet": "None", "netInterestIncome": "None", "interestIncome": "None", "interestExpense": "8389000", "nonInterestIncome": "None", "otherNonOperatingIncome": "1168000", "depreciation": "None", "depreciationAndAmortization": "22264000", "incomeBeforeTax": "-33381000", "incomeTaxExpense": "2877000", "interestAndDebtExpense": "None", "netIncomeFromContinuingOperations": "-36258000", "comprehensiveIncomeNetOfTax": "None", "ebit": "-25056000", "ebitda": "-2792000", "netIncome": "-36258000"}, {"fiscalDateEnding": "2016-06-30", "reportedCurrency": "USD", "grossProfit": "244663000", "totalRevenue": "341312000", "costOfRevenue": "96649000", "costofGoodsAndServicesSold": "96649000", "operatingIncome": "-48278000", "sellingGeneralAndAdministrative": "36071000", "researchAndDevelopment": "70364000", "operatingExpenses": "292941000", "investmentIncomeNet": "None", "netInterestIncome": "None", "interestIncome": "None", "interestExpense": "8248000", "nonInterestIncome": "None", "otherNonOperatingIncome": "2765000", "depreciation": "None", "depreciationAndAmortization": "20000000", "incomeBeforeTax": "-54266000", "incomeTaxExpense": "-4641000", "interestAndDebtExpense": "None", "netIncomeFromContinuingOperations": "-49625000", "comprehensiveIncomeNetOfTax": "None", "ebit": "-47278000", "ebitda": "-27278000", "netIncome": "-49625000"}, {"fiscalDateEnding": "2016-03-31", "reportedCurrency": "USD", "grossProfit": "211619000", "totalRevenue": "305879000", "costOfRevenue": "94260000", "costofGoodsAndServicesSold": "94260000", "operatingIncome": "-324152000", "sellingGeneralAndAdministrative": "41237000", "researchAndDevelopment": "65924000", "operatingExpenses": "265771000", "investmentIncomeNet": "None", "netInterestIncome": "None", "interestIncome": "None", "interestExpense": "8109000", "nonInterestIncome": "None", "otherNonOperatingIncome": "2335000", "depreciation": "None", "depreciationAndAmortization": "17452000", "incomeBeforeTax": "-331559000", "incomeTaxExpense": "1773000", "interestAndDebtExpense": "None", "netIncomeFromContinuingOperations": "-333332000", "comprehensiveIncomeNetOfTax": "None", "ebit": "-341604000", "ebitda": "-324152000", "netIncome": "-333332000"}, {"fiscalDateEnding": "2015-12-31", "reportedCurrency": "USD", "grossProfit": "194741000", "totalRevenue": "285650000", "costOfRevenue": "90909000", "costofGoodsAndServicesSold": "90909000", "operatingIncome": "-30858000", "sellingGeneralAndAdministrative": "33247000", "researchAndDevelopment": "58443000", "operatingExpenses": "225599000", "investmentIncomeNet": "None", "netInterestIncome": "None", "interestIncome": "None", "interestExpense": "4796000", "nonInterestIncome": "None", "otherNonOperatingIncome": "24601000", "depreciation": "None", "depreciationAndAmortization": "16399000", "incomeBeforeTax": "-35654000", "incomeTaxExpense": "1724000", "interestAndDebtExpense": "None", "netIncomeFromContinuingOperations": "-26550000", "comprehensiveIncomeNetOfTax": "None", "ebit": "-30858000", "ebitda": "-14459000", "netIncome": "-37378000"}, {"fiscalDateEnding": "2015-09-30", "reportedCurrency": "USD", "grossProfit": "179262000", "totalRevenue": "261150000", "costOfRevenue": "81888000", "costofGoodsAndServicesSold": "81888000", "operatingIncome": "-28040000", "sellingGeneralAndAdministrative": "33581000", "researchAndDevelopment": "55822000", "operatingExpenses": "207302000", "investmentIncomeNet": "None", "netInterestIncome": "None", "interestIncome": "None", "interestExpense": "11791000", "nonInterestIncome": "None", "otherNonOperatingIncome": "-11964000", "depreciation": "None", "depreciationAndAmortization": "15100000", "incomeBeforeTax": "-39831000", "incomeTaxExpense": "1199000", "interestAndDebtExpense": "None", "netIncomeFromContinuingOperations": "-41030000", "comprehensiveIncomeNetOfTax": "None", "ebit": "-28040000", "ebitda": "-12940000", "netIncome": "-41030000"}, {"fiscalDateEnding": "2015-06-30", "reportedCurrency": "USD", "grossProfit": "166999000", "totalRevenue": "246716000", "costOfRevenue": "79717000", "costofGoodsAndServicesSold": "79717000", "operatingIncome": "-53235000", "sellingGeneralAndAdministrative": "30384000", "researchAndDevelopment": "53276000", "operatingExpenses": "220234000", "investmentIncomeNet": "None", "netInterestIncome": "None", "interestIncome": "None", "interestExpense": "7186000", "nonInterestIncome": "None", "otherNonOperatingIncome": "-7677000", "depreciation": "None", "depreciationAndAmortization": "15033000", "incomeBeforeTax": "-60421000", "incomeTaxExpense": "1504000", "interestAndDebtExpense": "None", "netIncomeFromContinuingOperations": "-61925000", "comprehensiveIncomeNetOfTax": "None", "ebit": "-53235000", "ebitda": "-38202000", "netIncome": "-61925000"}, {"fiscalDateEnding": "2015-03-31", "reportedCurrency": "USD", "grossProfit": "135065000", "totalRevenue": "211964000", "costOfRevenue": "76899000", "costofGoodsAndServicesSold": "76899000", "operatingIncome": "-54232000", "sellingGeneralAndAdministrative": "29392000", "researchAndDevelopment": "49848000", "operatingExpenses": "189297000", "investmentIncomeNet": "None", "netInterestIncome": "None", "interestIncome": "None", "interestExpense": "2874000", "nonInterestIncome": "None", "otherNonOperatingIncome": "-2102000", "depreciation": "None", "depreciationAndAmortization": "13824000", "incomeBeforeTax": "-57106000", "incomeTaxExpense": "987000", "interestAndDebtExpense": "None", "netIncomeFromContinuingOperations": "-58093000", "comprehensiveIncomeNetOfTax": "None", "ebit": "-54232000", "ebitda": "-40408000", "netIncome": "-58093000"}, {"fiscalDateEnding": "2014-12-31", "reportedCurrency": "USD", "grossProfit": "127366000", "totalRevenue": "198004000", "costOfRevenue": "70638000", "costofGoodsAndServicesSold": "70638000", "operatingIncome": "-36684000", "sellingGeneralAndAdministrative": "26260000", "researchAndDevelopment": "42026000", "operatingExpenses": "164050000", "investmentIncomeNet": "None", "netInterestIncome": "None", "interestIncome": "None", "interestExpense": "6562000", "nonInterestIncome": "None", "otherNonOperatingIncome": "-7350000", "depreciation": "None", "depreciationAndAmortization": "13325000", "incomeBeforeTax": "-43246000", "incomeTaxExpense": "1417000", "interestAndDebtExpense": "None", "netIncomeFromContinuingOperations": "-44663000", "comprehensiveIncomeNetOfTax": "None", "ebit": "-36684000", "ebitda": "-23359000", "netIncome": "-44663000"}, {"fiscalDateEnding": "2014-09-30", "reportedCurrency": "USD", "grossProfit": "112626000", "totalRevenue": "178712000", "costOfRevenue": "66086000", "costofGoodsAndServicesSold": "66086000", "operatingIncome": "-34499000", "sellingGeneralAndAdministrative": "23440000", "researchAndDevelopment": "39683000", "operatingExpenses": "147125000", "investmentIncomeNet": "None", "netInterestIncome": "None", "interestIncome": "None", "interestExpense": "5949000", "nonInterestIncome": "None", "otherNonOperatingIncome": "-6161000", "depreciation": "None", "depreciationAndAmortization": "12104000", "incomeBeforeTax": "-40448000", "incomeTaxExpense": "602000", "interestAndDebtExpense": "None", "netIncomeFromContinuingOperations": "-41050000", "comprehensiveIncomeNetOfTax": "None", "ebit": "-34499000", "ebitda": "-22395000", "netIncome": "-41050000"}, {"fiscalDateEnding": "2014-06-30", "reportedCurrency": "USD", "grossProfit": "107819000", "totalRevenue": "166757000", "costOfRevenue": "58938000", "costofGoodsAndServicesSold": "58938000", "operatingIncome": "-44471000", "sellingGeneralAndAdministrative": "24914000", "researchAndDevelopment": "35439000", "operatingExpenses": "152290000", "investmentIncomeNet": "None", "netInterestIncome": "None", "interestIncome": "None", "interestExpense": "5231000", "nonInterestIncome": "None", "otherNonOperatingIncome": "-4866000", "depreciation": "None", "depreciationAndAmortization": "8692000", "incomeBeforeTax": "-49702000", "incomeTaxExpense": "661000", "interestAndDebtExpense": "None", "netIncomeFromContinuingOperations": "-50363000", "comprehensiveIncomeNetOfTax": "None", "ebit": "-44471000", "ebitda": "-35779000", "netIncome": "-50363000"}, {"fiscalDateEnding": "2014-03-31", "reportedCurrency": "USD", "grossProfit": "85976000", "totalRevenue": "139090000", "costOfRevenue": "53114000", "costofGoodsAndServicesSold": "53114000", "operatingIncome": "-36181000", "sellingGeneralAndAdministrative": "21631000", "researchAndDevelopment": "31110000", "operatingExpenses": "122157000", "investmentIncomeNet": "None", "netInterestIncome": "None", "interestIncome": "None", "interestExpense": "5963000", "nonInterestIncome": "None", "otherNonOperatingIncome": "-5938000", "depreciation": "None", "depreciationAndAmortization": "7938000", "incomeBeforeTax": "-42144000", "incomeTaxExpense": "1167000", "interestAndDebtExpense": "None", "netIncomeFromContinuingOperations": "-43311000", "comprehensiveIncomeNetOfTax": "None", "ebit": "-36181000", "ebitda": "-28243000", "netIncome": "-43311000"}, {"fiscalDateEnding": "2013-12-31", "reportedCurrency": "USD", "grossProfit": "79852000", "totalRevenue": "125230000", "costOfRevenue": "45378000", "costofGoodsAndServicesSold": "45378000", "operatingIncome": "-19361000", "sellingGeneralAndAdministrative": "18007000", "researchAndDevelopment": "23869000", "operatingExpenses": "99213000", "investmentIncomeNet": "None", "netInterestIncome": "None", "interestIncome": "None", "interestExpense": "4326000", "nonInterestIncome": "None", "otherNonOperatingIncome": "-4413000", "depreciation": "None", "depreciationAndAmortization": "7874000", "incomeBeforeTax": "-23687000", "incomeTaxExpense": "545000", "interestAndDebtExpense": "None", "netIncomeFromContinuingOperations": "-24232000", "comprehensiveIncomeNetOfTax": "None", "ebit": "-20122000", "ebitda": "-12248000", "netIncome": "-24232000"}, {"fiscalDateEnding": "2013-09-30", "reportedCurrency": "USD", "grossProfit": "69684000", "totalRevenue": "111259000", "costOfRevenue": "41575000", "costofGoodsAndServicesSold": "41575000", "operatingIncome": "-14650000", "sellingGeneralAndAdministrative": "16179000", "researchAndDevelopment": "20819000", "operatingExpenses": "84334000", "investmentIncomeNet": "None", "netInterestIncome": "None", "interestIncome": "None", "interestExpense": "600000", "nonInterestIncome": "None", "otherNonOperatingIncome": "1012000", "depreciation": "None", "depreciationAndAmortization": "6613000", "incomeBeforeTax": "-14050000", "incomeTaxExpense": "663000", "interestAndDebtExpense": "None", "netIncomeFromContinuingOperations": "-14713000", "comprehensiveIncomeNetOfTax": "None", "ebit": "-14650000", "ebitda": "-8037000", "netIncome": "-14713000"}, {"fiscalDateEnding": "2013-06-30", "reportedCurrency": "USD", "grossProfit": "66224000", "totalRevenue": "102222000", "costOfRevenue": "35998000", "costofGoodsAndServicesSold": "35998000", "operatingIncome": "-19343000", "sellingGeneralAndAdministrative": "15325000", "researchAndDevelopment": "17951000", "operatingExpenses": "85567000", "investmentIncomeNet": "None", "netInterestIncome": "None", "interestIncome": "None", "interestExpense": "1323000", "nonInterestIncome": "None", "otherNonOperatingIncome": "-1798000", "depreciation": "None", "depreciationAndAmortization": "5339000", "incomeBeforeTax": "-20666000", "incomeTaxExpense": "739000", "interestAndDebtExpense": "None", "netIncomeFromContinuingOperations": "-21405000", "comprehensiveIncomeNetOfTax": "None", "ebit": "-19343000", "ebitda": "-14004000", "netIncome": "-21405000"}, {"fiscalDateEnding": "2013-03-31", "reportedCurrency": "USD", "grossProfit": "53631000", "totalRevenue": "85939000", "costOfRevenue": "32308000", "costofGoodsAndServicesSold": "32308000", "operatingIncome": "-12913000", "sellingGeneralAndAdministrative": "12279000", "researchAndDevelopment": "16039000", "operatingExpenses": "66544000", "investmentIncomeNet": "None", "netInterestIncome": "None", "interestIncome": "None", "interestExpense": "119000", "nonInterestIncome": "None", "otherNonOperatingIncome": "132000", "depreciation": "None", "depreciationAndAmortization": "4364000", "incomeBeforeTax": "-12794000", "incomeTaxExpense": "564000", "interestAndDebtExpense": "None", "netIncomeFromContinuingOperations": "-13358000", "comprehensiveIncomeNetOfTax": "None", "ebit": "-12913000", "ebitda": "-8549000", "netIncome": "-13358000"}, {"fiscalDateEnding": "2012-12-31", "reportedCurrency": "USD", "grossProfit": "42854000", "totalRevenue": "75162000", "costOfRevenue": "32308000", "costofGoodsAndServicesSold": "32308000", "operatingIncome": "-9538000", "sellingGeneralAndAdministrative": "9676000", "researchAndDevelopment": "13235000", "operatingExpenses": "52392000", "investmentIncomeNet": "None", "netInterestIncome": "None", "interestIncome": "None", "interestExpense": "456000", "nonInterestIncome": "None", "otherNonOperatingIncome": "None", "depreciation": "None", "depreciationAndAmortization": "4664000", "incomeBeforeTax": "-9082000", "incomeTaxExpense": "849000", "interestAndDebtExpense": "None", "netIncomeFromContinuingOperations": "0", "comprehensiveIncomeNetOfTax": "None", "ebit": "-9538000", "ebitda": "-4874000", "netIncome": "-9931000"}, {"fiscalDateEnding": "2012-09-30", "reportedCurrency": "USD", "grossProfit": "36771000", "totalRevenue": "64345000", "costOfRevenue": "27574000", "costofGoodsAndServicesSold": "27574000", "operatingIncome": "-13347000", "sellingGeneralAndAdministrative": "11195000", "researchAndDevelopment": "10783000", "operatingExpenses": "50118000", "investmentIncomeNet": "None", "netInterestIncome": "None", "interestIncome": "None", "interestExpense": "615000", "nonInterestIncome": "None", "otherNonOperatingIncome": "598000", "depreciation": "None", "depreciationAndAmortization": "3969000", "incomeBeforeTax": "-12732000", "incomeTaxExpense": "321000", "interestAndDebtExpense": "None", "netIncomeFromContinuingOperations": "-13053000", "comprehensiveIncomeNetOfTax": "None", "ebit": "-13347000", "ebitda": "-9378000", "netIncome": "-13053000"}, {"fiscalDateEnding": "2012-06-30", "reportedCurrency": "USD", "grossProfit": "33883000", "totalRevenue": "56774000", "costOfRevenue": "22891000", "costofGoodsAndServicesSold": "22891000", "operatingIncome": "-9117000", "sellingGeneralAndAdministrative": "6819000", "researchAndDevelopment": "9272000", "operatingExpenses": "43000000", "investmentIncomeNet": "None", "netInterestIncome": "None", "interestIncome": "None", "interestExpense": "41000", "nonInterestIncome": "None", "otherNonOperatingIncome": "24000", "depreciation": "None", "depreciationAndAmortization": "2826000", "incomeBeforeTax": "-9076000", "incomeTaxExpense": "-352000", "interestAndDebtExpense": "None", "netIncomeFromContinuingOperations": "-8724000", "comprehensiveIncomeNetOfTax": "None", "ebit": "-9117000", "ebitda": "-6291000", "netIncome": "-8724000"}, {"fiscalDateEnding": "2012-03-31", "reportedCurrency": "USD", "grossProfit": "26195000", "totalRevenue": "47431000", "costOfRevenue": "21236000", "costofGoodsAndServicesSold": "21236000", "operatingIncome": "-5582000", "sellingGeneralAndAdministrative": "6427000", "researchAndDevelopment": "6043000", "operatingExpenses": "31777000", "investmentIncomeNet": "None", "netInterestIncome": "None", "interestIncome": "None", "interestExpense": "492000", "nonInterestIncome": "None", "otherNonOperatingIncome": "None", "depreciation": "None", "depreciationAndAmortization": "2047000", "incomeBeforeTax": "-5090000", "incomeTaxExpense": "550000", "interestAndDebtExpense": "None", "netIncomeFromContinuingOperations": "0", "comprehensiveIncomeNetOfTax": "None", "ebit": "-5582000", "ebitda": "-3535000", "netIncome": "-5640000"}, {"fiscalDateEnding": "2011-12-31", "reportedCurrency": "USD", "grossProfit": "45452000", "totalRevenue": "73375000", "costOfRevenue": "27923000", "costofGoodsAndServicesSold": "27923000", "operatingIncome": "-4163000", "sellingGeneralAndAdministrative": "10084000", "researchAndDevelopment": "7030000", "operatingExpenses": "49615000", "investmentIncomeNet": "None", "netInterestIncome": "None", "interestIncome": "None", "interestExpense": "1446000", "nonInterestIncome": "None", "otherNonOperatingIncome": "None", "depreciation": "None", "depreciationAndAmortization": "-1446000", "incomeBeforeTax": "-5609000", "incomeTaxExpense": "1075000", "interestAndDebtExpense": "None", "netIncomeFromContinuingOperations": "None", "comprehensiveIncomeNetOfTax": "None", "ebit": "-2717000", "ebitda": "-4163000", "netIncome": "-6684000"}, {"fiscalDateEnding": "2011-09-30", "reportedCurrency": "USD", "grossProfit": "22300000", "totalRevenue": "34200000", "costOfRevenue": "11900000", "costofGoodsAndServicesSold": "11900000", "operatingIncome": "1000000", "sellingGeneralAndAdministrative": "18500000", "researchAndDevelopment": "2800000", "operatingExpenses": "21300000", "investmentIncomeNet": "None", "netInterestIncome": "None", "interestIncome": "None", "interestExpense": "700000", "nonInterestIncome": "None", "otherNonOperatingIncome": "None", "depreciation": "None", "depreciationAndAmortization": "1800000", "incomeBeforeTax": "300000", "incomeTaxExpense": "200000", "interestAndDebtExpense": "None", "netIncomeFromContinuingOperations": "None", "comprehensiveIncomeNetOfTax": "None", "ebit": "-400000", "ebitda": "1400000", "netIncome": "100000"}, {"fiscalDateEnding": "2011-06-30", "reportedCurrency": "USD", "grossProfit": "20000000", "totalRevenue": "29500000", "costOfRevenue": "9500000", "costofGoodsAndServicesSold": "9500000", "operatingIncome": "2400000", "sellingGeneralAndAdministrative": "15400000", "researchAndDevelopment": "2400000", "operatingExpenses": "17700000", "investmentIncomeNet": "None", "netInterestIncome": "None", "interestIncome": "None", "interestExpense": "100000", "nonInterestIncome": "None", "otherNonOperatingIncome": "None", "depreciation": "None", "depreciationAndAmortization": "1000000", "incomeBeforeTax": "2300000", "incomeTaxExpense": "300000", "interestAndDebtExpense": "None", "netIncomeFromContinuingOperations": "0", "comprehensiveIncomeNetOfTax": "None", "ebit": "2400000", "ebitda": "3400000", "netIncome": "2000000"}, {"fiscalDateEnding": "2011-03-31", "reportedCurrency": "USD", "grossProfit": "16000000", "totalRevenue": "25200000", "costOfRevenue": "9200000", "costofGoodsAndServicesSold": "9200000", "operatingIncome": "3100000", "sellingGeneralAndAdministrative": "11000000", "researchAndDevelopment": "1900000", "operatingExpenses": "12900000", "investmentIncomeNet": "None", "netInterestIncome": "None", "interestIncome": "None", "interestExpense": "300000", "nonInterestIncome": "None", "otherNonOperatingIncome": "None", "depreciation": "None", "depreciationAndAmortization": "600000", "incomeBeforeTax": "3400000", "incomeTaxExpense": "400000", "interestAndDebtExpense": "None", "netIncomeFromContinuingOperations": "0", "comprehensiveIncomeNetOfTax": "None", "ebit": "3100000", "ebitda": "3700000", "netIncome": "3000000"}, {"fiscalDateEnding": "2010-12-31", "reportedCurrency": "USD", "grossProfit": "13900000", "totalRevenue": "21400000", "costOfRevenue": "7500000", "costofGoodsAndServicesSold": "7500000", "operatingIncome": "3100000", "sellingGeneralAndAdministrative": "9300000", "researchAndDevelopment": "1500000", "operatingExpenses": "10800000", "investmentIncomeNet": "None", "netInterestIncome": "None", "interestIncome": "None", "interestExpense": "0", "nonInterestIncome": "None", "otherNonOperatingIncome": "None", "depreciation": "None", "depreciationAndAmortization": "500000", "incomeBeforeTax": "3000000", "incomeTaxExpense": "400000", "interestAndDebtExpense": "None", "netIncomeFromContinuingOperations": "0", "comprehensiveIncomeNetOfTax": "None", "ebit": "3100000", "ebitda": "3600000", "netIncome": "2600000"}, {"fiscalDateEnding": "2010-09-30", "reportedCurrency": "USD", "grossProfit": "11200000", "totalRevenue": "16600000", "costOfRevenue": "5400000", "costofGoodsAndServicesSold": "5400000", "operatingIncome": "2100000", "sellingGeneralAndAdministrative": "7900000", "researchAndDevelopment": "1200000", "operatingExpenses": "9100000", "investmentIncomeNet": "None", "netInterestIncome": "None", "interestIncome": "None", "interestExpense": "300000", "nonInterestIncome": "None", "otherNonOperatingIncome": "None", "depreciation": "None", "depreciationAndAmortization": "600000", "incomeBeforeTax": "2400000", "incomeTaxExpense": "300000", "interestAndDebtExpense": "None", "netIncomeFromContinuingOperations": "0", "comprehensiveIncomeNetOfTax": "None", "ebit": "2100000", "ebitda": "2700000", "netIncome": "2100000"}]}