{"symbol": "ERIE", "annualReports": [{"fiscalDateEnding": "2024-12-31", "reportedCurrency": "USD", "grossProfit": "3795115000", "totalRevenue": "3862404000", "costOfRevenue": "67289000", "costofGoodsAndServicesSold": "67289000", "operatingIncome": "757279000", "sellingGeneralAndAdministrative": "68355000", "researchAndDevelopment": "None", "operatingExpenses": "3105125000", "investmentIncomeNet": "None", "netInterestIncome": "0", "interestIncome": "None", "interestExpense": "0", "nonInterestIncome": "None", "otherNonOperatingIncome": "None", "depreciation": "None", "depreciationAndAmortization": "63907000", "incomeBeforeTax": "757279000", "incomeTaxExpense": "156965000", "interestAndDebtExpense": "None", "netIncomeFromContinuingOperations": "600314000", "comprehensiveIncomeNetOfTax": "None", "ebit": "757279000", "ebitda": "821186000", "netIncome": "600314000"}, {"fiscalDateEnding": "2023-12-31", "reportedCurrency": "USD", "grossProfit": "560532000", "totalRevenue": "3309216000", "costOfRevenue": "2748684000", "costofGoodsAndServicesSold": "2748684000", "operatingIncome": "520256000", "sellingGeneralAndAdministrative": "737139000", "researchAndDevelopment": "0.17", "operatingExpenses": "40276000", "investmentIncomeNet": "None", "netInterestIncome": "0", "interestIncome": "None", "interestExpense": "0", "nonInterestIncome": "None", "otherNonOperatingIncome": "None", "depreciation": "None", "depreciationAndAmortization": "53592000", "incomeBeforeTax": "561936000", "incomeTaxExpense": "115875000", "interestAndDebtExpense": "None", "netIncomeFromContinuingOperations": "400623000", "comprehensiveIncomeNetOfTax": "None", "ebit": "546640000", "ebitda": "600232000", "netIncome": "446061000"}, {"fiscalDateEnding": "2022-12-31", "reportedCurrency": "USD", "grossProfit": "387292000", "totalRevenue": "2851202000", "costOfRevenue": "2463910000", "costofGoodsAndServicesSold": "2463910000", "operatingIncome": "376452000", "sellingGeneralAndAdministrative": "668268000", "researchAndDevelopment": "0.13", "operatingExpenses": "10840000", "investmentIncomeNet": "None", "netInterestIncome": "-2009000", "interestIncome": "None", "interestExpense": "2009000", "nonInterestIncome": "None", "otherNonOperatingIncome": "1615000", "depreciation": "None", "depreciationAndAmortization": "51720000", "incomeBeforeTax": "376452000", "incomeTaxExpense": "77883000", "interestAndDebtExpense": "None", "netIncomeFromContinuingOperations": "298569000", "comprehensiveIncomeNetOfTax": "None", "ebit": "378461000", "ebitda": "430181000", "netIncome": "298569000"}, {"fiscalDateEnding": "2021-12-31", "reportedCurrency": "USD", "grossProfit": "2701309000", "totalRevenue": "2701309000", "costOfRevenue": "2609935000", "costofGoodsAndServicesSold": "2609935000", "operatingIncome": "-286121000", "sellingGeneralAndAdministrative": "58286000", "researchAndDevelopment": "0.14", "operatingExpenses": "-2987430000", "investmentIncomeNet": "None", "netInterestIncome": "-4132000", "interestIncome": "None", "interestExpense": "4132000", "nonInterestIncome": "None", "otherNonOperatingIncome": "62439000", "depreciation": "None", "depreciationAndAmortization": "49097000", "incomeBeforeTax": "376404000", "incomeTaxExpense": "78544000", "interestAndDebtExpense": "None", "netIncomeFromContinuingOperations": "297860000", "comprehensiveIncomeNetOfTax": "None", "ebit": "-286121000", "ebitda": "-286121000", "netIncome": "297860000"}, {"fiscalDateEnding": "2020-12-31", "reportedCurrency": "USD", "grossProfit": "2569356000", "totalRevenue": "2569356000", "costOfRevenue": "2198332000", "costofGoodsAndServicesSold": "2198332000", "operatingIncome": "-266717000", "sellingGeneralAndAdministrative": "609435000", "researchAndDevelopment": "0.15", "operatingExpenses": "-2836073000", "investmentIncomeNet": "None", "netInterestIncome": "-731000", "interestIncome": "None", "interestExpense": "731000", "nonInterestIncome": "None", "otherNonOperatingIncome": "31089000", "depreciation": "None", "depreciationAndAmortization": "34303000", "incomeBeforeTax": "368515000", "incomeTaxExpense": "75211000", "interestAndDebtExpense": "None", "netIncomeFromContinuingOperations": "293304000", "comprehensiveIncomeNetOfTax": "None", "ebit": "-266717000", "ebitda": "-266717000", "netIncome": "293304000"}, {"fiscalDateEnding": "2019-12-31", "reportedCurrency": "USD", "grossProfit": "2516605000", "totalRevenue": "2516605000", "costOfRevenue": "2119959000", "costofGoodsAndServicesSold": "2119959000", "operatingIncome": "-212932000", "sellingGeneralAndAdministrative": "None", "researchAndDevelopment": "None", "operatingExpenses": "-2729537000", "investmentIncomeNet": "None", "netInterestIncome": "-856000", "interestIncome": "39306000", "interestExpense": "856000", "nonInterestIncome": "None", "otherNonOperatingIncome": "40222000", "depreciation": "None", "depreciationAndAmortization": "30772000", "incomeBeforeTax": "396705000", "incomeTaxExpense": "79884000", "interestAndDebtExpense": "None", "netIncomeFromContinuingOperations": "316821000", "comprehensiveIncomeNetOfTax": "None", "ebit": "-212932000", "ebitda": "-212932000", "netIncome": "316821000"}, {"fiscalDateEnding": "2018-12-31", "reportedCurrency": "USD", "grossProfit": "2408830000", "totalRevenue": "2408830000", "costOfRevenue": "2037869000", "costofGoodsAndServicesSold": "2037869000", "operatingIncome": "373780000", "sellingGeneralAndAdministrative": "1716000", "researchAndDevelopment": "0", "operatingExpenses": "-2035050000", "investmentIncomeNet": "None", "netInterestIncome": "-2460000", "interestIncome": "24917000", "interestExpense": "2460000", "nonInterestIncome": "None", "otherNonOperatingIncome": "29437000", "depreciation": "None", "depreciationAndAmortization": "13368000", "incomeBeforeTax": "371320000", "incomeTaxExpense": "83096000", "interestAndDebtExpense": "None", "netIncomeFromContinuingOperations": "288224000", "comprehensiveIncomeNetOfTax": "None", "ebit": "373780000", "ebitda": "373780000", "netIncome": "288224000"}, {"fiscalDateEnding": "2017-12-31", "reportedCurrency": "USD", "grossProfit": "1717534000", "totalRevenue": "1717534000", "costOfRevenue": "1401522000", "costofGoodsAndServicesSold": "1401522000", "operatingIncome": "316933000", "sellingGeneralAndAdministrative": "240181000", "researchAndDevelopment": "0", "operatingExpenses": "-1400601000", "investmentIncomeNet": "None", "netInterestIncome": "-1238000", "interestIncome": "27536000", "interestExpense": "1238000", "nonInterestIncome": "None", "otherNonOperatingIncome": "28561000", "depreciation": "None", "depreciationAndAmortization": "14831000", "incomeBeforeTax": "315695000", "incomeTaxExpense": "118696000", "interestAndDebtExpense": "None", "netIncomeFromContinuingOperations": "196999000", "comprehensiveIncomeNetOfTax": "None", "ebit": "316933000", "ebitda": "316933000", "netIncome": "196999000"}, {"fiscalDateEnding": "2016-12-31", "reportedCurrency": "USD", "grossProfit": "1617434000", "totalRevenue": "1617434000", "costOfRevenue": "1303114000", "costofGoodsAndServicesSold": "1303114000", "operatingIncome": "320192000", "sellingGeneralAndAdministrative": "213356000", "researchAndDevelopment": "0", "operatingExpenses": "-1297242000", "investmentIncomeNet": "None", "netInterestIncome": "-101000", "interestIncome": "28143000", "interestExpense": "101000", "nonInterestIncome": "None", "otherNonOperatingIncome": "27828000", "depreciation": "None", "depreciationAndAmortization": "15154000", "incomeBeforeTax": "320091000", "incomeTaxExpense": "109725000", "interestAndDebtExpense": "None", "netIncomeFromContinuingOperations": "210366000", "comprehensiveIncomeNetOfTax": "None", "ebit": "320192000", "ebitda": "320192000", "netIncome": "210366000"}, {"fiscalDateEnding": "2015-12-31", "reportedCurrency": "USD", "grossProfit": "1522233000", "totalRevenue": "1522233000", "costOfRevenue": "1074593000", "costofGoodsAndServicesSold": "1074593000", "operatingIncome": "266249000", "sellingGeneralAndAdministrative": "226713000", "researchAndDevelopment": "0", "operatingExpenses": "-1255984000", "investmentIncomeNet": "None", "netInterestIncome": "None", "interestIncome": "35266000", "interestExpense": "0", "nonInterestIncome": "None", "otherNonOperatingIncome": "33708000", "depreciation": "None", "depreciationAndAmortization": "16460999", "incomeBeforeTax": "266249000", "incomeTaxExpense": "91571000", "interestAndDebtExpense": "None", "netIncomeFromContinuingOperations": "174678000", "comprehensiveIncomeNetOfTax": "None", "ebit": "266249000", "ebitda": "266249000", "netIncome": "174678000"}, {"fiscalDateEnding": "2014-12-31", "reportedCurrency": "USD", "grossProfit": "6011000000", "totalRevenue": "6011000000", "costOfRevenue": "5271000000", "costofGoodsAndServicesSold": "5271000000", "operatingIncome": "425000000", "sellingGeneralAndAdministrative": "0", "researchAndDevelopment": "7000000", "operatingExpenses": "-5586000000", "investmentIncomeNet": "None", "netInterestIncome": "None", "interestIncome": "None", "interestExpense": "0", "nonInterestIncome": "None", "otherNonOperatingIncome": "None", "depreciation": "None", "depreciationAndAmortization": "16000000", "incomeBeforeTax": "830000000", "incomeTaxExpense": "257000000", "interestAndDebtExpense": "None", "netIncomeFromContinuingOperations": "573000000", "comprehensiveIncomeNetOfTax": "None", "ebit": "425000000", "ebitda": "425000000", "netIncome": "168000000"}, {"fiscalDateEnding": "2013-12-31", "reportedCurrency": "USD", "grossProfit": "1406000000", "totalRevenue": "6110000000", "costOfRevenue": "4704000000", "costofGoodsAndServicesSold": "4704000000", "operatingIncome": "1567000000", "sellingGeneralAndAdministrative": "0", "researchAndDevelopment": "7000000", "operatingExpenses": "-4543000000", "investmentIncomeNet": "None", "netInterestIncome": "None", "interestIncome": "None", "interestExpense": "0", "nonInterestIncome": "None", "otherNonOperatingIncome": "None", "depreciation": "None", "depreciationAndAmortization": "21000000", "incomeBeforeTax": "1567000000", "incomeTaxExpense": "519000000", "interestAndDebtExpense": "None", "netIncomeFromContinuingOperations": "1048000000", "comprehensiveIncomeNetOfTax": "None", "ebit": "682000000", "ebitda": "703000000", "netIncome": "163000000"}, {"fiscalDateEnding": "2012-12-31", "reportedCurrency": "USD", "grossProfit": "5381000000", "totalRevenue": "5381000000", "costOfRevenue": "-3480000000", "costofGoodsAndServicesSold": "-3480000000", "operatingIncome": "440000000", "sellingGeneralAndAdministrative": "0", "researchAndDevelopment": "6000000", "operatingExpenses": "-4941000000", "investmentIncomeNet": "None", "netInterestIncome": "None", "interestIncome": "None", "interestExpense": "0", "nonInterestIncome": "None", "otherNonOperatingIncome": "131000000", "depreciation": "None", "depreciationAndAmortization": "11000000", "incomeBeforeTax": "899000000", "incomeTaxExpense": "280000000", "interestAndDebtExpense": "None", "netIncomeFromContinuingOperations": "619000000", "comprehensiveIncomeNetOfTax": "None", "ebit": "440000000", "ebitda": "440000000", "netIncome": "160000000"}, {"fiscalDateEnding": "2011-12-31", "reportedCurrency": "USD", "grossProfit": "4675000000", "totalRevenue": "4675000000", "costOfRevenue": "4462000000", "costofGoodsAndServicesSold": "4462000000", "operatingIncome": "259000000", "sellingGeneralAndAdministrative": "0", "researchAndDevelopment": "0", "operatingExpenses": "-4416000000", "investmentIncomeNet": "None", "netInterestIncome": "None", "interestIncome": "None", "interestExpense": "0", "nonInterestIncome": "None", "otherNonOperatingIncome": "None", "depreciation": "None", "depreciationAndAmortization": "4000000", "incomeBeforeTax": "358000000", "incomeTaxExpense": "90000000", "interestAndDebtExpense": "None", "netIncomeFromContinuingOperations": "268000000", "comprehensiveIncomeNetOfTax": "None", "ebit": "259000000", "ebitda": "263000000", "netIncome": "169000000"}, {"fiscalDateEnding": "2010-12-31", "reportedCurrency": "USD", "grossProfit": "4762000000", "totalRevenue": "4762000000", "costOfRevenue": "3857000000", "costofGoodsAndServicesSold": "3857000000", "operatingIncome": "501000000", "sellingGeneralAndAdministrative": "0", "researchAndDevelopment": "0", "operatingExpenses": "-4261000000", "investmentIncomeNet": "None", "netInterestIncome": "None", "interestIncome": "None", "interestExpense": "0", "nonInterestIncome": "None", "otherNonOperatingIncome": "None", "depreciation": "None", "depreciationAndAmortization": "12000000", "incomeBeforeTax": "999000000", "incomeTaxExpense": "339000000", "interestAndDebtExpense": "None", "netIncomeFromContinuingOperations": "660000000", "comprehensiveIncomeNetOfTax": "None", "ebit": "501000000", "ebitda": "513000000", "netIncome": "162000000"}, {"fiscalDateEnding": "2009-12-31", "reportedCurrency": "USD", "grossProfit": "1196328000", "totalRevenue": "1196328000", "costOfRevenue": "930156000", "costofGoodsAndServicesSold": "930156000", "operatingIncome": "157277000", "sellingGeneralAndAdministrative": "768668000", "researchAndDevelopment": "None", "operatingExpenses": "968145000", "investmentIncomeNet": "None", "netInterestIncome": "None", "interestIncome": "None", "interestExpense": "0", "nonInterestIncome": "None", "otherNonOperatingIncome": "None", "depreciation": "None", "depreciationAndAmortization": "37989000", "incomeBeforeTax": "152075000", "incomeTaxExpense": "48787000", "interestAndDebtExpense": "None", "netIncomeFromContinuingOperations": "None", "comprehensiveIncomeNetOfTax": "None", "ebit": "157277000", "ebitda": "195266000", "netIncome": "108490000"}, {"fiscalDateEnding": "2008-12-31", "reportedCurrency": "USD", "grossProfit": "1068393000", "totalRevenue": "1068393000", "costOfRevenue": "914464000", "costofGoodsAndServicesSold": "914464000", "operatingIncome": "109103000", "sellingGeneralAndAdministrative": "765012000", "researchAndDevelopment": "None", "operatingExpenses": "951397000", "investmentIncomeNet": "None", "netInterestIncome": "None", "interestIncome": "None", "interestExpense": "0", "nonInterestIncome": "None", "otherNonOperatingIncome": "None", "depreciation": "None", "depreciationAndAmortization": "36933000", "incomeBeforeTax": "122706000", "incomeTaxExpense": "39865000", "interestAndDebtExpense": "None", "netIncomeFromContinuingOperations": "None", "comprehensiveIncomeNetOfTax": "None", "ebit": "109103000", "ebitda": "146036000", "netIncome": "69238000"}, {"fiscalDateEnding": "2007-12-31", "reportedCurrency": "USD", "grossProfit": "1179932000", "totalRevenue": "1179932000", "costOfRevenue": "891491000", "costofGoodsAndServicesSold": "891491000", "operatingIncome": "312082000", "sellingGeneralAndAdministrative": "755642000", "researchAndDevelopment": "None", "operatingExpenses": "930454000", "investmentIncomeNet": "None", "netInterestIncome": "None", "interestIncome": "None", "interestExpense": "0", "nonInterestIncome": "None", "otherNonOperatingIncome": "None", "depreciation": "None", "depreciationAndAmortization": "31363000", "incomeBeforeTax": "309168000", "incomeTaxExpense": "99137000", "interestAndDebtExpense": "None", "netIncomeFromContinuingOperations": "None", "comprehensiveIncomeNetOfTax": "None", "ebit": "312082000", "ebitda": "343445000", "netIncome": "212945000"}, {"fiscalDateEnding": "2006-12-31", "reportedCurrency": "USD", "grossProfit": "1191237000", "totalRevenue": "1191237000", "costOfRevenue": "898153000", "costofGoodsAndServicesSold": "898153000", "operatingIncome": "298799000", "sellingGeneralAndAdministrative": "742526000", "researchAndDevelopment": "None", "operatingExpenses": "-892438000", "investmentIncomeNet": "None", "netInterestIncome": "None", "interestIncome": "None", "interestExpense": "0", "nonInterestIncome": "None", "otherNonOperatingIncome": "None", "depreciation": "None", "depreciationAndAmortization": "36051000", "incomeBeforeTax": "298799000", "incomeTaxExpense": "99055000", "interestAndDebtExpense": "None", "netIncomeFromContinuingOperations": "None", "comprehensiveIncomeNetOfTax": "None", "ebit": "303080000", "ebitda": "339131000", "netIncome": "204025000"}, {"fiscalDateEnding": "2005-12-31", "reportedCurrency": "USD", "grossProfit": "1202125000", "totalRevenue": "1202125000", "costOfRevenue": "863876000", "costofGoodsAndServicesSold": "863876000", "operatingIncome": "224219000", "sellingGeneralAndAdministrative": "None", "researchAndDevelopment": "None", "operatingExpenses": "-977906000", "investmentIncomeNet": "None", "netInterestIncome": "None", "interestIncome": "None", "interestExpense": "0", "nonInterestIncome": "None", "otherNonOperatingIncome": "None", "depreciation": "None", "depreciationAndAmortization": "36855000", "incomeBeforeTax": "339456000", "incomeTaxExpense": "111733000", "interestAndDebtExpense": "None", "netIncomeFromContinuingOperations": "None", "comprehensiveIncomeNetOfTax": "None", "ebit": "342837000", "ebitda": "379692000", "netIncome": "231104000"}], "quarterlyReports": [{"fiscalDateEnding": "2024-12-31", "reportedCurrency": "USD", "grossProfit": "338575000", "totalRevenue": "338575000", "costOfRevenue": "None", "costofGoodsAndServicesSold": "None", "operatingIncome": "191808000", "sellingGeneralAndAdministrative": "201987000", "researchAndDevelopment": "None", "operatingExpenses": "146767000", "investmentIncomeNet": "None", "netInterestIncome": "None", "interestIncome": "None", "interestExpense": "None", "nonInterestIncome": "None", "otherNonOperatingIncome": "None", "depreciation": "None", "depreciationAndAmortization": "None", "incomeBeforeTax": "191808000", "incomeTaxExpense": "39779000", "interestAndDebtExpense": "None", "netIncomeFromContinuingOperations": "152029000", "comprehensiveIncomeNetOfTax": "None", "ebit": "None", "ebitda": "None", "netIncome": "152029000"}, {"fiscalDateEnding": "2024-09-30", "reportedCurrency": "USD", "grossProfit": "180125000", "totalRevenue": "999886000", "costOfRevenue": "819761000", "costofGoodsAndServicesSold": "819761000", "operatingIncome": "180125000", "sellingGeneralAndAdministrative": "17154000", "researchAndDevelopment": "None", "operatingExpenses": "819761000", "investmentIncomeNet": "None", "netInterestIncome": "None", "interestIncome": "None", "interestExpense": "None", "nonInterestIncome": "None", "otherNonOperatingIncome": "None", "depreciation": "None", "depreciationAndAmortization": "2925000", "incomeBeforeTax": "200842000", "incomeTaxExpense": "41012000", "interestAndDebtExpense": "None", "netIncomeFromContinuingOperations": "159830000", "comprehensiveIncomeNetOfTax": "None", "ebit": "180125000", "ebitda": "183050000", "netIncome": "159830000"}, {"fiscalDateEnding": "2024-06-30", "reportedCurrency": "USD", "grossProfit": "187949000", "totalRevenue": "988179000", "costOfRevenue": "800230000", "costofGoodsAndServicesSold": "800230000", "operatingIncome": "188413000", "sellingGeneralAndAdministrative": "206028000", "researchAndDevelopment": "None", "operatingExpenses": "-464000", "investmentIncomeNet": "None", "netInterestIncome": "None", "interestIncome": "None", "interestExpense": "None", "nonInterestIncome": "None", "otherNonOperatingIncome": "None", "depreciation": "None", "depreciationAndAmortization": "1795000", "incomeBeforeTax": "207327000", "incomeTaxExpense": "43424000", "interestAndDebtExpense": "None", "netIncomeFromContinuingOperations": "163903000", "comprehensiveIncomeNetOfTax": "None", "ebit": "188413000", "ebitda": "190208000", "netIncome": "163903000"}, {"fiscalDateEnding": "2024-03-31", "reportedCurrency": "USD", "grossProfit": "138617000", "totalRevenue": "880506000", "costOfRevenue": "741889000", "costofGoodsAndServicesSold": "741889000", "operatingIncome": "140665000", "sellingGeneralAndAdministrative": "16934000", "researchAndDevelopment": "None", "operatingExpenses": "-2048000", "investmentIncomeNet": "None", "netInterestIncome": "None", "interestIncome": "None", "interestExpense": "None", "nonInterestIncome": "None", "otherNonOperatingIncome": "None", "depreciation": "None", "depreciationAndAmortization": "11853750", "incomeBeforeTax": "157302000", "incomeTaxExpense": "32750000", "interestAndDebtExpense": "None", "netIncomeFromContinuingOperations": "124552000", "comprehensiveIncomeNetOfTax": "None", "ebit": "128811250", "ebitda": "140665000", "netIncome": "124552000"}, {"fiscalDateEnding": "2023-12-31", "reportedCurrency": "USD", "grossProfit": "126869000", "totalRevenue": "817452000", "costOfRevenue": "690583000", "costofGoodsAndServicesSold": "690583000", "operatingIncome": "130491999", "sellingGeneralAndAdministrative": "46976000", "researchAndDevelopment": "None", "operatingExpenses": "-3623000", "investmentIncomeNet": "None", "netInterestIncome": "0", "interestIncome": "None", "interestExpense": "1395000", "nonInterestIncome": "None", "otherNonOperatingIncome": "None", "depreciation": "None", "depreciationAndAmortization": "11853750", "incomeBeforeTax": "139924000", "incomeTaxExpense": "28996000", "interestAndDebtExpense": "None", "netIncomeFromContinuingOperations": "110928000", "comprehensiveIncomeNetOfTax": "None", "ebit": "118638249", "ebitda": "130491999", "netIncome": "110928000"}, {"fiscalDateEnding": "2023-09-30", "reportedCurrency": "USD", "grossProfit": "148471000", "totalRevenue": "858938000", "costOfRevenue": "710467000", "costofGoodsAndServicesSold": "710467000", "operatingIncome": "148471000", "sellingGeneralAndAdministrative": "16151000", "researchAndDevelopment": "None", "operatingExpenses": "710467000", "investmentIncomeNet": "None", "netInterestIncome": "0", "interestIncome": "None", "interestExpense": "0", "nonInterestIncome": "None", "otherNonOperatingIncome": "None", "depreciation": "None", "depreciationAndAmortization": "11541500", "incomeBeforeTax": "163774000", "incomeTaxExpense": "32734000", "interestAndDebtExpense": "None", "netIncomeFromContinuingOperations": "131040000", "comprehensiveIncomeNetOfTax": "None", "ebit": "136929500", "ebitda": "148471000", "netIncome": "131040000"}, {"fiscalDateEnding": "2023-06-30", "reportedCurrency": "USD", "grossProfit": "145785000", "totalRevenue": "851497000", "costOfRevenue": "705712000", "costofGoodsAndServicesSold": "705712000", "operatingIncome": "-41805000", "sellingGeneralAndAdministrative": "15636000", "researchAndDevelopment": "None", "operatingExpenses": "-893302000", "investmentIncomeNet": "None", "netInterestIncome": "0", "interestIncome": "None", "interestExpense": "0", "nonInterestIncome": "None", "otherNonOperatingIncome": "3305000", "depreciation": "None", "depreciationAndAmortization": "11541500", "incomeBeforeTax": "149090000", "incomeTaxExpense": "31238000", "interestAndDebtExpense": "None", "netIncomeFromContinuingOperations": "117852000", "comprehensiveIncomeNetOfTax": "None", "ebit": "-53346500", "ebitda": "-41805000", "netIncome": "117852000"}, {"fiscalDateEnding": "2023-03-31", "reportedCurrency": "USD", "grossProfit": "105811000", "totalRevenue": "747733000", "costOfRevenue": "641922000", "costofGoodsAndServicesSold": "641922000", "operatingIncome": "110543000", "sellingGeneralAndAdministrative": "15189000", "researchAndDevelopment": "None", "operatingExpenses": "641922000", "investmentIncomeNet": "None", "netInterestIncome": "0", "interestIncome": "None", "interestExpense": "1395000", "nonInterestIncome": "None", "otherNonOperatingIncome": "3337000", "depreciation": "None", "depreciationAndAmortization": "11541500", "incomeBeforeTax": "109148000", "incomeTaxExpense": "22907000", "interestAndDebtExpense": "None", "netIncomeFromContinuingOperations": "86241000", "comprehensiveIncomeNetOfTax": "None", "ebit": "99001500", "ebitda": "110543000", "netIncome": "86241000"}, {"fiscalDateEnding": "2022-12-31", "reportedCurrency": "USD", "grossProfit": "257043000", "totalRevenue": "700635000", "costOfRevenue": "443592000", "costofGoodsAndServicesSold": "443592000", "operatingIncome": "81430000", "sellingGeneralAndAdministrative": "175613000", "researchAndDevelopment": "None", "operatingExpenses": "619205000", "investmentIncomeNet": "None", "netInterestIncome": "0", "interestIncome": "None", "interestExpense": "0", "nonInterestIncome": "None", "otherNonOperatingIncome": "243000", "depreciation": "None", "depreciationAndAmortization": "182125000", "incomeBeforeTax": "81961000", "incomeTaxExpense": "16471000", "interestAndDebtExpense": "None", "netIncomeFromContinuingOperations": "65490000", "comprehensiveIncomeNetOfTax": "None", "ebit": "81673000", "ebitda": "81961000", "netIncome": "65490000"}, {"fiscalDateEnding": "2022-09-30", "reportedCurrency": "USD", "grossProfit": "275125000", "totalRevenue": "741236000", "costOfRevenue": "466111000", "costofGoodsAndServicesSold": "466111000", "operatingIncome": "106472000", "sellingGeneralAndAdministrative": "168653000", "researchAndDevelopment": "None", "operatingExpenses": "634764000", "investmentIncomeNet": "None", "netInterestIncome": "-115000", "interestIncome": "None", "interestExpense": "115000", "nonInterestIncome": "None", "otherNonOperatingIncome": "562000", "depreciation": "None", "depreciationAndAmortization": "9302500", "incomeBeforeTax": "106348000", "incomeTaxExpense": "22035000", "interestAndDebtExpense": "None", "netIncomeFromContinuingOperations": "84313000", "comprehensiveIncomeNetOfTax": "None", "ebit": "107034000", "ebitda": "106463000", "netIncome": "84313000"}, {"fiscalDateEnding": "2022-06-30", "reportedCurrency": "USD", "grossProfit": "264675000", "totalRevenue": "726143000", "costOfRevenue": "461468000", "costofGoodsAndServicesSold": "461468000", "operatingIncome": "104000000", "sellingGeneralAndAdministrative": "160675000", "researchAndDevelopment": "None", "operatingExpenses": "622143000", "investmentIncomeNet": "None", "netInterestIncome": "-895000", "interestIncome": "None", "interestExpense": "895000", "nonInterestIncome": "None", "otherNonOperatingIncome": "337000", "depreciation": "None", "depreciationAndAmortization": "9302500", "incomeBeforeTax": "101348000", "incomeTaxExpense": "21201000", "interestAndDebtExpense": "None", "netIncomeFromContinuingOperations": "80147000", "comprehensiveIncomeNetOfTax": "None", "ebit": "104337000", "ebitda": "102243000", "netIncome": "80147000"}, {"fiscalDateEnding": "2022-03-31", "reportedCurrency": "USD", "grossProfit": "247639000", "totalRevenue": "672110000", "costOfRevenue": "424471000", "costofGoodsAndServicesSold": "424471000", "operatingIncome": "84312000", "sellingGeneralAndAdministrative": "163327000", "researchAndDevelopment": "None", "operatingExpenses": "587798000", "investmentIncomeNet": "None", "netInterestIncome": "-999000", "interestIncome": "None", "interestExpense": "999000", "nonInterestIncome": "None", "otherNonOperatingIncome": "473000", "depreciation": "None", "depreciationAndAmortization": "9302500", "incomeBeforeTax": "86795000", "incomeTaxExpense": "18176000", "interestAndDebtExpense": "None", "netIncomeFromContinuingOperations": "68619000", "comprehensiveIncomeNetOfTax": "None", "ebit": "84785000", "ebitda": "87794000", "netIncome": "68619000"}, {"fiscalDateEnding": "2021-12-31", "reportedCurrency": "USD", "grossProfit": "227184000", "totalRevenue": "635931000", "costOfRevenue": "408747000", "costofGoodsAndServicesSold": "408747000", "operatingIncome": "62434000", "sellingGeneralAndAdministrative": "164750000", "researchAndDevelopment": "None", "operatingExpenses": "573497000", "investmentIncomeNet": "None", "netInterestIncome": "-1050000", "interestIncome": "None", "interestExpense": "1050000", "nonInterestIncome": "None", "otherNonOperatingIncome": "7435000", "depreciation": "None", "depreciationAndAmortization": "9302500", "incomeBeforeTax": "69827000", "incomeTaxExpense": "14785000", "interestAndDebtExpense": "None", "netIncomeFromContinuingOperations": "55042000", "comprehensiveIncomeNetOfTax": "None", "ebit": "69269000", "ebitda": "70877000", "netIncome": "55042000"}, {"fiscalDateEnding": "2021-09-30", "reportedCurrency": "USD", "grossProfit": "257513000", "totalRevenue": "687839000", "costOfRevenue": "430326000", "costofGoodsAndServicesSold": "430326000", "operatingIncome": "95103000", "sellingGeneralAndAdministrative": "162410000", "researchAndDevelopment": "None", "operatingExpenses": "592736000", "investmentIncomeNet": "None", "netInterestIncome": "-1034000", "interestIncome": "None", "interestExpense": "1034000", "nonInterestIncome": "None", "otherNonOperatingIncome": "20598000", "depreciation": "None", "depreciationAndAmortization": "20057000", "incomeBeforeTax": "114126000", "incomeTaxExpense": "23903000", "interestAndDebtExpense": "None", "netIncomeFromContinuingOperations": "90223000", "comprehensiveIncomeNetOfTax": "None", "ebit": "95103000", "ebitda": "115160000", "netIncome": "90223000"}, {"fiscalDateEnding": "2021-06-30", "reportedCurrency": "USD", "grossProfit": "242255000", "totalRevenue": "680030000", "costOfRevenue": "437775000", "costofGoodsAndServicesSold": "437775000", "operatingIncome": "85065000", "sellingGeneralAndAdministrative": "157790000", "researchAndDevelopment": "None", "operatingExpenses": "594965000", "investmentIncomeNet": "None", "netInterestIncome": "-1039000", "interestIncome": "None", "interestExpense": "1039000", "nonInterestIncome": "None", "otherNonOperatingIncome": "16418000", "depreciation": "None", "depreciationAndAmortization": "15870000", "incomeBeforeTax": "99896000", "incomeTaxExpense": "20867000", "interestAndDebtExpense": "None", "netIncomeFromContinuingOperations": "79029000", "comprehensiveIncomeNetOfTax": "None", "ebit": "84044000", "ebitda": "100935000", "netIncome": "79029000"}, {"fiscalDateEnding": "2021-03-31", "reportedCurrency": "USD", "grossProfit": "229628000", "totalRevenue": "630177000", "costOfRevenue": "400549000", "costofGoodsAndServicesSold": "400549000", "operatingIncome": "76095000", "sellingGeneralAndAdministrative": "153533000", "researchAndDevelopment": "None", "operatingExpenses": "554082000", "investmentIncomeNet": "None", "netInterestIncome": "-1009000", "interestIncome": "None", "interestExpense": "1009000", "nonInterestIncome": "None", "otherNonOperatingIncome": "17988000", "depreciation": "None", "depreciationAndAmortization": "17469000", "incomeBeforeTax": "92555000", "incomeTaxExpense": "18989000", "interestAndDebtExpense": "None", "netIncomeFromContinuingOperations": "73566000", "comprehensiveIncomeNetOfTax": "None", "ebit": "94083000", "ebitda": "93564000", "netIncome": "73566000"}, {"fiscalDateEnding": "2020-12-31", "reportedCurrency": "USD", "grossProfit": "223258000", "totalRevenue": "609252000", "costOfRevenue": "385994000", "costofGoodsAndServicesSold": "385994000", "operatingIncome": "65052000", "sellingGeneralAndAdministrative": "158206000", "researchAndDevelopment": "None", "operatingExpenses": "544200000", "investmentIncomeNet": "None", "netInterestIncome": "-723000", "interestIncome": "None", "interestExpense": "723000", "nonInterestIncome": "None", "otherNonOperatingIncome": "None", "depreciation": "None", "depreciationAndAmortization": "5298751", "incomeBeforeTax": "78210000", "incomeTaxExpense": "15425000", "interestAndDebtExpense": "None", "netIncomeFromContinuingOperations": "62785000", "comprehensiveIncomeNetOfTax": "None", "ebit": "78210000", "ebitda": "78933000", "netIncome": "62785000"}, {"fiscalDateEnding": "2020-09-30", "reportedCurrency": "USD", "grossProfit": "243935000", "totalRevenue": "653481000", "costOfRevenue": "409546000", "costofGoodsAndServicesSold": "409546000", "operatingIncome": "96225000", "sellingGeneralAndAdministrative": "147710000", "researchAndDevelopment": "None", "operatingExpenses": "557256000", "investmentIncomeNet": "None", "netInterestIncome": "-3000", "interestIncome": "None", "interestExpense": "3000", "nonInterestIncome": "None", "otherNonOperatingIncome": "15474000", "depreciation": "None", "depreciationAndAmortization": "15474000", "incomeBeforeTax": "111696000", "incomeTaxExpense": "22480000", "interestAndDebtExpense": "None", "netIncomeFromContinuingOperations": "89216000", "comprehensiveIncomeNetOfTax": "None", "ebit": "111696000", "ebitda": "111699000", "netIncome": "89216000"}, {"fiscalDateEnding": "2020-06-30", "reportedCurrency": "USD", "grossProfit": "243154000", "totalRevenue": "657019000", "costOfRevenue": "413865000", "costofGoodsAndServicesSold": "413865000", "operatingIncome": "91189000", "sellingGeneralAndAdministrative": "151965000", "researchAndDevelopment": "None", "operatingExpenses": "565830000", "investmentIncomeNet": "None", "netInterestIncome": "-2000", "interestIncome": "None", "interestExpense": "2000", "nonInterestIncome": "None", "otherNonOperatingIncome": "11295000", "depreciation": "None", "depreciationAndAmortization": "11295000", "incomeBeforeTax": "102482000", "incomeTaxExpense": "20505000", "interestAndDebtExpense": "None", "netIncomeFromContinuingOperations": "81977000", "comprehensiveIncomeNetOfTax": "None", "ebit": "102482000", "ebitda": "102484000", "netIncome": "81977000"}, {"fiscalDateEnding": "2020-03-31", "reportedCurrency": "USD", "grossProfit": "237245000", "totalRevenue": "616737000", "costOfRevenue": "379492000", "costofGoodsAndServicesSold": "379492000", "operatingIncome": "85691000", "sellingGeneralAndAdministrative": "151554000", "researchAndDevelopment": "None", "operatingExpenses": "531046000", "investmentIncomeNet": "None", "netInterestIncome": "-3000", "interestIncome": "6145000", "interestExpense": "3000", "nonInterestIncome": "None", "otherNonOperatingIncome": "-9561000", "depreciation": "None", "depreciationAndAmortization": "-9561000", "incomeBeforeTax": "76127000", "incomeTaxExpense": "16801000", "interestAndDebtExpense": "None", "netIncomeFromContinuingOperations": "59326000", "comprehensiveIncomeNetOfTax": "None", "ebit": "76127000", "ebitda": "76130000", "netIncome": "59326000"}, {"fiscalDateEnding": "2019-12-31", "reportedCurrency": "USD", "grossProfit": "219405000", "totalRevenue": "596740000", "costOfRevenue": "377335000", "costofGoodsAndServicesSold": "377335000", "operatingIncome": "68700000", "sellingGeneralAndAdministrative": "150705000", "researchAndDevelopment": "None", "operatingExpenses": "528040000", "investmentIncomeNet": "None", "netInterestIncome": "-24000", "interestIncome": "6892000", "interestExpense": "24000", "nonInterestIncome": "None", "otherNonOperatingIncome": "6974000", "depreciation": "None", "depreciationAndAmortization": "4203250", "incomeBeforeTax": "75650000", "incomeTaxExpense": "16063000", "interestAndDebtExpense": "None", "netIncomeFromContinuingOperations": "59587000", "comprehensiveIncomeNetOfTax": "None", "ebit": "75650000", "ebitda": "75674000", "netIncome": "59587000"}, {"fiscalDateEnding": "2019-09-30", "reportedCurrency": "USD", "grossProfit": "248637000", "totalRevenue": "638742000", "costOfRevenue": "390105000", "costofGoodsAndServicesSold": "390105000", "operatingIncome": "105907000", "sellingGeneralAndAdministrative": "142730000", "researchAndDevelopment": "None", "operatingExpenses": "532835000", "investmentIncomeNet": "None", "netInterestIncome": "-111000", "interestIncome": "13526000", "interestExpense": "111000", "nonInterestIncome": "None", "otherNonOperatingIncome": "13706000", "depreciation": "None", "depreciationAndAmortization": "13706000", "incomeBeforeTax": "119502000", "incomeTaxExpense": "25333000", "interestAndDebtExpense": "None", "netIncomeFromContinuingOperations": "94169000", "comprehensiveIncomeNetOfTax": "None", "ebit": "119502000", "ebitda": "119613000", "netIncome": "94169000"}, {"fiscalDateEnding": "2019-06-30", "reportedCurrency": "USD", "grossProfit": "242705000", "totalRevenue": "647710000", "costOfRevenue": "405005000", "costofGoodsAndServicesSold": "405005000", "operatingIncome": "96610000", "sellingGeneralAndAdministrative": "146095000", "researchAndDevelopment": "None", "operatingExpenses": "551000000", "investmentIncomeNet": "None", "netInterestIncome": "-272000", "interestIncome": "9464000", "interestExpense": "272000", "nonInterestIncome": "None", "otherNonOperatingIncome": "9700000", "depreciation": "None", "depreciationAndAmortization": "9700000", "incomeBeforeTax": "106038000", "incomeTaxExpense": "18284000", "interestAndDebtExpense": "None", "netIncomeFromContinuingOperations": "87754000", "comprehensiveIncomeNetOfTax": "None", "ebit": "106038000", "ebitda": "106310000", "netIncome": "87754000"}, {"fiscalDateEnding": "2019-03-31", "reportedCurrency": "USD", "grossProfit": "228602000", "totalRevenue": "594106000", "costOfRevenue": "365504000", "costofGoodsAndServicesSold": "365504000", "operatingIncome": "86122000", "sellingGeneralAndAdministrative": "142480000", "researchAndDevelopment": "None", "operatingExpenses": "507984000", "investmentIncomeNet": "None", "netInterestIncome": "-449000", "interestIncome": "9424000", "interestExpense": "449000", "nonInterestIncome": "None", "otherNonOperatingIncome": "9842000", "depreciation": "None", "depreciationAndAmortization": "9842000", "incomeBeforeTax": "95515000", "incomeTaxExpense": "20204000", "interestAndDebtExpense": "None", "netIncomeFromContinuingOperations": "75311000", "comprehensiveIncomeNetOfTax": "None", "ebit": "95515000", "ebitda": "95964000", "netIncome": "75311000"}, {"fiscalDateEnding": "2018-12-31", "reportedCurrency": "USD", "grossProfit": "582646000", "totalRevenue": "582646000", "costOfRevenue": "501710000", "costofGoodsAndServicesSold": "501710000", "operatingIncome": "74758000", "sellingGeneralAndAdministrative": "None", "researchAndDevelopment": "0", "operatingExpenses": "502000000", "investmentIncomeNet": "None", "netInterestIncome": "None", "interestIncome": "None", "interestExpense": "596000", "nonInterestIncome": "None", "otherNonOperatingIncome": "8480000", "depreciation": "None", "depreciationAndAmortization": "3342000", "incomeBeforeTax": "82642000", "incomeTaxExpense": "20328000", "interestAndDebtExpense": "None", "netIncomeFromContinuingOperations": "62314000", "comprehensiveIncomeNetOfTax": "None", "ebit": "82642000", "ebitda": "83238000", "netIncome": "62314000"}, {"fiscalDateEnding": "2018-09-30", "reportedCurrency": "USD", "grossProfit": "619785000", "totalRevenue": "619785000", "costOfRevenue": "515431000", "costofGoodsAndServicesSold": "515431000", "operatingIncome": "96695000", "sellingGeneralAndAdministrative": "13521000", "researchAndDevelopment": "0", "operatingExpenses": "515000000", "investmentIncomeNet": "None", "netInterestIncome": "None", "interestIncome": "None", "interestExpense": "709000", "nonInterestIncome": "None", "otherNonOperatingIncome": "8485000", "depreciation": "None", "depreciationAndAmortization": "8485000", "incomeBeforeTax": "104471000", "incomeTaxExpense": "24025000", "interestAndDebtExpense": "None", "netIncomeFromContinuingOperations": "80446000", "comprehensiveIncomeNetOfTax": "None", "ebit": "104471000", "ebitda": "105180000", "netIncome": "80446000"}, {"fiscalDateEnding": "2018-06-30", "reportedCurrency": "USD", "grossProfit": "627884000", "totalRevenue": "627884000", "costOfRevenue": "526135000", "costofGoodsAndServicesSold": "526135000", "operatingIncome": "95323000", "sellingGeneralAndAdministrative": "13299000", "researchAndDevelopment": "0", "operatingExpenses": "526000000", "investmentIncomeNet": "None", "netInterestIncome": "None", "interestIncome": "None", "interestExpense": "602000", "nonInterestIncome": "None", "otherNonOperatingIncome": "6265000", "depreciation": "None", "depreciationAndAmortization": "6265000", "incomeBeforeTax": "100986000", "incomeTaxExpense": "21280000", "interestAndDebtExpense": "None", "netIncomeFromContinuingOperations": "79706000", "comprehensiveIncomeNetOfTax": "None", "ebit": "100986000", "ebitda": "101588000", "netIncome": "79706000"}, {"fiscalDateEnding": "2018-03-31", "reportedCurrency": "USD", "grossProfit": "578515000", "totalRevenue": "578515000", "costOfRevenue": "494593000", "costofGoodsAndServicesSold": "494593000", "operatingIncome": "77567000", "sellingGeneralAndAdministrative": "13074000", "researchAndDevelopment": "0", "operatingExpenses": "495000000", "investmentIncomeNet": "None", "netInterestIncome": "None", "interestIncome": "None", "interestExpense": "553000", "nonInterestIncome": "None", "otherNonOperatingIncome": "6207000", "depreciation": "None", "depreciationAndAmortization": "6207000", "incomeBeforeTax": "83221000", "incomeTaxExpense": "17463000", "interestAndDebtExpense": "None", "netIncomeFromContinuingOperations": "65758000", "comprehensiveIncomeNetOfTax": "None", "ebit": "83221000", "ebitda": "83774000", "netIncome": "65758000"}, {"fiscalDateEnding": "2017-12-31", "reportedCurrency": "USD", "grossProfit": "64844000", "totalRevenue": "407621000", "costOfRevenue": "342777000", "costofGoodsAndServicesSold": "342777000", "operatingIncome": "65079000", "sellingGeneralAndAdministrative": "59168000", "researchAndDevelopment": "0", "operatingExpenses": "-342542000", "investmentIncomeNet": "None", "netInterestIncome": "None", "interestIncome": "None", "interestExpense": "438000", "nonInterestIncome": "None", "otherNonOperatingIncome": "7121000", "depreciation": "None", "depreciationAndAmortization": "3707750", "incomeBeforeTax": "64641000", "incomeTaxExpense": "32588000", "interestAndDebtExpense": "None", "netIncomeFromContinuingOperations": "32053000", "comprehensiveIncomeNetOfTax": "None", "ebit": "61371250", "ebitda": "65079000", "netIncome": "32053000"}, {"fiscalDateEnding": "2017-09-30", "reportedCurrency": "USD", "grossProfit": "336382000", "totalRevenue": "449361000", "costOfRevenue": "112979000", "costofGoodsAndServicesSold": "112979000", "operatingIncome": "89242000", "sellingGeneralAndAdministrative": "60499000", "researchAndDevelopment": "0", "operatingExpenses": "361656000", "investmentIncomeNet": "None", "netInterestIncome": "None", "interestIncome": "None", "interestExpense": "377000", "nonInterestIncome": "None", "otherNonOperatingIncome": "8406000", "depreciation": "None", "depreciationAndAmortization": "3788500", "incomeBeforeTax": "88865000", "incomeTaxExpense": "30322000", "interestAndDebtExpense": "None", "netIncomeFromContinuingOperations": "58543000", "comprehensiveIncomeNetOfTax": "None", "ebit": "85453500", "ebitda": "89242000", "netIncome": "58543000"}, {"fiscalDateEnding": "2017-06-30", "reportedCurrency": "USD", "grossProfit": "340726000", "totalRevenue": "454863000", "costOfRevenue": "114137000", "costofGoodsAndServicesSold": "114137000", "operatingIncome": "83044000", "sellingGeneralAndAdministrative": "60774000", "researchAndDevelopment": "0", "operatingExpenses": "365520000", "investmentIncomeNet": "None", "netInterestIncome": "None", "interestIncome": "None", "interestExpense": "257000", "nonInterestIncome": "None", "otherNonOperatingIncome": "6448000", "depreciation": "None", "depreciationAndAmortization": "6448000", "incomeBeforeTax": "89235000", "incomeTaxExpense": "30708000", "interestAndDebtExpense": "None", "netIncomeFromContinuingOperations": "58527000", "comprehensiveIncomeNetOfTax": "None", "ebit": "83044000", "ebitda": "89492000", "netIncome": "58527000"}, {"fiscalDateEnding": "2017-03-31", "reportedCurrency": "USD", "grossProfit": "293385000", "totalRevenue": "405689000", "costOfRevenue": "112304000", "costofGoodsAndServicesSold": "112304000", "operatingIncome": "-45770000", "sellingGeneralAndAdministrative": "59740000", "researchAndDevelopment": "0", "operatingExpenses": "332782000", "investmentIncomeNet": "None", "netInterestIncome": "None", "interestIncome": "None", "interestExpense": "166000", "nonInterestIncome": "None", "otherNonOperatingIncome": "6586000", "depreciation": "None", "depreciationAndAmortization": "118890000", "incomeBeforeTax": "72954000", "incomeTaxExpense": "25078000", "interestAndDebtExpense": "None", "netIncomeFromContinuingOperations": "47876000", "comprehensiveIncomeNetOfTax": "None", "ebit": "-45770000", "ebitda": "73120000", "netIncome": "47876000"}, {"fiscalDateEnding": "2016-12-31", "reportedCurrency": "USD", "grossProfit": "117234000", "totalRevenue": "385848000", "costOfRevenue": "268614000", "costofGoodsAndServicesSold": "268614000", "operatingIncome": "70123000", "sellingGeneralAndAdministrative": "51777000", "researchAndDevelopment": "0", "operatingExpenses": "-315725000", "investmentIncomeNet": "None", "netInterestIncome": "None", "interestIncome": "None", "interestExpense": "101000", "nonInterestIncome": "None", "otherNonOperatingIncome": "13539000", "depreciation": "None", "depreciationAndAmortization": "3788500", "incomeBeforeTax": "70123000", "incomeTaxExpense": "24337000", "interestAndDebtExpense": "None", "netIncomeFromContinuingOperations": "45786000", "comprehensiveIncomeNetOfTax": "None", "ebit": "66334500", "ebitda": "70123000", "netIncome": "45786000"}, {"fiscalDateEnding": "2016-09-30", "reportedCurrency": "USD", "grossProfit": "320759000", "totalRevenue": "424455000", "costOfRevenue": "103696000", "costofGoodsAndServicesSold": "103696000", "operatingIncome": "-21441000", "sellingGeneralAndAdministrative": "53265000", "researchAndDevelopment": "0", "operatingExpenses": "336151000", "investmentIncomeNet": "None", "netInterestIncome": "None", "interestIncome": "None", "interestExpense": "0", "nonInterestIncome": "None", "otherNonOperatingIncome": "4326000", "depreciation": "None", "depreciationAndAmortization": "108022000", "incomeBeforeTax": "86581000", "incomeTaxExpense": "29205000", "interestAndDebtExpense": "None", "netIncomeFromContinuingOperations": "57376000", "comprehensiveIncomeNetOfTax": "None", "ebit": "-21441000", "ebitda": "86581000", "netIncome": "57376000"}, {"fiscalDateEnding": "2016-06-30", "reportedCurrency": "USD", "grossProfit": "326843000", "totalRevenue": "429174000", "costOfRevenue": "102331000", "costofGoodsAndServicesSold": "102331000", "operatingIncome": "-16572000", "sellingGeneralAndAdministrative": "55025000", "researchAndDevelopment": "0", "operatingExpenses": "338125000", "investmentIncomeNet": "None", "netInterestIncome": "None", "interestIncome": "None", "interestExpense": "0", "nonInterestIncome": "None", "otherNonOperatingIncome": "7404000", "depreciation": "None", "depreciationAndAmortization": "109735000", "incomeBeforeTax": "93163000", "incomeTaxExpense": "31854000", "interestAndDebtExpense": "None", "netIncomeFromContinuingOperations": "61309000", "comprehensiveIncomeNetOfTax": "None", "ebit": "-16572000", "ebitda": "93163000", "netIncome": "61309000"}, {"fiscalDateEnding": "2016-03-31", "reportedCurrency": "USD", "grossProfit": "279608000", "totalRevenue": "377957000", "costOfRevenue": "98349000", "costofGoodsAndServicesSold": "98349000", "operatingIncome": "-30684000", "sellingGeneralAndAdministrative": "53289000", "researchAndDevelopment": "0", "operatingExpenses": "307063000", "investmentIncomeNet": "None", "netInterestIncome": "None", "interestIncome": "None", "interestExpense": "0", "nonInterestIncome": "None", "otherNonOperatingIncome": "2559000", "depreciation": "None", "depreciationAndAmortization": "100908000", "incomeBeforeTax": "70224000", "incomeTaxExpense": "24329000", "interestAndDebtExpense": "None", "netIncomeFromContinuingOperations": "45895000", "comprehensiveIncomeNetOfTax": "None", "ebit": "-30684000", "ebitda": "70224000", "netIncome": "45895000"}, {"fiscalDateEnding": "2015-12-31", "reportedCurrency": "USD", "grossProfit": "-2615864000", "totalRevenue": "360543000", "costOfRevenue": "2976407000", "costofGoodsAndServicesSold": "2976407000", "operatingIncome": "-44751000", "sellingGeneralAndAdministrative": "55998000", "researchAndDevelopment": "9000000", "operatingExpenses": "-405294000", "investmentIncomeNet": "None", "netInterestIncome": "None", "interestIncome": "None", "interestExpense": "101000", "nonInterestIncome": "None", "otherNonOperatingIncome": "33708000", "depreciation": "None", "depreciationAndAmortization": "1865250", "incomeBeforeTax": "46083000", "incomeTaxExpense": "15950000", "interestAndDebtExpense": "None", "netIncomeFromContinuingOperations": "-191322000", "comprehensiveIncomeNetOfTax": "None", "ebit": "-46616250", "ebitda": "-44751000", "netIncome": "29678000"}, {"fiscalDateEnding": "2015-09-30", "reportedCurrency": "USD", "grossProfit": "-3000000", "totalRevenue": "1303000000", "costOfRevenue": "1306000000", "costofGoodsAndServicesSold": "1306000000", "operatingIncome": "57000000", "sellingGeneralAndAdministrative": "58342000", "researchAndDevelopment": "0", "operatingExpenses": "-1246000000", "investmentIncomeNet": "None", "netInterestIncome": "None", "interestIncome": "None", "interestExpense": "0", "nonInterestIncome": "None", "otherNonOperatingIncome": "None", "depreciation": "None", "depreciationAndAmortization": "4000000", "incomeBeforeTax": "40000000", "incomeTaxExpense": "7000000", "interestAndDebtExpense": "None", "netIncomeFromContinuingOperations": "33000000", "comprehensiveIncomeNetOfTax": "None", "ebit": "53000000", "ebitda": "57000000", "netIncome": "49562000"}, {"fiscalDateEnding": "2015-06-30", "reportedCurrency": "USD", "grossProfit": "223000000", "totalRevenue": "1560000000", "costOfRevenue": "1337000000", "costofGoodsAndServicesSold": "1337000000", "operatingIncome": "154000000", "sellingGeneralAndAdministrative": "57354000", "researchAndDevelopment": "0", "operatingExpenses": "-1406000000", "investmentIncomeNet": "None", "netInterestIncome": "None", "interestIncome": "None", "interestExpense": "0", "nonInterestIncome": "None", "otherNonOperatingIncome": "None", "depreciation": "None", "depreciationAndAmortization": "4000000", "incomeBeforeTax": "295000000", "incomeTaxExpense": "98000000", "interestAndDebtExpense": "None", "netIncomeFromContinuingOperations": "197000000", "comprehensiveIncomeNetOfTax": "None", "ebit": "150000000", "ebitda": "154000000", "netIncome": "56150000"}, {"fiscalDateEnding": "2015-03-31", "reportedCurrency": "USD", "grossProfit": "169000000", "totalRevenue": "1577000000", "costOfRevenue": "1408000000", "costofGoodsAndServicesSold": "1408000000", "operatingIncome": "100000000", "sellingGeneralAndAdministrative": "55019000", "researchAndDevelopment": "0", "operatingExpenses": "-1477000000", "investmentIncomeNet": "None", "netInterestIncome": "None", "interestIncome": "None", "interestExpense": "0", "nonInterestIncome": "None", "otherNonOperatingIncome": "None", "depreciation": "None", "depreciationAndAmortization": "4000000", "incomeBeforeTax": "197000000", "incomeTaxExpense": "61000000", "interestAndDebtExpense": "None", "netIncomeFromContinuingOperations": "136000000", "comprehensiveIncomeNetOfTax": "None", "ebit": "96000000", "ebitda": "100000000", "netIncome": "38833000"}, {"fiscalDateEnding": "2014-12-31", "reportedCurrency": "USD", "grossProfit": "375000000", "totalRevenue": "1587000000", "costOfRevenue": "1212000000", "costofGoodsAndServicesSold": "1212000000", "operatingIncome": "150000000", "sellingGeneralAndAdministrative": "0", "researchAndDevelopment": "7000000", "operatingExpenses": "-1437000000", "investmentIncomeNet": "None", "netInterestIncome": "None", "interestIncome": "None", "interestExpense": "101000", "nonInterestIncome": "None", "otherNonOperatingIncome": "None", "depreciation": "None", "depreciationAndAmortization": "4000000", "incomeBeforeTax": "377000000", "incomeTaxExpense": "124000000", "interestAndDebtExpense": "None", "netIncomeFromContinuingOperations": "253000000", "comprehensiveIncomeNetOfTax": "None", "ebit": "146000000", "ebitda": "150000000", "netIncome": "26000000"}, {"fiscalDateEnding": "2014-09-30", "reportedCurrency": "USD", "grossProfit": "116000000", "totalRevenue": "1392000000", "costOfRevenue": "1276000000", "costofGoodsAndServicesSold": "1276000000", "operatingIncome": "89000000", "sellingGeneralAndAdministrative": "0", "researchAndDevelopment": "0", "operatingExpenses": "-1303000000", "investmentIncomeNet": "None", "netInterestIncome": "None", "interestIncome": "None", "interestExpense": "0", "nonInterestIncome": "None", "otherNonOperatingIncome": "None", "depreciation": "None", "depreciationAndAmortization": "3500000", "incomeBeforeTax": "150000000", "incomeTaxExpense": "42000000", "interestAndDebtExpense": "None", "netIncomeFromContinuingOperations": "108000000", "comprehensiveIncomeNetOfTax": "None", "ebit": "85500000", "ebitda": "89000000", "netIncome": "47000000"}, {"fiscalDateEnding": "2014-06-30", "reportedCurrency": "USD", "grossProfit": "120000000", "totalRevenue": "1571000000", "costOfRevenue": "1451000000", "costofGoodsAndServicesSold": "1451000000", "operatingIncome": "93000000", "sellingGeneralAndAdministrative": "0", "researchAndDevelopment": "0", "operatingExpenses": "-1478000000", "investmentIncomeNet": "None", "netInterestIncome": "None", "interestIncome": "None", "interestExpense": "0", "nonInterestIncome": "None", "otherNonOperatingIncome": "None", "depreciation": "None", "depreciationAndAmortization": "3500000", "incomeBeforeTax": "147000000", "incomeTaxExpense": "44000000", "interestAndDebtExpense": "None", "netIncomeFromContinuingOperations": "103000000", "comprehensiveIncomeNetOfTax": "None", "ebit": "89500000", "ebitda": "93000000", "netIncome": "49000000"}, {"fiscalDateEnding": "2014-03-31", "reportedCurrency": "USD", "grossProfit": "106000000", "totalRevenue": "1461000000", "costOfRevenue": "1355000000", "costofGoodsAndServicesSold": "1355000000", "operatingIncome": "93000000", "sellingGeneralAndAdministrative": "0", "researchAndDevelopment": "0", "operatingExpenses": "-1368000000", "investmentIncomeNet": "None", "netInterestIncome": "None", "interestIncome": "None", "interestExpense": "0", "nonInterestIncome": "None", "otherNonOperatingIncome": "None", "depreciation": "None", "depreciationAndAmortization": "3500000", "incomeBeforeTax": "156000000", "incomeTaxExpense": "47000000", "interestAndDebtExpense": "None", "netIncomeFromContinuingOperations": "109000000", "comprehensiveIncomeNetOfTax": "None", "ebit": "89500000", "ebitda": "93000000", "netIncome": "46000000"}, {"fiscalDateEnding": "2013-12-31", "reportedCurrency": "USD", "grossProfit": "421000000", "totalRevenue": "1648000000", "costOfRevenue": "1227000000", "costofGoodsAndServicesSold": "1227000000", "operatingIncome": "470000000", "sellingGeneralAndAdministrative": "0", "researchAndDevelopment": "7000000", "operatingExpenses": "-1178000000", "investmentIncomeNet": "None", "netInterestIncome": "None", "interestIncome": "None", "interestExpense": "0", "nonInterestIncome": "None", "otherNonOperatingIncome": "None", "depreciation": "None", "depreciationAndAmortization": "-278000000", "incomeBeforeTax": "470000000", "incomeTaxExpense": "156000000", "interestAndDebtExpense": "None", "netIncomeFromContinuingOperations": "314000000", "comprehensiveIncomeNetOfTax": "None", "ebit": "470000000", "ebitda": "192000000", "netIncome": "36000000"}, {"fiscalDateEnding": "2013-09-30", "reportedCurrency": "USD", "grossProfit": "361000000", "totalRevenue": "1540000000", "costOfRevenue": "1179000000", "costofGoodsAndServicesSold": "1179000000", "operatingIncome": "177000000", "sellingGeneralAndAdministrative": "0", "researchAndDevelopment": "0", "operatingExpenses": "-1363000000", "investmentIncomeNet": "None", "netInterestIncome": "None", "interestIncome": "None", "interestExpense": "0", "nonInterestIncome": "None", "otherNonOperatingIncome": "None", "depreciation": "None", "depreciationAndAmortization": "2750000", "incomeBeforeTax": "398000000", "incomeTaxExpense": "131000000", "interestAndDebtExpense": "None", "netIncomeFromContinuingOperations": "267000000", "comprehensiveIncomeNetOfTax": "None", "ebit": "174250000", "ebitda": "177000000", "netIncome": "46000000"}, {"fiscalDateEnding": "2013-06-30", "reportedCurrency": "USD", "grossProfit": "224000000", "totalRevenue": "1387000000", "costOfRevenue": "1163000000", "costofGoodsAndServicesSold": "1163000000", "operatingIncome": "130000000", "sellingGeneralAndAdministrative": "0", "researchAndDevelopment": "0", "operatingExpenses": "-1257000000", "investmentIncomeNet": "None", "netInterestIncome": "None", "interestIncome": "None", "interestExpense": "0", "nonInterestIncome": "None", "otherNonOperatingIncome": "None", "depreciation": "None", "depreciationAndAmortization": "2750000", "incomeBeforeTax": "263000000", "incomeTaxExpense": "86000000", "interestAndDebtExpense": "None", "netIncomeFromContinuingOperations": "177000000", "comprehensiveIncomeNetOfTax": "None", "ebit": "127250000", "ebitda": "130000000", "netIncome": "44000000"}, {"fiscalDateEnding": "2013-03-31", "reportedCurrency": "USD", "grossProfit": "400000000", "totalRevenue": "1535000000", "costOfRevenue": "1135000000", "costofGoodsAndServicesSold": "1135000000", "operatingIncome": "183000000", "sellingGeneralAndAdministrative": "0", "researchAndDevelopment": "0", "operatingExpenses": "-1352000000", "investmentIncomeNet": "None", "netInterestIncome": "None", "interestIncome": "None", "interestExpense": "0", "nonInterestIncome": "None", "otherNonOperatingIncome": "None", "depreciation": "None", "depreciationAndAmortization": "2750000", "incomeBeforeTax": "436000000", "incomeTaxExpense": "146000000", "interestAndDebtExpense": "None", "netIncomeFromContinuingOperations": "290000000", "comprehensiveIncomeNetOfTax": "None", "ebit": "180250000", "ebitda": "183000000", "netIncome": "37000000"}, {"fiscalDateEnding": "2012-12-31", "reportedCurrency": "USD", "grossProfit": "133000000", "totalRevenue": "1340000000", "costOfRevenue": "1207000000", "costofGoodsAndServicesSold": "1207000000", "operatingIncome": "76000000", "sellingGeneralAndAdministrative": "0", "researchAndDevelopment": "6000000", "operatingExpenses": "-1264000000", "investmentIncomeNet": "None", "netInterestIncome": "None", "interestIncome": "None", "interestExpense": "0", "nonInterestIncome": "None", "otherNonOperatingIncome": "131000000", "depreciation": "None", "depreciationAndAmortization": "2750000", "incomeBeforeTax": "165000000", "incomeTaxExpense": "46000000", "interestAndDebtExpense": "None", "netIncomeFromContinuingOperations": "119000000", "comprehensiveIncomeNetOfTax": "None", "ebit": "73250000", "ebitda": "76000000", "netIncome": "30000000"}, {"fiscalDateEnding": "2012-09-30", "reportedCurrency": "USD", "grossProfit": "229000000", "totalRevenue": "1419000000", "costOfRevenue": "1190000000", "costofGoodsAndServicesSold": "1190000000", "operatingIncome": "137000000", "sellingGeneralAndAdministrative": "0", "researchAndDevelopment": "0", "operatingExpenses": "-1282000000", "investmentIncomeNet": "None", "netInterestIncome": "None", "interestIncome": "None", "interestExpense": "0", "nonInterestIncome": "None", "otherNonOperatingIncome": "None", "depreciation": "None", "depreciationAndAmortization": "-270000000", "incomeBeforeTax": "270000000", "incomeTaxExpense": "86000000", "interestAndDebtExpense": "None", "netIncomeFromContinuingOperations": "184000000", "comprehensiveIncomeNetOfTax": "None", "ebit": "407000000", "ebitda": "137000000", "netIncome": "51000000"}, {"fiscalDateEnding": "2012-06-30", "reportedCurrency": "USD", "grossProfit": "1123000000", "totalRevenue": "1123000000", "costOfRevenue": "1230000000", "costofGoodsAndServicesSold": "1230000000", "operatingIncome": "11000000", "sellingGeneralAndAdministrative": "0", "researchAndDevelopment": "0", "operatingExpenses": "-1112000000", "investmentIncomeNet": "None", "netInterestIncome": "None", "interestIncome": "None", "interestExpense": "0", "nonInterestIncome": "None", "otherNonOperatingIncome": "None", "depreciation": "None", "depreciationAndAmortization": "None", "incomeBeforeTax": "-70000000", "incomeTaxExpense": "-32000000", "interestAndDebtExpense": "None", "netIncomeFromContinuingOperations": "-38000000", "comprehensiveIncomeNetOfTax": "None", "ebit": "-70000000", "ebitda": "11000000", "netIncome": "43000000"}, {"fiscalDateEnding": "2012-03-31", "reportedCurrency": "USD", "grossProfit": "1499000000", "totalRevenue": "1499000000", "costOfRevenue": "986000000", "costofGoodsAndServicesSold": "986000000", "operatingIncome": "216000000", "sellingGeneralAndAdministrative": "0", "researchAndDevelopment": "0", "operatingExpenses": "-1283000000", "investmentIncomeNet": "None", "netInterestIncome": "None", "interestIncome": "None", "interestExpense": "0", "nonInterestIncome": "None", "otherNonOperatingIncome": "None", "depreciation": "None", "depreciationAndAmortization": "None", "incomeBeforeTax": "534000000", "incomeTaxExpense": "180000000", "interestAndDebtExpense": "None", "netIncomeFromContinuingOperations": "354000000", "comprehensiveIncomeNetOfTax": "None", "ebit": "534000000", "ebitda": "216000000", "netIncome": "36000000"}, {"fiscalDateEnding": "2011-12-31", "reportedCurrency": "USD", "grossProfit": "1419000000", "totalRevenue": "1419000000", "costOfRevenue": "993000000", "costofGoodsAndServicesSold": "993000000", "operatingIncome": "170000000", "sellingGeneralAndAdministrative": "0", "researchAndDevelopment": "0", "operatingExpenses": "-1249000000", "investmentIncomeNet": "None", "netInterestIncome": "None", "interestIncome": "None", "interestExpense": "0", "nonInterestIncome": "None", "otherNonOperatingIncome": "None", "depreciation": "None", "depreciationAndAmortization": "None", "incomeBeforeTax": "425000000", "incomeTaxExpense": "144000000", "interestAndDebtExpense": "None", "netIncomeFromContinuingOperations": "281000000", "comprehensiveIncomeNetOfTax": "None", "ebit": "425000000", "ebitda": "170000000", "netIncome": "26000000"}, {"fiscalDateEnding": "2011-09-30", "reportedCurrency": "USD", "grossProfit": "756000000", "totalRevenue": "756000000", "costOfRevenue": "1101000000", "costofGoodsAndServicesSold": "1101000000", "operatingIncome": "-78000000", "sellingGeneralAndAdministrative": "0", "researchAndDevelopment": "0", "operatingExpenses": "-834000000", "investmentIncomeNet": "None", "netInterestIncome": "None", "interestIncome": "None", "interestExpense": "0", "nonInterestIncome": "None", "otherNonOperatingIncome": "None", "depreciation": "None", "depreciationAndAmortization": "None", "incomeBeforeTax": "-305000000", "incomeTaxExpense": "-125000000", "interestAndDebtExpense": "None", "netIncomeFromContinuingOperations": "-180000000", "comprehensiveIncomeNetOfTax": "None", "ebit": "-305000000", "ebitda": "-78000000", "netIncome": "47000000"}, {"fiscalDateEnding": "2011-06-30", "reportedCurrency": "USD", "grossProfit": "1207000000", "totalRevenue": "1207000000", "costOfRevenue": "1419000000", "costofGoodsAndServicesSold": "1419000000", "operatingIncome": "-15000000", "sellingGeneralAndAdministrative": "0", "researchAndDevelopment": "0", "operatingExpenses": "-1222000000", "investmentIncomeNet": "None", "netInterestIncome": "None", "interestIncome": "None", "interestExpense": "0", "nonInterestIncome": "None", "otherNonOperatingIncome": "None", "depreciation": "None", "depreciationAndAmortization": "None", "incomeBeforeTax": "-174000000", "incomeTaxExpense": "-67000000", "interestAndDebtExpense": "None", "netIncomeFromContinuingOperations": "-107000000", "comprehensiveIncomeNetOfTax": "None", "ebit": "-174000000", "ebitda": "-15000000", "netIncome": "52000000"}, {"fiscalDateEnding": "2011-03-31", "reportedCurrency": "USD", "grossProfit": "1293000000", "totalRevenue": "1293000000", "costOfRevenue": "953000000", "costofGoodsAndServicesSold": "953000000", "operatingIncome": "182000000", "sellingGeneralAndAdministrative": "0", "researchAndDevelopment": "0", "operatingExpenses": "-1111000000", "investmentIncomeNet": "None", "netInterestIncome": "None", "interestIncome": "None", "interestExpense": "0", "nonInterestIncome": "None", "otherNonOperatingIncome": "None", "depreciation": "None", "depreciationAndAmortization": "None", "incomeBeforeTax": "412000000", "incomeTaxExpense": "138000000", "interestAndDebtExpense": "None", "netIncomeFromContinuingOperations": "274000000", "comprehensiveIncomeNetOfTax": "None", "ebit": "412000000", "ebitda": "182000000", "netIncome": "44000000"}, {"fiscalDateEnding": "2010-12-31", "reportedCurrency": "USD", "grossProfit": "1331000000", "totalRevenue": "1331000000", "costOfRevenue": "962000000", "costofGoodsAndServicesSold": "962000000", "operatingIncome": "178000000", "sellingGeneralAndAdministrative": "0", "researchAndDevelopment": "0", "operatingExpenses": "-1153000000", "investmentIncomeNet": "None", "netInterestIncome": "None", "interestIncome": "None", "interestExpense": "0", "nonInterestIncome": "None", "otherNonOperatingIncome": "None", "depreciation": "None", "depreciationAndAmortization": "-3000000", "incomeBeforeTax": "417000000", "incomeTaxExpense": "163000000", "interestAndDebtExpense": "None", "netIncomeFromContinuingOperations": "0", "comprehensiveIncomeNetOfTax": "None", "ebit": "178000000", "ebitda": "175000000", "netIncome": "12000000"}, {"fiscalDateEnding": "2010-09-30", "reportedCurrency": "USD", "grossProfit": "1329000000", "totalRevenue": "1329000000", "costOfRevenue": "952000000", "costofGoodsAndServicesSold": "952000000", "operatingIncome": "184000000", "sellingGeneralAndAdministrative": "0", "researchAndDevelopment": "0", "operatingExpenses": "-1145000000", "investmentIncomeNet": "None", "netInterestIncome": "None", "interestIncome": "None", "interestExpense": "0", "nonInterestIncome": "None", "otherNonOperatingIncome": "None", "depreciation": "None", "depreciationAndAmortization": "None", "incomeBeforeTax": "405000000", "incomeTaxExpense": "130000000", "interestAndDebtExpense": "None", "netIncomeFromContinuingOperations": "275000000", "comprehensiveIncomeNetOfTax": "None", "ebit": "405000000", "ebitda": "184000000", "netIncome": "54000000"}, {"fiscalDateEnding": "2010-06-30", "reportedCurrency": "USD", "grossProfit": "889000000", "totalRevenue": "889000000", "costOfRevenue": "967000000", "costofGoodsAndServicesSold": "967000000", "operatingIncome": "29000000", "sellingGeneralAndAdministrative": "0", "researchAndDevelopment": "0", "operatingExpenses": "-860000000", "investmentIncomeNet": "None", "netInterestIncome": "None", "interestIncome": "None", "interestExpense": "0", "nonInterestIncome": "None", "otherNonOperatingIncome": "None", "depreciation": "None", "depreciationAndAmortization": "None", "incomeBeforeTax": "-51000000", "incomeTaxExpense": "-20000000", "interestAndDebtExpense": "None", "netIncomeFromContinuingOperations": "-31000000", "comprehensiveIncomeNetOfTax": "None", "ebit": "-51000000", "ebitda": "29000000", "netIncome": "49000000"}, {"fiscalDateEnding": "2010-03-31", "reportedCurrency": "USD", "grossProfit": "1213000000", "totalRevenue": "1213000000", "costOfRevenue": "988000000", "costofGoodsAndServicesSold": "988000000", "operatingIncome": "113000000", "sellingGeneralAndAdministrative": "0", "researchAndDevelopment": "0", "operatingExpenses": "-1100000000", "investmentIncomeNet": "None", "netInterestIncome": "None", "interestIncome": "None", "interestExpense": "0", "nonInterestIncome": "None", "otherNonOperatingIncome": "None", "depreciation": "None", "depreciationAndAmortization": "3000000", "incomeBeforeTax": "228000000", "incomeTaxExpense": "66000000", "interestAndDebtExpense": "None", "netIncomeFromContinuingOperations": "0", "comprehensiveIncomeNetOfTax": "None", "ebit": "113000000", "ebitda": "116000000", "netIncome": "47000000"}, {"fiscalDateEnding": "2009-12-31", "reportedCurrency": "USD", "grossProfit": "286070000", "totalRevenue": "286070000", "costOfRevenue": "875000000", "costofGoodsAndServicesSold": "875000000", "operatingIncome": "-48167000", "sellingGeneralAndAdministrative": "202412000", "researchAndDevelopment": "0", "operatingExpenses": "968145000", "investmentIncomeNet": "None", "netInterestIncome": "None", "interestIncome": "None", "interestExpense": "0", "nonInterestIncome": "None", "otherNonOperatingIncome": "None", "depreciation": "None", "depreciationAndAmortization": "87977000", "incomeBeforeTax": "39936000", "incomeTaxExpense": "14869000", "interestAndDebtExpense": "None", "netIncomeFromContinuingOperations": "0", "comprehensiveIncomeNetOfTax": "None", "ebit": "-48167000", "ebitda": "39810000", "netIncome": "24941000"}, {"fiscalDateEnding": "2009-09-30", "reportedCurrency": "USD", "grossProfit": "312158000", "totalRevenue": "312158000", "costOfRevenue": "930000000", "costofGoodsAndServicesSold": "930000000", "operatingIncome": "48167000", "sellingGeneralAndAdministrative": "202412000", "researchAndDevelopment": "0", "operatingExpenses": "252304000", "investmentIncomeNet": "None", "netInterestIncome": "None", "interestIncome": "None", "interestExpense": "0", "nonInterestIncome": "None", "otherNonOperatingIncome": "None", "depreciation": "None", "depreciationAndAmortization": "7959000", "incomeBeforeTax": "51102000", "incomeTaxExpense": "16440000", "interestAndDebtExpense": "None", "netIncomeFromContinuingOperations": "0", "comprehensiveIncomeNetOfTax": "None", "ebit": "48167000", "ebitda": "56126000", "netIncome": "40000000"}, {"fiscalDateEnding": "2009-06-30", "reportedCurrency": "USD", "grossProfit": "316597000", "totalRevenue": "316597000", "costOfRevenue": "891000000", "costofGoodsAndServicesSold": "891000000", "operatingIncome": "47589000", "sellingGeneralAndAdministrative": "196609000", "researchAndDevelopment": "0", "operatingExpenses": "244074000", "investmentIncomeNet": "None", "netInterestIncome": "None", "interestIncome": "None", "interestExpense": "0", "nonInterestIncome": "None", "otherNonOperatingIncome": "None", "depreciation": "None", "depreciationAndAmortization": "None", "incomeBeforeTax": "45725000", "incomeTaxExpense": "14855000", "interestAndDebtExpense": "None", "netIncomeFromContinuingOperations": "0", "comprehensiveIncomeNetOfTax": "None", "ebit": "45725000", "ebitda": "47589000", "netIncome": "33000000"}, {"fiscalDateEnding": "2009-03-31", "reportedCurrency": "USD", "grossProfit": "281502000", "totalRevenue": "281502000", "costOfRevenue": "1035000000", "costofGoodsAndServicesSold": "1035000000", "operatingIncome": "13752000", "sellingGeneralAndAdministrative": "182627000", "researchAndDevelopment": "0", "operatingExpenses": "238160000", "investmentIncomeNet": "None", "netInterestIncome": "None", "interestIncome": "None", "interestExpense": "0", "nonInterestIncome": "None", "otherNonOperatingIncome": "None", "depreciation": "None", "depreciationAndAmortization": "-11000000", "incomeBeforeTax": "15312000", "incomeTaxExpense": "2623000", "interestAndDebtExpense": "None", "netIncomeFromContinuingOperations": "0", "comprehensiveIncomeNetOfTax": "None", "ebit": "24752000", "ebitda": "13752000", "netIncome": "11000000"}, {"fiscalDateEnding": "2008-12-31", "reportedCurrency": "USD", "grossProfit": "243302000", "totalRevenue": "243302000", "costOfRevenue": "222878000", "costofGoodsAndServicesSold": "222878000", "operatingIncome": "-19643000", "sellingGeneralAndAdministrative": "195297000", "researchAndDevelopment": "0", "operatingExpenses": "951397000", "investmentIncomeNet": "None", "netInterestIncome": "None", "interestIncome": "None", "interestExpense": "0", "nonInterestIncome": "None", "otherNonOperatingIncome": "None", "depreciation": "None", "depreciationAndAmortization": "8252000", "incomeBeforeTax": "-3581000", "incomeTaxExpense": "-685000", "interestAndDebtExpense": "None", "netIncomeFromContinuingOperations": "0", "comprehensiveIncomeNetOfTax": "None", "ebit": "-6987000", "ebitda": "1265000", "netIncome": "-6302000"}, {"fiscalDateEnding": "2008-09-30", "reportedCurrency": "USD", "grossProfit": "263379000", "totalRevenue": "263379000", "costOfRevenue": "235502000", "costofGoodsAndServicesSold": "235502000", "operatingIncome": "19643000", "sellingGeneralAndAdministrative": "195297000", "researchAndDevelopment": "0", "operatingExpenses": "244793000", "investmentIncomeNet": "None", "netInterestIncome": "None", "interestIncome": "None", "interestExpense": "0", "nonInterestIncome": "None", "otherNonOperatingIncome": "None", "depreciation": "None", "depreciationAndAmortization": "9292000", "incomeBeforeTax": "19643000", "incomeTaxExpense": "6011000", "interestAndDebtExpense": "None", "netIncomeFromContinuingOperations": "0", "comprehensiveIncomeNetOfTax": "None", "ebit": "10259000", "ebitda": "19551000", "netIncome": "4248000"}, {"fiscalDateEnding": "2008-06-30", "reportedCurrency": "USD", "grossProfit": "298330000", "totalRevenue": "298330000", "costOfRevenue": "238279000", "costofGoodsAndServicesSold": "238279000", "operatingIncome": "61603000", "sellingGeneralAndAdministrative": "201338000", "researchAndDevelopment": "0", "operatingExpenses": "247442000", "investmentIncomeNet": "None", "netInterestIncome": "None", "interestIncome": "None", "interestExpense": "0", "nonInterestIncome": "None", "otherNonOperatingIncome": "None", "depreciation": "None", "depreciationAndAmortization": "None", "incomeBeforeTax": "62163000", "incomeTaxExpense": "20288000", "interestAndDebtExpense": "None", "netIncomeFromContinuingOperations": "0", "comprehensiveIncomeNetOfTax": "None", "ebit": "62163000", "ebitda": "61603000", "netIncome": "41315000"}, {"fiscalDateEnding": "2008-03-31", "reportedCurrency": "USD", "grossProfit": "263381000", "totalRevenue": "263381000", "costOfRevenue": "217805000", "costofGoodsAndServicesSold": "217805000", "operatingIncome": "44228000", "sellingGeneralAndAdministrative": "181119000", "researchAndDevelopment": "0", "operatingExpenses": "226878000", "investmentIncomeNet": "None", "netInterestIncome": "None", "interestIncome": "None", "interestExpense": "0", "nonInterestIncome": "None", "otherNonOperatingIncome": "None", "depreciation": "None", "depreciationAndAmortization": "None", "incomeBeforeTax": "44481000", "incomeTaxExpense": "14251000", "interestAndDebtExpense": "None", "netIncomeFromContinuingOperations": "0", "comprehensiveIncomeNetOfTax": "None", "ebit": "44481000", "ebitda": "44228000", "netIncome": "29977000"}, {"fiscalDateEnding": "2007-12-31", "reportedCurrency": "USD", "grossProfit": "263426000", "totalRevenue": "263426000", "costOfRevenue": "215554000", "costofGoodsAndServicesSold": "215554000", "operatingIncome": "-64292000", "sellingGeneralAndAdministrative": "0", "researchAndDevelopment": "0", "operatingExpenses": "930454000", "investmentIncomeNet": "None", "netInterestIncome": "None", "interestIncome": "None", "interestExpense": "0", "nonInterestIncome": "None", "otherNonOperatingIncome": "None", "depreciation": "None", "depreciationAndAmortization": "7421000", "incomeBeforeTax": "52131000", "incomeTaxExpense": "19370000", "interestAndDebtExpense": "None", "netIncomeFromContinuingOperations": "0", "comprehensiveIncomeNetOfTax": "None", "ebit": "51971000", "ebitda": "59392000", "netIncome": "32601000"}, {"fiscalDateEnding": "2007-09-30", "reportedCurrency": "USD", "grossProfit": "307122000", "totalRevenue": "307122000", "costOfRevenue": "231712000", "costofGoodsAndServicesSold": "231712000", "operatingIncome": "77165000", "sellingGeneralAndAdministrative": "0", "researchAndDevelopment": "0", "operatingExpenses": "244769000", "investmentIncomeNet": "None", "netInterestIncome": "None", "interestIncome": "None", "interestExpense": "0", "nonInterestIncome": "None", "otherNonOperatingIncome": "None", "depreciation": "None", "depreciationAndAmortization": "5515000", "incomeBeforeTax": "76522000", "incomeTaxExpense": "23669000", "interestAndDebtExpense": "None", "netIncomeFromContinuingOperations": "0", "comprehensiveIncomeNetOfTax": "None", "ebit": "77165000", "ebitda": "82680000", "netIncome": "53496000"}, {"fiscalDateEnding": "2007-06-30", "reportedCurrency": "USD", "grossProfit": "318105000", "totalRevenue": "318105000", "costOfRevenue": "228012000", "costofGoodsAndServicesSold": "228012000", "operatingIncome": "64292000", "sellingGeneralAndAdministrative": "0", "researchAndDevelopment": "0", "operatingExpenses": "237453000", "investmentIncomeNet": "None", "netInterestIncome": "None", "interestIncome": "None", "interestExpense": "0", "nonInterestIncome": "None", "otherNonOperatingIncome": "None", "depreciation": "None", "depreciationAndAmortization": "9980000", "incomeBeforeTax": "100832000", "incomeTaxExpense": "31505000", "interestAndDebtExpense": "None", "netIncomeFromContinuingOperations": "0", "comprehensiveIncomeNetOfTax": "None", "ebit": "101991000", "ebitda": "111971000", "netIncome": "70486000"}, {"fiscalDateEnding": "2007-03-31", "reportedCurrency": "USD", "grossProfit": "291280000", "totalRevenue": "291280000", "costOfRevenue": "216213000", "costofGoodsAndServicesSold": "216213000", "operatingIncome": "80953000", "sellingGeneralAndAdministrative": "0", "researchAndDevelopment": "0", "operatingExpenses": "224115000", "investmentIncomeNet": "None", "netInterestIncome": "None", "interestIncome": "None", "interestExpense": "0", "nonInterestIncome": "None", "otherNonOperatingIncome": "None", "depreciation": "None", "depreciationAndAmortization": "8447000", "incomeBeforeTax": "79683000", "incomeTaxExpense": "24592000", "interestAndDebtExpense": "None", "netIncomeFromContinuingOperations": "0", "comprehensiveIncomeNetOfTax": "None", "ebit": "80953000", "ebitda": "89400000", "netIncome": "56361000"}, {"fiscalDateEnding": "2006-12-31", "reportedCurrency": "USD", "grossProfit": "279041000", "totalRevenue": "279041000", "costOfRevenue": "222309000", "costofGoodsAndServicesSold": "222309000", "operatingIncome": "130495000", "sellingGeneralAndAdministrative": "0", "researchAndDevelopment": "0", "operatingExpenses": "-148546000", "investmentIncomeNet": "None", "netInterestIncome": "None", "interestIncome": "None", "interestExpense": "0", "nonInterestIncome": "None", "otherNonOperatingIncome": "None", "depreciation": "None", "depreciationAndAmortization": "7019000", "incomeBeforeTax": "60349000", "incomeTaxExpense": "16542000", "interestAndDebtExpense": "None", "netIncomeFromContinuingOperations": "0", "comprehensiveIncomeNetOfTax": "None", "ebit": "62061000", "ebitda": "69080000", "netIncome": "45519000"}, {"fiscalDateEnding": "2006-09-30", "reportedCurrency": "USD", "grossProfit": "303158000", "totalRevenue": "303158000", "costOfRevenue": "225381000", "costofGoodsAndServicesSold": "225381000", "operatingIncome": "80206000", "sellingGeneralAndAdministrative": "0", "researchAndDevelopment": "0", "operatingExpenses": "234434000", "investmentIncomeNet": "None", "netInterestIncome": "None", "interestIncome": "None", "interestExpense": "0", "nonInterestIncome": "None", "otherNonOperatingIncome": "None", "depreciation": "None", "depreciationAndAmortization": "9679000", "incomeBeforeTax": "79572000", "incomeTaxExpense": "27421000", "interestAndDebtExpense": "None", "netIncomeFromContinuingOperations": "0", "comprehensiveIncomeNetOfTax": "None", "ebit": "80206000", "ebitda": "89885000", "netIncome": "52785000"}, {"fiscalDateEnding": "2006-06-30", "reportedCurrency": "USD", "grossProfit": "311535000", "totalRevenue": "311535000", "costOfRevenue": "231743000", "costofGoodsAndServicesSold": "231743000", "operatingIncome": "86270000", "sellingGeneralAndAdministrative": "0", "researchAndDevelopment": "0", "operatingExpenses": "240653000", "investmentIncomeNet": "None", "netInterestIncome": "None", "interestIncome": "None", "interestExpense": "0", "nonInterestIncome": "None", "otherNonOperatingIncome": "None", "depreciation": "None", "depreciationAndAmortization": "9618000", "incomeBeforeTax": "84940000", "incomeTaxExpense": "30015000", "interestAndDebtExpense": "None", "netIncomeFromContinuingOperations": "0", "comprehensiveIncomeNetOfTax": "None", "ebit": "86270000", "ebitda": "95888000", "netIncome": "56255000"}, {"fiscalDateEnding": "2006-03-31", "reportedCurrency": "USD", "grossProfit": "297504000", "totalRevenue": "297504000", "costOfRevenue": "218720000", "costofGoodsAndServicesSold": "218720000", "operatingIncome": "46702000", "sellingGeneralAndAdministrative": "0", "researchAndDevelopment": "0", "operatingExpenses": "-250802000", "investmentIncomeNet": "None", "netInterestIncome": "None", "interestIncome": "None", "interestExpense": "0", "nonInterestIncome": "None", "otherNonOperatingIncome": "None", "depreciation": "None", "depreciationAndAmortization": "9735000", "incomeBeforeTax": "73938000", "incomeTaxExpense": "25077000", "interestAndDebtExpense": "None", "netIncomeFromContinuingOperations": "0", "comprehensiveIncomeNetOfTax": "None", "ebit": "74543000", "ebitda": "84278000", "netIncome": "49466000"}, {"fiscalDateEnding": "2005-12-31", "reportedCurrency": "USD", "grossProfit": "276874000", "totalRevenue": "276874000", "costOfRevenue": "212282000", "costofGoodsAndServicesSold": "212282000", "operatingIncome": "40104000", "sellingGeneralAndAdministrative": "0", "researchAndDevelopment": "0", "operatingExpenses": "-236770000", "investmentIncomeNet": "None", "netInterestIncome": "None", "interestIncome": "None", "interestExpense": "0", "nonInterestIncome": "None", "otherNonOperatingIncome": "None", "depreciation": "None", "depreciationAndAmortization": "6979000", "incomeBeforeTax": "62938000", "incomeTaxExpense": "19492000", "interestAndDebtExpense": "None", "netIncomeFromContinuingOperations": "0", "comprehensiveIncomeNetOfTax": "None", "ebit": "63652000", "ebitda": "70631000", "netIncome": "44160000"}, {"fiscalDateEnding": "2005-09-30", "reportedCurrency": "USD", "grossProfit": "304071000", "totalRevenue": "304071000", "costOfRevenue": "224421000", "costofGoodsAndServicesSold": "224421000", "operatingIncome": "52165000", "sellingGeneralAndAdministrative": "0", "researchAndDevelopment": "0", "operatingExpenses": "-251906000", "investmentIncomeNet": "None", "netInterestIncome": "None", "interestIncome": "None", "interestExpense": "0", "nonInterestIncome": "None", "otherNonOperatingIncome": "None", "depreciation": "None", "depreciationAndAmortization": "10024000", "incomeBeforeTax": "78415000", "incomeTaxExpense": "25930000", "interestAndDebtExpense": "None", "netIncomeFromContinuingOperations": "0", "comprehensiveIncomeNetOfTax": "None", "ebit": "78935000", "ebitda": "88959000", "netIncome": "53005000"}, {"fiscalDateEnding": "2005-06-30", "reportedCurrency": "USD", "grossProfit": "325045000", "totalRevenue": "325045000", "costOfRevenue": "224028000", "costofGoodsAndServicesSold": "224028000", "operatingIncome": "66542000", "sellingGeneralAndAdministrative": "0", "researchAndDevelopment": "0", "operatingExpenses": "233373000", "investmentIncomeNet": "None", "netInterestIncome": "None", "interestIncome": "None", "interestExpense": "0", "nonInterestIncome": "None", "otherNonOperatingIncome": "None", "depreciation": "None", "depreciationAndAmortization": "9996000", "incomeBeforeTax": "112317000", "incomeTaxExpense": "37581000", "interestAndDebtExpense": "None", "netIncomeFromContinuingOperations": "0", "comprehensiveIncomeNetOfTax": "None", "ebit": "113749000", "ebitda": "123745000", "netIncome": "76168000"}, {"fiscalDateEnding": "2005-03-31", "reportedCurrency": "USD", "grossProfit": "296136000", "totalRevenue": "296136000", "costOfRevenue": "203145000", "costofGoodsAndServicesSold": "203145000", "operatingIncome": "57482000", "sellingGeneralAndAdministrative": "0", "researchAndDevelopment": "0", "operatingExpenses": "-238654000", "investmentIncomeNet": "None", "netInterestIncome": "None", "interestIncome": "None", "interestExpense": "0", "nonInterestIncome": "None", "otherNonOperatingIncome": "None", "depreciation": "None", "depreciationAndAmortization": "9856000", "incomeBeforeTax": "85786000", "incomeTaxExpense": "28729000", "interestAndDebtExpense": "None", "netIncomeFromContinuingOperations": "0", "comprehensiveIncomeNetOfTax": "None", "ebit": "86500000", "ebitda": "96356000", "netIncome": "57771000"}, {"fiscalDateEnding": "2004-12-31", "reportedCurrency": "USD", "grossProfit": "295495000", "totalRevenue": "295495000", "costOfRevenue": "200438000", "costofGoodsAndServicesSold": "200438000", "operatingIncome": "-54735000", "sellingGeneralAndAdministrative": "0", "researchAndDevelopment": "0", "operatingExpenses": "-350230000", "investmentIncomeNet": "None", "netInterestIncome": "None", "interestIncome": "None", "interestExpense": "0", "nonInterestIncome": "None", "otherNonOperatingIncome": "None", "depreciation": "None", "depreciationAndAmortization": "9783000", "incomeBeforeTax": "83616000", "incomeTaxExpense": "23275000", "interestAndDebtExpense": "None", "netIncomeFromContinuingOperations": "0", "comprehensiveIncomeNetOfTax": "None", "ebit": "84595000", "ebitda": "94378000", "netIncome": "61320000"}]}