{"symbol": "ESS", "annualReports": [{"fiscalDateEnding": "2024-12-31", "reportedCurrency": "USD", "grossProfit": "1206706000", "totalRevenue": "1774450000", "costOfRevenue": "567744000", "costofGoodsAndServicesSold": "567744000", "operatingIncome": "703095000", "sellingGeneralAndAdministrative": "98902000", "researchAndDevelopment": "None", "operatingExpenses": "503611000", "investmentIncomeNet": "None", "netInterestIncome": "-154578000", "interestIncome": "80951000", "interestExpense": "235529000", "nonInterestIncome": "None", "otherNonOperatingIncome": "None", "depreciation": "None", "depreciationAndAmortization": "580220000", "incomeBeforeTax": "-69784000", "incomeTaxExpense": "None", "interestAndDebtExpense": "None", "netIncomeFromContinuingOperations": "811306000", "comprehensiveIncomeNetOfTax": "None", "ebit": "1046835000", "ebitda": "1627055000", "netIncome": "-69784000"}, {"fiscalDateEnding": "2023-12-31", "reportedCurrency": "USD", "grossProfit": "1137449000", "totalRevenue": "1669395000", "costOfRevenue": "531946000", "costofGoodsAndServicesSold": "531946000", "operatingIncome": "584342000", "sellingGeneralAndAdministrative": "63474000", "researchAndDevelopment": "0.26", "operatingExpenses": "563668000", "investmentIncomeNet": "None", "netInterestIncome": "-168519000", "interestIncome": "46259000", "interestExpense": "212905000", "nonInterestIncome": "None", "otherNonOperatingIncome": "None", "depreciation": "None", "depreciationAndAmortization": "548438000", "incomeBeforeTax": "430708000", "incomeTaxExpense": "-299672000", "interestAndDebtExpense": "None", "netIncomeFromContinuingOperations": "554579000", "comprehensiveIncomeNetOfTax": "None", "ebit": "943285000", "ebitda": "1491723000", "netIncome": "405825000"}, {"fiscalDateEnding": "2022-12-31", "reportedCurrency": "USD", "grossProfit": "1098841000", "totalRevenue": "1606814000", "costOfRevenue": "507973000", "costofGoodsAndServicesSold": "507973000", "operatingIncome": "595229000", "sellingGeneralAndAdministrative": "56577000", "researchAndDevelopment": "0.27", "operatingExpenses": "595515000", "investmentIncomeNet": "None", "netInterestIncome": "-176772000", "interestIncome": "189901000", "interestExpense": "196891000", "nonInterestIncome": "None", "otherNonOperatingIncome": "14895000", "depreciation": "None", "depreciationAndAmortization": "1018210000", "incomeBeforeTax": "422749000", "incomeTaxExpense": "-10236000", "interestAndDebtExpense": "None", "netIncomeFromContinuingOperations": "432985000", "comprehensiveIncomeNetOfTax": "None", "ebit": "109713000", "ebitda": "1127923000", "netIncome": "408315000"}, {"fiscalDateEnding": "2021-12-31", "reportedCurrency": "USD", "grossProfit": "959109000", "totalRevenue": "1440556000", "costOfRevenue": "481447000", "costofGoodsAndServicesSold": "481447000", "operatingIncome": "529995000", "sellingGeneralAndAdministrative": "51838000", "researchAndDevelopment": "0.36", "operatingExpenses": "571904000", "investmentIncomeNet": "None", "netInterestIncome": "-93607000", "interestIncome": "18114000", "interestExpense": "192351000", "nonInterestIncome": "None", "otherNonOperatingIncome": "202229000", "depreciation": "None", "depreciationAndAmortization": "1033659000", "incomeBeforeTax": "531359000", "incomeTaxExpense": "15668000", "interestAndDebtExpense": "None", "netIncomeFromContinuingOperations": "515691000", "comprehensiveIncomeNetOfTax": "None", "ebit": "16402000", "ebitda": "1050061000", "netIncome": "488554000"}, {"fiscalDateEnding": "2020-12-31", "reportedCurrency": "USD", "grossProfit": "1020775000", "totalRevenue": "1495748000", "costOfRevenue": "474973000", "costofGoodsAndServicesSold": "474973000", "operatingIncome": "772095000", "sellingGeneralAndAdministrative": "65388000", "researchAndDevelopment": "0.41", "operatingExpenses": "590885000", "investmentIncomeNet": "None", "netInterestIncome": "-168901000", "interestIncome": "40999000", "interestExpense": "209900000", "nonInterestIncome": "None", "otherNonOperatingIncome": "95361000", "depreciation": "None", "depreciationAndAmortization": "820195000", "incomeBeforeTax": "600863000", "incomeTaxExpense": "1531000", "interestAndDebtExpense": "None", "netIncomeFromContinuingOperations": "364638000", "comprehensiveIncomeNetOfTax": "None", "ebit": "200113000", "ebitda": "1020308000", "netIncome": "568870000"}, {"fiscalDateEnding": "2019-12-31", "reportedCurrency": "USD", "grossProfit": "1029561000", "totalRevenue": "1460155000", "costOfRevenue": "430594000", "costofGoodsAndServicesSold": "430594000", "operatingIncome": "674222000", "sellingGeneralAndAdministrative": "54262000", "researchAndDevelopment": "0.32", "operatingExpenses": "538012000", "investmentIncomeNet": "None", "netInterestIncome": "-171041000", "interestIncome": "46298000", "interestExpense": "208893000", "nonInterestIncome": "None", "otherNonOperatingIncome": "170597000", "depreciation": "None", "depreciationAndAmortization": "932828000", "incomeBeforeTax": "465905000", "incomeTaxExpense": "1457000", "interestAndDebtExpense": "None", "netIncomeFromContinuingOperations": "432913000", "comprehensiveIncomeNetOfTax": "None", "ebit": "32034000", "ebitda": "964862000", "netIncome": "439286000"}, {"fiscalDateEnding": "2018-12-31", "reportedCurrency": "USD", "grossProfit": "983657000", "totalRevenue": "1400053000", "costOfRevenue": "416396000", "costofGoodsAndServicesSold": "416396000", "operatingIncome": "450128000", "sellingGeneralAndAdministrative": "53451000", "researchAndDevelopment": "0.29", "operatingExpenses": "533335000", "investmentIncomeNet": "None", "netInterestIncome": "-197482000", "interestIncome": "23010000", "interestExpense": "211785000", "nonInterestIncome": "None", "otherNonOperatingIncome": "182710000", "depreciation": "None", "depreciationAndAmortization": "953678000", "incomeBeforeTax": "413599000", "incomeTaxExpense": "183963000", "interestAndDebtExpense": "None", "netIncomeFromContinuingOperations": "412346000", "comprehensiveIncomeNetOfTax": "None", "ebit": "-23666000", "ebitda": "930012000", "netIncome": "390153000"}, {"fiscalDateEnding": "2017-12-31", "reportedCurrency": "USD", "grossProfit": "958357000", "totalRevenue": "1363899000", "costOfRevenue": "405542000", "costofGoodsAndServicesSold": "405542000", "operatingIncome": "446522000", "sellingGeneralAndAdministrative": "41385000", "researchAndDevelopment": "0.34", "operatingExpenses": "510266000", "investmentIncomeNet": "None", "netInterestIncome": "-198290000", "interestIncome": "24604000", "interestExpense": "212796000", "nonInterestIncome": "None", "otherNonOperatingIncome": "145774000", "depreciation": "None", "depreciationAndAmortization": "827167000", "incomeBeforeTax": "458043000", "incomeTaxExpense": "412866000", "interestAndDebtExpense": "None", "netIncomeFromContinuingOperations": "369402000", "comprehensiveIncomeNetOfTax": "None", "ebit": "88236000", "ebitda": "915403000", "netIncome": "433059000"}, {"fiscalDateEnding": "2016-12-31", "reportedCurrency": "USD", "grossProfit": "905074000", "totalRevenue": "1294001000", "costOfRevenue": "388927000", "costofGoodsAndServicesSold": "388927000", "operatingIncome": "420800000", "sellingGeneralAndAdministrative": "40751000", "researchAndDevelopment": "0.34", "operatingExpenses": "482433000", "investmentIncomeNet": "None", "netInterestIncome": "-192349000", "interestIncome": "27305000", "interestExpense": "207938000", "nonInterestIncome": "None", "otherNonOperatingIncome": "241674000", "depreciation": "None", "depreciationAndAmortization": "871360000", "incomeBeforeTax": "442820000", "incomeTaxExpense": "4410000", "interestAndDebtExpense": "None", "netIncomeFromContinuingOperations": "442820000", "comprehensiveIncomeNetOfTax": "None", "ebit": "26820000", "ebitda": "898180000", "netIncome": "414979000"}, {"fiscalDateEnding": "2015-12-31", "reportedCurrency": "USD", "grossProfit": "830899000", "totalRevenue": "1194407000", "costOfRevenue": "363508000", "costofGoodsAndServicesSold": "363508000", "operatingIncome": "331174000", "sellingGeneralAndAdministrative": "40090000", "researchAndDevelopment": "0", "operatingExpenses": "493513000", "investmentIncomeNet": "None", "netInterestIncome": "None", "interestIncome": "158168000", "interestExpense": "199172000", "nonInterestIncome": "None", "otherNonOperatingIncome": "87878000", "depreciation": "None", "depreciationAndAmortization": "453423000", "incomeBeforeTax": "248239000", "incomeTaxExpense": "271166000", "interestAndDebtExpense": "None", "netIncomeFromContinuingOperations": "214225000", "comprehensiveIncomeNetOfTax": "None", "ebit": "356833000", "ebitda": "810256000", "netIncome": "232120000"}, {"fiscalDateEnding": "2014-12-31", "reportedCurrency": "USD", "grossProfit": "658392000", "totalRevenue": "969305000", "costOfRevenue": "310913000", "costofGoodsAndServicesSold": "310913000", "operatingIncome": "201514000", "sellingGeneralAndAdministrative": "40878000", "researchAndDevelopment": "0", "operatingExpenses": "401470000", "investmentIncomeNet": "None", "netInterestIncome": "None", "interestIncome": "None", "interestExpense": "164551000", "nonInterestIncome": "None", "otherNonOperatingIncome": "None", "depreciation": "None", "depreciationAndAmortization": "360592000", "incomeBeforeTax": "134438000", "incomeTaxExpense": "216732000", "interestAndDebtExpense": "None", "netIncomeFromContinuingOperations": "134438000", "comprehensiveIncomeNetOfTax": "None", "ebit": "283037000", "ebitda": "643629000", "netIncome": "122150000"}, {"fiscalDateEnding": "2013-12-31", "reportedCurrency": "USD", "grossProfit": "411010000", "totalRevenue": "613703000", "costOfRevenue": "202693000", "costofGoodsAndServicesSold": "202693000", "operatingIncome": "188705000", "sellingGeneralAndAdministrative": "25601000", "researchAndDevelopment": "0", "operatingExpenses": "229945000", "investmentIncomeNet": "None", "netInterestIncome": "None", "interestIncome": "None", "interestExpense": "104600000", "nonInterestIncome": "None", "otherNonOperatingIncome": "68701000", "depreciation": "None", "depreciationAndAmortization": "204344000", "incomeBeforeTax": "140882000", "incomeTaxExpense": "145064000", "interestAndDebtExpense": "None", "netIncomeFromContinuingOperations": "152806000", "comprehensiveIncomeNetOfTax": "None", "ebit": "246580000", "ebitda": "450924000", "netIncome": "156283000"}, {"fiscalDateEnding": "2012-12-31", "reportedCurrency": "USD", "grossProfit": "362824000", "totalRevenue": "543425000", "costOfRevenue": "180601000", "costofGoodsAndServicesSold": "180601000", "operatingIncome": "168925000", "sellingGeneralAndAdministrative": "23307000", "researchAndDevelopment": "0", "operatingExpenses": "205543000", "investmentIncomeNet": "None", "netInterestIncome": "None", "interestIncome": "None", "interestExpense": "100244000", "nonInterestIncome": "None", "otherNonOperatingIncome": "50569000", "depreciation": "None", "depreciationAndAmortization": "182236000", "incomeBeforeTax": "129553000", "incomeTaxExpense": "168205000", "interestAndDebtExpense": "None", "netIncomeFromContinuingOperations": "119250000", "comprehensiveIncomeNetOfTax": "None", "ebit": "227991000", "ebitda": "410227000", "netIncome": "125284000"}, {"fiscalDateEnding": "2011-12-31", "reportedCurrency": "USD", "grossProfit": "308649000", "totalRevenue": "472493000", "costOfRevenue": "163844000", "costofGoodsAndServicesSold": "163844000", "operatingIncome": "136527000", "sellingGeneralAndAdministrative": "20694000", "researchAndDevelopment": "0", "operatingExpenses": "183596000", "investmentIncomeNet": "None", "netInterestIncome": "None", "interestIncome": "None", "interestExpense": "91694000", "nonInterestIncome": "None", "otherNonOperatingIncome": "None", "depreciation": "None", "depreciationAndAmortization": "164016000", "incomeBeforeTax": "48868000", "incomeTaxExpense": "93025000", "interestAndDebtExpense": "None", "netIncomeFromContinuingOperations": "None", "comprehensiveIncomeNetOfTax": "None", "ebit": "138652000", "ebitda": "302668000", "netIncome": "47070000"}, {"fiscalDateEnding": "2010-12-31", "reportedCurrency": "USD", "grossProfit": "270226000", "totalRevenue": "415732000", "costOfRevenue": "145506000", "costofGoodsAndServicesSold": "145506000", "operatingIncome": "112251000", "sellingGeneralAndAdministrative": "25962000", "researchAndDevelopment": "0", "operatingExpenses": "155673000", "investmentIncomeNet": "None", "netInterestIncome": "None", "interestIncome": "None", "interestExpense": "87585000", "nonInterestIncome": "None", "otherNonOperatingIncome": "26116000", "depreciation": "None", "depreciationAndAmortization": "129711000", "incomeBeforeTax": "50782000", "incomeTaxExpense": "76904000", "interestAndDebtExpense": "None", "netIncomeFromContinuingOperations": "50782000", "comprehensiveIncomeNetOfTax": "None", "ebit": "112251000", "ebitda": "241962000", "netIncome": "35934000"}, {"fiscalDateEnding": "2009-12-31", "reportedCurrency": "USD", "grossProfit": "271678000", "totalRevenue": "411389000", "costOfRevenue": "139711000", "costofGoodsAndServicesSold": "139711000", "operatingIncome": "26489000", "sellingGeneralAndAdministrative": "26984000", "researchAndDevelopment": "None", "operatingExpenses": "141731000", "investmentIncomeNet": "None", "netInterestIncome": "None", "interestIncome": "None", "interestExpense": "86016000", "nonInterestIncome": "None", "otherNonOperatingIncome": "None", "depreciation": "None", "depreciationAndAmortization": "118027000", "incomeBeforeTax": "62140000", "incomeTaxExpense": "93509000", "interestAndDebtExpense": "None", "netIncomeFromContinuingOperations": "None", "comprehensiveIncomeNetOfTax": "None", "ebit": "130442000", "ebitda": "248469000", "netIncome": "37108000"}, {"fiscalDateEnding": "2008-12-31", "reportedCurrency": "USD", "grossProfit": "312426000", "totalRevenue": "412895000", "costOfRevenue": "100469000", "costofGoodsAndServicesSold": "100469000", "operatingIncome": "58654000", "sellingGeneralAndAdministrative": "26273000", "researchAndDevelopment": "None", "operatingExpenses": "175569000", "investmentIncomeNet": "None", "netInterestIncome": "None", "interestIncome": "None", "interestExpense": "78203000", "nonInterestIncome": "None", "otherNonOperatingIncome": "None", "depreciation": "None", "depreciationAndAmortization": "110860000", "incomeBeforeTax": "63517000", "incomeTaxExpense": "-400000", "interestAndDebtExpense": "None", "netIncomeFromContinuingOperations": "None", "comprehensiveIncomeNetOfTax": "None", "ebit": "139740000", "ebitda": "250600000", "netIncome": "65354000"}, {"fiscalDateEnding": "2007-12-31", "reportedCurrency": "USD", "grossProfit": "388523000", "totalRevenue": "388523000", "costOfRevenue": "255886000", "costofGoodsAndServicesSold": "255886000", "operatingIncome": "48571000", "sellingGeneralAndAdministrative": "26273000", "researchAndDevelopment": "None", "operatingExpenses": "258957000", "investmentIncomeNet": "None", "netInterestIncome": "None", "interestIncome": "None", "interestExpense": "78938000", "nonInterestIncome": "None", "otherNonOperatingIncome": "None", "depreciation": "None", "depreciationAndAmortization": "100389000", "incomeBeforeTax": "42064000", "incomeTaxExpense": "400000", "interestAndDebtExpense": "None", "netIncomeFromContinuingOperations": "None", "comprehensiveIncomeNetOfTax": "None", "ebit": "132637000", "ebitda": "233026000", "netIncome": "115638000"}, {"fiscalDateEnding": "2006-12-31", "reportedCurrency": "USD", "grossProfit": "348074000", "totalRevenue": "348074000", "costOfRevenue": "221935000", "costofGoodsAndServicesSold": "221935000", "operatingIncome": "50498000", "sellingGeneralAndAdministrative": "22235000", "researchAndDevelopment": "None", "operatingExpenses": "297576000", "investmentIncomeNet": "None", "netInterestIncome": "None", "interestIncome": "None", "interestExpense": "0", "nonInterestIncome": "None", "otherNonOperatingIncome": "None", "depreciation": "None", "depreciationAndAmortization": "83036000", "incomeBeforeTax": "35862000", "incomeTaxExpense": "525000", "interestAndDebtExpense": "None", "netIncomeFromContinuingOperations": "None", "comprehensiveIncomeNetOfTax": "None", "ebit": "44322000", "ebitda": "127358000", "netIncome": "62748000"}, {"fiscalDateEnding": "2005-12-31", "reportedCurrency": "USD", "grossProfit": "327291000", "totalRevenue": "327291000", "costOfRevenue": "207204000", "costofGoodsAndServicesSold": "207204000", "operatingIncome": "115017000", "sellingGeneralAndAdministrative": "19148000", "researchAndDevelopment": "None", "operatingExpenses": "212274000", "investmentIncomeNet": "None", "netInterestIncome": "None", "interestIncome": "None", "interestExpense": "0", "nonInterestIncome": "None", "otherNonOperatingIncome": "None", "depreciation": "None", "depreciationAndAmortization": "80075000", "incomeBeforeTax": "53980000", "incomeTaxExpense": "2538000", "interestAndDebtExpense": "None", "netIncomeFromContinuingOperations": "None", "comprehensiveIncomeNetOfTax": "None", "ebit": "39657000", "ebitda": "119732000", "netIncome": "79716000"}], "quarterlyReports": [{"fiscalDateEnding": "2024-12-31", "reportedCurrency": "USD", "grossProfit": "65917000", "totalRevenue": "454469000", "costOfRevenue": "388552000", "costofGoodsAndServicesSold": "388552000", "operatingIncome": "304496000", "sellingGeneralAndAdministrative": "31528000", "researchAndDevelopment": "None", "operatingExpenses": "-238579000", "investmentIncomeNet": "None", "netInterestIncome": "-58585000", "interestIncome": "2659000", "interestExpense": "61244000", "nonInterestIncome": "None", "otherNonOperatingIncome": "None", "depreciation": "None", "depreciationAndAmortization": "148435000", "incomeBeforeTax": "58730000", "incomeTaxExpense": "None", "interestAndDebtExpense": "None", "netIncomeFromContinuingOperations": "58730000", "comprehensiveIncomeNetOfTax": "None", "ebit": "119974000", "ebitda": "268409000", "netIncome": "257453000"}, {"fiscalDateEnding": "2024-09-30", "reportedCurrency": "USD", "grossProfit": "389592000", "totalRevenue": "450698000", "costOfRevenue": "61106000", "costofGoodsAndServicesSold": "61106000", "operatingIncome": "128790000", "sellingGeneralAndAdministrative": "29067000", "researchAndDevelopment": "None", "operatingExpenses": "260802000", "investmentIncomeNet": "None", "netInterestIncome": "-47783000", "interestIncome": "11449000", "interestExpense": "59232000", "nonInterestIncome": "None", "otherNonOperatingIncome": "None", "depreciation": "None", "depreciationAndAmortization": "146439000", "incomeBeforeTax": "210783000", "incomeTaxExpense": "233584000", "interestAndDebtExpense": "None", "netIncomeFromContinuingOperations": "210783000", "comprehensiveIncomeNetOfTax": "None", "ebit": "270015000", "ebitda": "416454000", "netIncome": "118424000"}, {"fiscalDateEnding": "2024-06-30", "reportedCurrency": "USD", "grossProfit": "158586000", "totalRevenue": "442355000", "costOfRevenue": "283769000", "costofGoodsAndServicesSold": "283769000", "operatingIncome": "139017000", "sellingGeneralAndAdministrative": "21136000", "researchAndDevelopment": "None", "operatingExpenses": "165942000", "investmentIncomeNet": "None", "netInterestIncome": "-49552000", "interestIncome": "9568000", "interestExpense": "59120000", "nonInterestIncome": "None", "otherNonOperatingIncome": "None", "depreciation": "None", "depreciationAndAmortization": "145613000", "incomeBeforeTax": "98986000", "incomeTaxExpense": "133870000", "interestAndDebtExpense": "None", "netIncomeFromContinuingOperations": "98986000", "comprehensiveIncomeNetOfTax": "None", "ebit": "137450000", "ebitda": "283063000", "netIncome": "92914000"}, {"fiscalDateEnding": "2024-03-31", "reportedCurrency": "USD", "grossProfit": "149598000", "totalRevenue": "426928000", "costOfRevenue": "277330000", "costofGoodsAndServicesSold": "277330000", "operatingIncome": "284117000", "sellingGeneralAndAdministrative": "17171000", "researchAndDevelopment": "None", "operatingExpenses": "-134519000", "investmentIncomeNet": "None", "netInterestIncome": "1342000", "interestIncome": "57275000", "interestExpense": "55933000", "nonInterestIncome": "None", "otherNonOperatingIncome": "None", "depreciation": "None", "depreciationAndAmortization": "139733000", "incomeBeforeTax": "285140000", "incomeTaxExpense": "12409000", "interestAndDebtExpense": "None", "netIncomeFromContinuingOperations": "285140000", "comprehensiveIncomeNetOfTax": "None", "ebit": "132359000", "ebitda": "272092000", "netIncome": "272731000"}, {"fiscalDateEnding": "2023-12-31", "reportedCurrency": "USD", "grossProfit": "162699001", "totalRevenue": "421748000", "costOfRevenue": "259048999", "costofGoodsAndServicesSold": "259048999", "operatingIncome": "136813000", "sellingGeneralAndAdministrative": "19739000", "researchAndDevelopment": "None", "operatingExpenses": "25886000", "investmentIncomeNet": "None", "netInterestIncome": "-37895000", "interestIncome": "17204000", "interestExpense": "55099000", "nonInterestIncome": "None", "otherNonOperatingIncome": "None", "depreciation": "None", "depreciationAndAmortization": "138016000", "incomeBeforeTax": "70349000", "incomeTaxExpense": "4958000", "interestAndDebtExpense": "None", "netIncomeFromContinuingOperations": "70349000", "comprehensiveIncomeNetOfTax": "None", "ebit": "130341000", "ebitda": "268357000", "netIncome": "65391000"}, {"fiscalDateEnding": "2023-09-30", "reportedCurrency": "USD", "grossProfit": "295287000", "totalRevenue": "419183000", "costOfRevenue": "123896000", "costofGoodsAndServicesSold": "123896000", "operatingIncome": "131784000", "sellingGeneralAndAdministrative": "14611000", "researchAndDevelopment": "None", "operatingExpenses": "14611000", "investmentIncomeNet": "None", "netInterestIncome": "-54161000", "interestIncome": "38371000", "interestExpense": "54161000", "nonInterestIncome": "None", "otherNonOperatingIncome": "None", "depreciation": "None", "depreciationAndAmortization": "137357000", "incomeBeforeTax": "-5727000", "incomeTaxExpense": "137396586", "interestAndDebtExpense": "None", "netIncomeFromContinuingOperations": "93009000", "comprehensiveIncomeNetOfTax": "None", "ebit": "131784000", "ebitda": "269141000", "netIncome": "-5727000"}, {"fiscalDateEnding": "2023-06-30", "reportedCurrency": "USD", "grossProfit": "285368000", "totalRevenue": "416043000", "costOfRevenue": "130675000", "costofGoodsAndServicesSold": "130675000", "operatingIncome": "134832000", "sellingGeneralAndAdministrative": "13813000", "researchAndDevelopment": "None", "operatingExpenses": "150547000", "investmentIncomeNet": "None", "netInterestIncome": "-48132000", "interestIncome": "4468000", "interestExpense": "52600000", "nonInterestIncome": "None", "otherNonOperatingIncome": "None", "depreciation": "None", "depreciationAndAmortization": "136718000", "incomeBeforeTax": "107489000", "incomeTaxExpense": "1733000", "interestAndDebtExpense": "None", "netIncomeFromContinuingOperations": "105756000", "comprehensiveIncomeNetOfTax": "None", "ebit": "134832000", "ebitda": "271550000", "netIncome": "99620000"}, {"fiscalDateEnding": "2023-03-31", "reportedCurrency": "USD", "grossProfit": "280577000", "totalRevenue": "412421000", "costOfRevenue": "131844000", "costofGoodsAndServicesSold": "131844000", "operatingIncome": "143055000", "sellingGeneralAndAdministrative": "15311000", "researchAndDevelopment": "None", "operatingExpenses": "151676000", "investmentIncomeNet": "None", "netInterestIncome": "-46729000", "interestIncome": "26691000", "interestExpense": "50012000", "nonInterestIncome": "None", "otherNonOperatingIncome": "None", "depreciation": "None", "depreciationAndAmortization": "136347000", "incomeBeforeTax": "160694000", "incomeTaxExpense": "-900000", "interestAndDebtExpense": "None", "netIncomeFromContinuingOperations": "161594000", "comprehensiveIncomeNetOfTax": "None", "ebit": "187385000", "ebitda": "323732000", "netIncome": "153532000"}, {"fiscalDateEnding": "2022-12-31", "reportedCurrency": "USD", "grossProfit": "287405000", "totalRevenue": "415183000", "costOfRevenue": "127778000", "costofGoodsAndServicesSold": "127778000", "operatingIncome": "143690000", "sellingGeneralAndAdministrative": "16036000", "researchAndDevelopment": "None", "operatingExpenses": "151477000", "investmentIncomeNet": "None", "netInterestIncome": "-45613000", "interestIncome": "36296000", "interestExpense": "51101000", "nonInterestIncome": "None", "otherNonOperatingIncome": "None", "depreciation": "None", "depreciationAndAmortization": "135758000", "incomeBeforeTax": "191847000", "incomeTaxExpense": "-2373000", "interestAndDebtExpense": "None", "netIncomeFromContinuingOperations": "194220000", "comprehensiveIncomeNetOfTax": "None", "ebit": "143690000", "ebitda": "279448000", "netIncome": "185165000"}, {"fiscalDateEnding": "2022-09-30", "reportedCurrency": "USD", "grossProfit": "279521000", "totalRevenue": "409748000", "costOfRevenue": "130227000", "costofGoodsAndServicesSold": "130227000", "operatingIncome": "128608000", "sellingGeneralAndAdministrative": "15172000", "researchAndDevelopment": "None", "operatingExpenses": "150682000", "investmentIncomeNet": "None", "netInterestIncome": "-44488000", "interestIncome": "5275000", "interestExpense": "49763000", "nonInterestIncome": "None", "otherNonOperatingIncome": "None", "depreciation": "None", "depreciationAndAmortization": "135511000", "incomeBeforeTax": "100455000", "incomeTaxExpense": "1755000", "interestAndDebtExpense": "None", "netIncomeFromContinuingOperations": "98700000", "comprehensiveIncomeNetOfTax": "None", "ebit": "128608000", "ebitda": "264119000", "netIncome": "92842000"}, {"fiscalDateEnding": "2022-06-30", "reportedCurrency": "USD", "grossProfit": "276282000", "totalRevenue": "399978000", "costOfRevenue": "123696000", "costofGoodsAndServicesSold": "123696000", "operatingIncome": "128628000", "sellingGeneralAndAdministrative": "13127000", "researchAndDevelopment": "None", "operatingExpenses": "147643000", "investmentIncomeNet": "None", "netInterestIncome": "-43623000", "interestIncome": "4571000", "interestExpense": "48194000", "nonInterestIncome": "None", "otherNonOperatingIncome": "None", "depreciation": "None", "depreciationAndAmortization": "130699000", "incomeBeforeTax": "54826000", "incomeTaxExpense": "-6864000", "interestAndDebtExpense": "None", "netIncomeFromContinuingOperations": "61690000", "comprehensiveIncomeNetOfTax": "None", "ebit": "132446000", "ebitda": "263145000", "netIncome": "57054000"}, {"fiscalDateEnding": "2022-03-31", "reportedCurrency": "USD", "grossProfit": "255633000", "totalRevenue": "381905000", "costOfRevenue": "126272000", "costofGoodsAndServicesSold": "126272000", "operatingIncome": "109850000", "sellingGeneralAndAdministrative": "12242000", "researchAndDevelopment": "None", "operatingExpenses": "145713000", "investmentIncomeNet": "None", "netInterestIncome": "-43048000", "interestIncome": "4785000", "interestExpense": "47833000", "nonInterestIncome": "None", "otherNonOperatingIncome": "None", "depreciation": "None", "depreciationAndAmortization": "159559000", "incomeBeforeTax": "75621000", "incomeTaxExpense": "-2754000", "interestAndDebtExpense": "None", "netIncomeFromContinuingOperations": "78375000", "comprehensiveIncomeNetOfTax": "None", "ebit": "83824000", "ebitda": "243383000", "netIncome": "73254000"}, {"fiscalDateEnding": "2021-12-31", "reportedCurrency": "USD", "grossProfit": "250572000", "totalRevenue": "371596000", "costOfRevenue": "121024000", "costofGoodsAndServicesSold": "121024000", "operatingIncome": "101262000", "sellingGeneralAndAdministrative": "17092000", "researchAndDevelopment": "None", "operatingExpenses": "149271000", "investmentIncomeNet": "None", "netInterestIncome": "2139000", "interestIncome": "53168000", "interestExpense": "47849000", "nonInterestIncome": "None", "otherNonOperatingIncome": "103626000", "depreciation": "None", "depreciationAndAmortization": "132179000", "incomeBeforeTax": "154402000", "incomeTaxExpense": "10277000", "interestAndDebtExpense": "None", "netIncomeFromContinuingOperations": "144125000", "comprehensiveIncomeNetOfTax": "None", "ebit": "101262000", "ebitda": "233441000", "netIncome": "136874000"}, {"fiscalDateEnding": "2021-09-30", "reportedCurrency": "USD", "grossProfit": "238458000", "totalRevenue": "362857000", "costOfRevenue": "124399000", "costofGoodsAndServicesSold": "124399000", "operatingIncome": "137971000", "sellingGeneralAndAdministrative": "12712000", "researchAndDevelopment": "None", "operatingExpenses": "143276000", "investmentIncomeNet": "None", "netInterestIncome": "-35361000", "interestIncome": "11998000", "interestExpense": "47359000", "nonInterestIncome": "None", "otherNonOperatingIncome": "40091000", "depreciation": "None", "depreciationAndAmortization": "130564000", "incomeBeforeTax": "128043000", "incomeTaxExpense": "3041000", "interestAndDebtExpense": "None", "netIncomeFromContinuingOperations": "125002000", "comprehensiveIncomeNetOfTax": "None", "ebit": "137971000", "ebitda": "268535000", "netIncome": "118390000"}, {"fiscalDateEnding": "2021-06-30", "reportedCurrency": "USD", "grossProfit": "234380000", "totalRevenue": "350978000", "costOfRevenue": "116598000", "costofGoodsAndServicesSold": "116598000", "operatingIncome": "93381000", "sellingGeneralAndAdministrative": "12222000", "researchAndDevelopment": "None", "operatingExpenses": "140958000", "investmentIncomeNet": "None", "netInterestIncome": "-28600000", "interestIncome": "22371000", "interestExpense": "48338000", "nonInterestIncome": "None", "otherNonOperatingIncome": "26787000", "depreciation": "None", "depreciationAndAmortization": "128736000", "incomeBeforeTax": "71457000", "incomeTaxExpense": "1842000", "interestAndDebtExpense": "None", "netIncomeFromContinuingOperations": "69615000", "comprehensiveIncomeNetOfTax": "None", "ebit": "93381000", "ebitda": "222117000", "netIncome": "64846000"}, {"fiscalDateEnding": "2021-03-31", "reportedCurrency": "USD", "grossProfit": "235699000", "totalRevenue": "355125000", "costOfRevenue": "119426000", "costofGoodsAndServicesSold": "119426000", "operatingIncome": "197381000", "sellingGeneralAndAdministrative": "9812000", "researchAndDevelopment": "None", "operatingExpenses": "138437000", "investmentIncomeNet": "None", "netInterestIncome": "-37262000", "interestIncome": "14387000", "interestExpense": "48805000", "nonInterestIncome": "None", "otherNonOperatingIncome": "31725000", "depreciation": "None", "depreciationAndAmortization": "128587000", "incomeBeforeTax": "177457000", "incomeTaxExpense": "508000", "interestAndDebtExpense": "None", "netIncomeFromContinuingOperations": "176949000", "comprehensiveIncomeNetOfTax": "None", "ebit": "197381000", "ebitda": "325968000", "netIncome": "168444000"}, {"fiscalDateEnding": "2020-12-31", "reportedCurrency": "USD", "grossProfit": "242798000", "totalRevenue": "362073000", "costOfRevenue": "119275000", "costofGoodsAndServicesSold": "119275000", "operatingIncome": "111931000", "sellingGeneralAndAdministrative": "23144000", "researchAndDevelopment": "None", "operatingExpenses": "153271000", "investmentIncomeNet": "None", "netInterestIncome": "-24322000", "interestIncome": "28303000", "interestExpense": "52625000", "nonInterestIncome": "None", "otherNonOperatingIncome": "45222000", "depreciation": "None", "depreciationAndAmortization": "130127000", "incomeBeforeTax": "101544000", "incomeTaxExpense": "-105000", "interestAndDebtExpense": "None", "netIncomeFromContinuingOperations": "126104000", "comprehensiveIncomeNetOfTax": "None", "ebit": "101038000", "ebitda": "231165000", "netIncome": "95745000"}, {"fiscalDateEnding": "2020-09-30", "reportedCurrency": "USD", "grossProfit": "249797000", "totalRevenue": "370811000", "costOfRevenue": "121014000", "costofGoodsAndServicesSold": "121014000", "operatingIncome": "128937000", "sellingGeneralAndAdministrative": "13310000", "researchAndDevelopment": "None", "operatingExpenses": "143512000", "investmentIncomeNet": "None", "netInterestIncome": "-48918000", "interestIncome": "30981000", "interestExpense": "52453000", "nonInterestIncome": "None", "otherNonOperatingIncome": "5335000", "depreciation": "None", "depreciationAndAmortization": "130202000", "incomeBeforeTax": "78842000", "incomeTaxExpense": "72594000", "interestAndDebtExpense": "None", "netIncomeFromContinuingOperations": "73595000", "comprehensiveIncomeNetOfTax": "None", "ebit": "128937000", "ebitda": "259139000", "netIncome": "73661000"}, {"fiscalDateEnding": "2020-06-30", "reportedCurrency": "USD", "grossProfit": "251715000", "totalRevenue": "370497000", "costOfRevenue": "118782000", "costofGoodsAndServicesSold": "118782000", "operatingIncome": "119736000", "sellingGeneralAndAdministrative": "14952000", "researchAndDevelopment": "None", "operatingExpenses": "148561000", "investmentIncomeNet": "None", "netInterestIncome": "-43042000", "interestIncome": "11405000", "interestExpense": "51659000", "nonInterestIncome": "None", "otherNonOperatingIncome": "26423000", "depreciation": "None", "depreciationAndAmortization": "133609000", "incomeBeforeTax": "91712000", "incomeTaxExpense": "1636000", "interestAndDebtExpense": "None", "netIncomeFromContinuingOperations": "84320000", "comprehensiveIncomeNetOfTax": "None", "ebit": "119736000", "ebitda": "253345000", "netIncome": "84458000"}, {"fiscalDateEnding": "2020-03-31", "reportedCurrency": "USD", "grossProfit": "276465000", "totalRevenue": "392367000", "costOfRevenue": "115902000", "costofGoodsAndServicesSold": "115902000", "operatingIncome": "130837000", "sellingGeneralAndAdministrative": "13982000", "researchAndDevelopment": "None", "operatingExpenses": "145491000", "investmentIncomeNet": "None", "netInterestIncome": "-60368000", "interestIncome": "5221000", "interestExpense": "53163000", "nonInterestIncome": "None", "otherNonOperatingIncome": "18381000", "depreciation": "None", "depreciationAndAmortization": "131559000", "incomeBeforeTax": "328765000", "incomeTaxExpense": "322913000", "interestAndDebtExpense": "None", "netIncomeFromContinuingOperations": "80619000", "comprehensiveIncomeNetOfTax": "None", "ebit": "130837000", "ebitda": "262396000", "netIncome": "315006000"}, {"fiscalDateEnding": "2019-12-31", "reportedCurrency": "USD", "grossProfit": "265625000", "totalRevenue": "375365000", "costOfRevenue": "109740000", "costofGoodsAndServicesSold": "109740000", "operatingIncome": "116818000", "sellingGeneralAndAdministrative": "15531000", "researchAndDevelopment": "None", "operatingExpenses": "138439000", "investmentIncomeNet": "None", "netInterestIncome": "-37683000", "interestIncome": "17005000", "interestExpense": "52416000", "nonInterestIncome": "None", "otherNonOperatingIncome": "73097000", "depreciation": "None", "depreciationAndAmortization": "122908000", "incomeBeforeTax": "135182000", "incomeTaxExpense": "115981000", "interestAndDebtExpense": "None", "netIncomeFromContinuingOperations": "153816000", "comprehensiveIncomeNetOfTax": "None", "ebit": "195772000", "ebitda": "318680000", "netIncome": "128818000"}, {"fiscalDateEnding": "2019-09-30", "reportedCurrency": "USD", "grossProfit": "256206000", "totalRevenue": "366932000", "costOfRevenue": "110726000", "costofGoodsAndServicesSold": "110726000", "operatingIncome": "124039000", "sellingGeneralAndAdministrative": "11345000", "researchAndDevelopment": "None", "operatingExpenses": "132154000", "investmentIncomeNet": "None", "netInterestIncome": "-46211000", "interestIncome": "8685000", "interestExpense": "52742000", "nonInterestIncome": "None", "otherNonOperatingIncome": "38014000", "depreciation": "None", "depreciationAndAmortization": "120809000", "incomeBeforeTax": "107157000", "incomeTaxExpense": "1457000", "interestAndDebtExpense": "None", "netIncomeFromContinuingOperations": "99336000", "comprehensiveIncomeNetOfTax": "None", "ebit": "124039000", "ebitda": "244848000", "netIncome": "99335000"}, {"fiscalDateEnding": "2019-06-30", "reportedCurrency": "USD", "grossProfit": "257976000", "totalRevenue": "361635000", "costOfRevenue": "103659000", "costofGoodsAndServicesSold": "103659000", "operatingIncome": "124560000", "sellingGeneralAndAdministrative": "13927000", "researchAndDevelopment": "None", "operatingExpenses": "133392000", "investmentIncomeNet": "None", "netInterestIncome": "-45765000", "interestIncome": "8347000", "interestExpense": "52137000", "nonInterestIncome": "None", "otherNonOperatingIncome": "27613000", "depreciation": "None", "depreciationAndAmortization": "119465000", "incomeBeforeTax": "98061000", "incomeTaxExpense": "74882000", "interestAndDebtExpense": "None", "netIncomeFromContinuingOperations": "92421000", "comprehensiveIncomeNetOfTax": "None", "ebit": "124560000", "ebitda": "244025000", "netIncome": "92275000"}, {"fiscalDateEnding": "2019-03-31", "reportedCurrency": "USD", "grossProfit": "249754000", "totalRevenue": "356223000", "costOfRevenue": "106469000", "costofGoodsAndServicesSold": "106469000", "operatingIncome": "115695000", "sellingGeneralAndAdministrative": "13459000", "researchAndDevelopment": "None", "operatingExpenses": "134027000", "investmentIncomeNet": "None", "netInterestIncome": "-41382000", "interestIncome": "23061000", "interestExpense": "51598000", "nonInterestIncome": "None", "otherNonOperatingIncome": "31873000", "depreciation": "None", "depreciationAndAmortization": "120568000", "incomeBeforeTax": "125505000", "incomeTaxExpense": "106056000", "interestAndDebtExpense": "None", "netIncomeFromContinuingOperations": "87340000", "comprehensiveIncomeNetOfTax": "None", "ebit": "115695000", "ebitda": "236263000", "netIncome": "118858000"}, {"fiscalDateEnding": "2018-12-31", "reportedCurrency": "USD", "grossProfit": "246959000", "totalRevenue": "353158000", "costOfRevenue": "106199000", "costofGoodsAndServicesSold": "106199000", "operatingIncome": "109412000", "sellingGeneralAndAdministrative": "16912000", "researchAndDevelopment": "0", "operatingExpenses": "137509000", "investmentIncomeNet": "None", "netInterestIncome": "None", "interestIncome": "None", "interestExpense": "52132000", "nonInterestIncome": "None", "otherNonOperatingIncome": "67886000", "depreciation": "None", "depreciationAndAmortization": "120597000", "incomeBeforeTax": "124440000", "incomeTaxExpense": "84526000", "interestAndDebtExpense": "None", "netIncomeFromContinuingOperations": "140384000", "comprehensiveIncomeNetOfTax": "None", "ebit": "114703000", "ebitda": "235300000", "netIncome": "117820000"}, {"fiscalDateEnding": "2018-09-30", "reportedCurrency": "USD", "grossProfit": "245381000", "totalRevenue": "350917000", "costOfRevenue": "105536000", "costofGoodsAndServicesSold": "105536000", "operatingIncome": "113897000", "sellingGeneralAndAdministrative": "10601000", "researchAndDevelopment": "0", "operatingExpenses": "131453000", "investmentIncomeNet": "None", "netInterestIncome": "None", "interestIncome": "None", "interestExpense": "53012000", "nonInterestIncome": "None", "otherNonOperatingIncome": "27425000", "depreciation": "None", "depreciationAndAmortization": "120852000", "incomeBeforeTax": "86110000", "incomeTaxExpense": "74935000", "interestAndDebtExpense": "None", "netIncomeFromContinuingOperations": "80891000", "comprehensiveIncomeNetOfTax": "None", "ebit": "113897000", "ebitda": "234749000", "netIncome": "80975000"}, {"fiscalDateEnding": "2018-06-30", "reportedCurrency": "USD", "grossProfit": "246795000", "totalRevenue": "348723000", "costOfRevenue": "101928000", "costofGoodsAndServicesSold": "101928000", "operatingIncome": "116272000", "sellingGeneralAndAdministrative": "11125000", "researchAndDevelopment": "0", "operatingExpenses": "130455000", "investmentIncomeNet": "None", "netInterestIncome": "None", "interestIncome": "None", "interestExpense": "54050000", "nonInterestIncome": "None", "otherNonOperatingIncome": "46416000", "depreciation": "None", "depreciationAndAmortization": "119330000", "incomeBeforeTax": "106410000", "incomeTaxExpense": "75069000", "interestAndDebtExpense": "None", "netIncomeFromContinuingOperations": "100328000", "comprehensiveIncomeNetOfTax": "None", "ebit": "116272000", "ebitda": "235602000", "netIncome": "100440000"}, {"fiscalDateEnding": "2018-03-31", "reportedCurrency": "USD", "grossProfit": "244522000", "totalRevenue": "347255000", "costOfRevenue": "102733000", "costofGoodsAndServicesSold": "102733000", "operatingIncome": "110547000", "sellingGeneralAndAdministrative": "14813000", "researchAndDevelopment": "0", "operatingExpenses": "133918000", "investmentIncomeNet": "None", "netInterestIncome": "None", "interestIncome": "None", "interestExpense": "52591000", "nonInterestIncome": "None", "otherNonOperatingIncome": "40983000", "depreciation": "None", "depreciationAndAmortization": "119105000", "incomeBeforeTax": "96639000", "incomeTaxExpense": "91086000", "interestAndDebtExpense": "None", "netIncomeFromContinuingOperations": "90743000", "comprehensiveIncomeNetOfTax": "None", "ebit": "110547000", "ebitda": "229652000", "netIncome": "90918000"}, {"fiscalDateEnding": "2017-12-31", "reportedCurrency": "USD", "grossProfit": "241437000", "totalRevenue": "345064000", "costOfRevenue": "103627000", "costofGoodsAndServicesSold": "103627000", "operatingIncome": "112375000", "sellingGeneralAndAdministrative": "10659000", "researchAndDevelopment": "0", "operatingExpenses": "128647000", "investmentIncomeNet": "None", "netInterestIncome": "None", "interestIncome": "None", "interestExpense": "53116000", "nonInterestIncome": "None", "otherNonOperatingIncome": "52848000", "depreciation": "None", "depreciationAndAmortization": "117988000", "incomeBeforeTax": "109662000", "incomeTaxExpense": "104676000", "interestAndDebtExpense": "None", "netIncomeFromContinuingOperations": "128852000", "comprehensiveIncomeNetOfTax": "None", "ebit": "123186000", "ebitda": "241174000", "netIncome": "103613000"}, {"fiscalDateEnding": "2017-09-30", "reportedCurrency": "USD", "grossProfit": "240232000", "totalRevenue": "344369000", "costOfRevenue": "104137000", "costofGoodsAndServicesSold": "104137000", "operatingIncome": "112669000", "sellingGeneralAndAdministrative": "9788000", "researchAndDevelopment": "0", "operatingExpenses": "127239000", "investmentIncomeNet": "None", "netInterestIncome": "None", "interestIncome": "None", "interestExpense": "53400000", "nonInterestIncome": "None", "otherNonOperatingIncome": "28304000", "depreciation": "None", "depreciationAndAmortization": "117451000", "incomeBeforeTax": "85035000", "incomeTaxExpense": "78439000", "interestAndDebtExpense": "None", "netIncomeFromContinuingOperations": "79597000", "comprehensiveIncomeNetOfTax": "None", "ebit": "112669000", "ebitda": "230120000", "netIncome": "79723000"}, {"fiscalDateEnding": "2017-06-30", "reportedCurrency": "USD", "grossProfit": "240797000", "totalRevenue": "339062000", "costOfRevenue": "98265000", "costofGoodsAndServicesSold": "98265000", "operatingIncome": "112247000", "sellingGeneralAndAdministrative": "10337000", "researchAndDevelopment": "0", "operatingExpenses": "128276000", "investmentIncomeNet": "None", "netInterestIncome": "None", "interestIncome": "None", "interestExpense": "54281000", "nonInterestIncome": "None", "otherNonOperatingIncome": "18201000", "depreciation": "None", "depreciationAndAmortization": "117939000", "incomeBeforeTax": "75795000", "incomeTaxExpense": "71784000", "interestAndDebtExpense": "None", "netIncomeFromContinuingOperations": "68545000", "comprehensiveIncomeNetOfTax": "None", "ebit": "112247000", "ebitda": "230186000", "netIncome": "70759000"}, {"fiscalDateEnding": "2017-03-31", "reportedCurrency": "USD", "grossProfit": "235891000", "totalRevenue": "335404000", "costOfRevenue": "99513000", "costofGoodsAndServicesSold": "99513000", "operatingIncome": "109231000", "sellingGeneralAndAdministrative": "10601000", "researchAndDevelopment": "0", "operatingExpenses": "126104000", "investmentIncomeNet": "None", "netInterestIncome": "None", "interestIncome": "None", "interestExpense": "51999000", "nonInterestIncome": "None", "otherNonOperatingIncome": "46421000", "depreciation": "None", "depreciationAndAmortization": "115503000", "incomeBeforeTax": "187551000", "incomeTaxExpense": "157967000", "interestAndDebtExpense": "None", "netIncomeFromContinuingOperations": "92408000", "comprehensiveIncomeNetOfTax": "None", "ebit": "109231000", "ebitda": "224734000", "netIncome": "178964000"}, {"fiscalDateEnding": "2016-12-31", "reportedCurrency": "USD", "grossProfit": "230041000", "totalRevenue": "329038000", "costOfRevenue": "98997000", "costofGoodsAndServicesSold": "98997000", "operatingIncome": "105520000", "sellingGeneralAndAdministrative": "12224000", "researchAndDevelopment": "0", "operatingExpenses": "124059000", "investmentIncomeNet": "None", "netInterestIncome": "None", "interestIncome": "None", "interestExpense": "52291000", "nonInterestIncome": "None", "otherNonOperatingIncome": "None", "depreciation": "None", "depreciationAndAmortization": "111835000", "incomeBeforeTax": "204648000", "incomeTaxExpense": "131000", "interestAndDebtExpense": "None", "netIncomeFromContinuingOperations": "660901000", "comprehensiveIncomeNetOfTax": "None", "ebit": "115286000", "ebitda": "227121000", "netIncome": "195569000"}, {"fiscalDateEnding": "2016-09-30", "reportedCurrency": "USD", "grossProfit": "229810000", "totalRevenue": "329171000", "costOfRevenue": "99361000", "costofGoodsAndServicesSold": "99361000", "operatingIncome": "109412000", "sellingGeneralAndAdministrative": "9647000", "researchAndDevelopment": "0", "operatingExpenses": "120114000", "investmentIncomeNet": "None", "netInterestIncome": "None", "interestIncome": "None", "interestExpense": "56693000", "nonInterestIncome": "None", "otherNonOperatingIncome": "17400000", "depreciation": "None", "depreciationAndAmortization": "110467000", "incomeBeforeTax": "70162000", "incomeTaxExpense": "70862000", "interestAndDebtExpense": "None", "netIncomeFromContinuingOperations": "65419000", "comprehensiveIncomeNetOfTax": "None", "ebit": "109412000", "ebitda": "219879000", "netIncome": "65561000"}, {"fiscalDateEnding": "2016-06-30", "reportedCurrency": "USD", "grossProfit": "225511000", "totalRevenue": "321590000", "costOfRevenue": "96079000", "costofGoodsAndServicesSold": "96079000", "operatingIncome": "105873000", "sellingGeneralAndAdministrative": "9698000", "researchAndDevelopment": "0", "operatingExpenses": "119371000", "investmentIncomeNet": "None", "netInterestIncome": "None", "interestIncome": "None", "interestExpense": "52754000", "nonInterestIncome": "None", "otherNonOperatingIncome": "26519000", "depreciation": "None", "depreciationAndAmortization": "109673000", "incomeBeforeTax": "76824000", "incomeTaxExpense": "71861000", "interestAndDebtExpense": "None", "netIncomeFromContinuingOperations": "72013000", "comprehensiveIncomeNetOfTax": "None", "ebit": "114569000", "ebitda": "224242000", "netIncome": "72013000"}, {"fiscalDateEnding": "2016-03-31", "reportedCurrency": "USD", "grossProfit": "219712000", "totalRevenue": "314202000", "costOfRevenue": "94490000", "costofGoodsAndServicesSold": "94490000", "operatingIncome": "99995000", "sellingGeneralAndAdministrative": "9182000", "researchAndDevelopment": "0", "operatingExpenses": "118889000", "investmentIncomeNet": "None", "netInterestIncome": "None", "interestIncome": "None", "interestExpense": "52466000", "nonInterestIncome": "None", "otherNonOperatingIncome": "43634000", "depreciation": "None", "depreciationAndAmortization": "109707000", "incomeBeforeTax": "91186000", "incomeTaxExpense": "4279000", "interestAndDebtExpense": "None", "netIncomeFromContinuingOperations": "86165000", "comprehensiveIncomeNetOfTax": "None", "ebit": "107663000", "ebitda": "217370000", "netIncome": "81836000"}, {"fiscalDateEnding": "2015-12-31", "reportedCurrency": "USD", "grossProfit": "218605000", "totalRevenue": "310746000", "costOfRevenue": "92141000", "costofGoodsAndServicesSold": "92141000", "operatingIncome": "92204000", "sellingGeneralAndAdministrative": "8867000", "researchAndDevelopment": "0", "operatingExpenses": "125344000", "investmentIncomeNet": "None", "netInterestIncome": "None", "interestIncome": "None", "interestExpense": "50771000", "nonInterestIncome": "None", "otherNonOperatingIncome": "None", "depreciation": "None", "depreciationAndAmortization": "116477000", "incomeBeforeTax": "85762000", "incomeTaxExpense": "61494000", "interestAndDebtExpense": "None", "netIncomeFromContinuingOperations": "248239000", "comprehensiveIncomeNetOfTax": "None", "ebit": "98057000", "ebitda": "214534000", "netIncome": "80938000"}, {"fiscalDateEnding": "2015-09-30", "reportedCurrency": "USD", "grossProfit": "210507000", "totalRevenue": "304626000", "costOfRevenue": "94119000", "costofGoodsAndServicesSold": "94119000", "operatingIncome": "82689000", "sellingGeneralAndAdministrative": "11129000", "researchAndDevelopment": "0", "operatingExpenses": "127437000", "investmentIncomeNet": "None", "netInterestIncome": "None", "interestIncome": "None", "interestExpense": "50053000", "nonInterestIncome": "None", "otherNonOperatingIncome": "14546000", "depreciation": "None", "depreciationAndAmortization": "116308000", "incomeBeforeTax": "47182000", "incomeTaxExpense": "60777000", "interestAndDebtExpense": "None", "netIncomeFromContinuingOperations": "43644000", "comprehensiveIncomeNetOfTax": "None", "ebit": "88383000", "ebitda": "204691000", "netIncome": "43637000"}, {"fiscalDateEnding": "2015-06-30", "reportedCurrency": "USD", "grossProfit": "206085000", "totalRevenue": "296162000", "costOfRevenue": "90077000", "costofGoodsAndServicesSold": "90077000", "operatingIncome": "80966000", "sellingGeneralAndAdministrative": "9549000", "researchAndDevelopment": "0", "operatingExpenses": "123280000", "investmentIncomeNet": "None", "netInterestIncome": "None", "interestIncome": "None", "interestExpense": "50802000", "nonInterestIncome": "None", "otherNonOperatingIncome": "20378000", "depreciation": "None", "depreciationAndAmortization": "113731000", "incomeBeforeTax": "50542000", "incomeTaxExpense": "71600000", "interestAndDebtExpense": "None", "netIncomeFromContinuingOperations": "46839000", "comprehensiveIncomeNetOfTax": "None", "ebit": "86848000", "ebitda": "200579000", "netIncome": "46868000"}, {"fiscalDateEnding": "2015-03-31", "reportedCurrency": "USD", "grossProfit": "195702000", "totalRevenue": "282873000", "costOfRevenue": "87171000", "costofGoodsAndServicesSold": "87171000", "operatingIncome": "75315000", "sellingGeneralAndAdministrative": "10545000", "researchAndDevelopment": "0", "operatingExpenses": "117452000", "investmentIncomeNet": "None", "netInterestIncome": "None", "interestIncome": "None", "interestExpense": "47546000", "nonInterestIncome": "None", "otherNonOperatingIncome": "None", "depreciation": "None", "depreciationAndAmortization": "106907000", "incomeBeforeTax": "64753000", "incomeTaxExpense": "77295000", "interestAndDebtExpense": "None", "netIncomeFromContinuingOperations": "0", "comprehensiveIncomeNetOfTax": "None", "ebit": "82014000", "ebitda": "188921000", "netIncome": "60677000"}, {"fiscalDateEnding": "2014-12-31", "reportedCurrency": "USD", "grossProfit": "190647000", "totalRevenue": "278699000", "costOfRevenue": "88052000", "costofGoodsAndServicesSold": "88052000", "operatingIncome": "63463000", "sellingGeneralAndAdministrative": "12256000", "researchAndDevelopment": "0", "operatingExpenses": "118959000", "investmentIncomeNet": "None", "netInterestIncome": "None", "interestIncome": "None", "interestExpense": "47529000", "nonInterestIncome": "None", "otherNonOperatingIncome": "None", "depreciation": "None", "depreciationAndAmortization": "106703000", "incomeBeforeTax": "44805000", "incomeTaxExpense": "69673000", "interestAndDebtExpense": "None", "netIncomeFromContinuingOperations": "134438000", "comprehensiveIncomeNetOfTax": "None", "ebit": "92334000", "ebitda": "199037000", "netIncome": "41489000"}, {"fiscalDateEnding": "2014-09-30", "reportedCurrency": "USD", "grossProfit": "182811000", "totalRevenue": "270479000", "costOfRevenue": "87668000", "costofGoodsAndServicesSold": "87668000", "operatingIncome": "65240000", "sellingGeneralAndAdministrative": "11479000", "researchAndDevelopment": "0", "operatingExpenses": "113663000", "investmentIncomeNet": "None", "netInterestIncome": "None", "interestIncome": "None", "interestExpense": "45830000", "nonInterestIncome": "None", "otherNonOperatingIncome": "39274000", "depreciation": "None", "depreciationAndAmortization": "107235000", "incomeBeforeTax": "58684000", "incomeTaxExpense": "54460000", "interestAndDebtExpense": "None", "netIncomeFromContinuingOperations": "54895000", "comprehensiveIncomeNetOfTax": "None", "ebit": "68956000", "ebitda": "176191000", "netIncome": "54964000"}, {"fiscalDateEnding": "2014-06-30", "reportedCurrency": "USD", "grossProfit": "176230000", "totalRevenue": "259450000", "costOfRevenue": "83220000", "costofGoodsAndServicesSold": "83220000", "operatingIncome": "42136000", "sellingGeneralAndAdministrative": "9558000", "researchAndDevelopment": "0", "operatingExpenses": "107068000", "investmentIncomeNet": "None", "netInterestIncome": "None", "interestIncome": "None", "interestExpense": "42151000", "nonInterestIncome": "None", "otherNonOperatingIncome": "None", "depreciation": "None", "depreciationAndAmortization": "93678000", "incomeBeforeTax": "8428000", "incomeTaxExpense": "53737000", "interestAndDebtExpense": "None", "netIncomeFromContinuingOperations": "0", "comprehensiveIncomeNetOfTax": "None", "ebit": "78094000", "ebitda": "171772000", "netIncome": "6303000"}, {"fiscalDateEnding": "2014-03-31", "reportedCurrency": "USD", "grossProfit": "108195000", "totalRevenue": "161645000", "costOfRevenue": "53450000", "costofGoodsAndServicesSold": "53450000", "operatingIncome": "33774000", "sellingGeneralAndAdministrative": "7075000", "researchAndDevelopment": "0", "operatingExpenses": "60373000", "investmentIncomeNet": "None", "netInterestIncome": "None", "interestIncome": "None", "interestExpense": "26055000", "nonInterestIncome": "None", "otherNonOperatingIncome": "21673000", "depreciation": "None", "depreciationAndAmortization": "53298000", "incomeBeforeTax": "26406000", "incomeTaxExpense": "39707000", "interestAndDebtExpense": "None", "netIncomeFromContinuingOperations": "26020000", "comprehensiveIncomeNetOfTax": "None", "ebit": "54960000", "ebitda": "108258000", "netIncome": "23280000"}, {"fiscalDateEnding": "2013-12-31", "reportedCurrency": "USD", "grossProfit": "105843000", "totalRevenue": "158547000", "costOfRevenue": "52704000", "costofGoodsAndServicesSold": "52704000", "operatingIncome": "45150000", "sellingGeneralAndAdministrative": "6676000", "researchAndDevelopment": "0", "operatingExpenses": "59395000", "investmentIncomeNet": "None", "netInterestIncome": "None", "interestIncome": "None", "interestExpense": "26875000", "nonInterestIncome": "None", "otherNonOperatingIncome": "4730000", "depreciation": "None", "depreciationAndAmortization": "52719000", "incomeBeforeTax": "20020000", "incomeTaxExpense": "17223000", "interestAndDebtExpense": "None", "netIncomeFromContinuingOperations": "30496000", "comprehensiveIncomeNetOfTax": "None", "ebit": "52325000", "ebitda": "105044000", "netIncome": "33242000"}, {"fiscalDateEnding": "2013-09-30", "reportedCurrency": "USD", "grossProfit": "103726000", "totalRevenue": "155902000", "costOfRevenue": "52176000", "costofGoodsAndServicesSold": "52176000", "operatingIncome": "49213000", "sellingGeneralAndAdministrative": "6075000", "researchAndDevelopment": "0", "operatingExpenses": "57518000", "investmentIncomeNet": "None", "netInterestIncome": "None", "interestIncome": "None", "interestExpense": "26187000", "nonInterestIncome": "None", "otherNonOperatingIncome": "43011000", "depreciation": "None", "depreciationAndAmortization": "51443000", "incomeBeforeTax": "63032000", "incomeTaxExpense": "59865000", "interestAndDebtExpense": "None", "netIncomeFromContinuingOperations": "63032000", "comprehensiveIncomeNetOfTax": "None", "ebit": "88694000", "ebitda": "140137000", "netIncome": "70156000"}, {"fiscalDateEnding": "2013-06-30", "reportedCurrency": "USD", "grossProfit": "102934000", "totalRevenue": "153404000", "costOfRevenue": "50470000", "costofGoodsAndServicesSold": "50470000", "operatingIncome": "48679000", "sellingGeneralAndAdministrative": "6224000", "researchAndDevelopment": "0", "operatingExpenses": "57257000", "investmentIncomeNet": "None", "netInterestIncome": "None", "interestIncome": "None", "interestExpense": "26325000", "nonInterestIncome": "None", "otherNonOperatingIncome": "10223000", "depreciation": "None", "depreciationAndAmortization": "51033000", "incomeBeforeTax": "29575000", "incomeTaxExpense": "36868000", "interestAndDebtExpense": "None", "netIncomeFromContinuingOperations": "29575000", "comprehensiveIncomeNetOfTax": "None", "ebit": "58312000", "ebitda": "109345000", "netIncome": "26314000"}, {"fiscalDateEnding": "2013-03-31", "reportedCurrency": "USD", "grossProfit": "100877000", "totalRevenue": "149342000", "costOfRevenue": "48465000", "costofGoodsAndServicesSold": "48465000", "operatingIncome": "47107000", "sellingGeneralAndAdministrative": "6626000", "researchAndDevelopment": "0", "operatingExpenses": "56700000", "investmentIncomeNet": "None", "netInterestIncome": "None", "interestIncome": "None", "interestExpense": "25211000", "nonInterestIncome": "None", "otherNonOperatingIncome": "10737000", "depreciation": "None", "depreciationAndAmortization": "50074000", "incomeBeforeTax": "29703000", "incomeTaxExpense": "32554000", "interestAndDebtExpense": "None", "netIncomeFromContinuingOperations": "29703000", "comprehensiveIncomeNetOfTax": "None", "ebit": "54372000", "ebitda": "104446000", "netIncome": "26571000"}, {"fiscalDateEnding": "2012-12-31", "reportedCurrency": "USD", "grossProfit": "96988000", "totalRevenue": "144805000", "costOfRevenue": "47817000", "costofGoodsAndServicesSold": "47817000", "operatingIncome": "45105000", "sellingGeneralAndAdministrative": "6866000", "researchAndDevelopment": "0", "operatingExpenses": "54846000", "investmentIncomeNet": "None", "netInterestIncome": "None", "interestIncome": "None", "interestExpense": "25864000", "nonInterestIncome": "None", "otherNonOperatingIncome": "None", "depreciation": "None", "depreciationAndAmortization": "47980000", "incomeBeforeTax": "49640000", "incomeTaxExpense": "207000", "interestAndDebtExpense": "None", "netIncomeFromContinuingOperations": "0", "comprehensiveIncomeNetOfTax": "None", "ebit": "72499000", "ebitda": "120479000", "netIncome": "45161000"}, {"fiscalDateEnding": "2012-09-30", "reportedCurrency": "USD", "grossProfit": "92833000", "totalRevenue": "138142000", "costOfRevenue": "45309000", "costofGoodsAndServicesSold": "45309000", "operatingIncome": "42874000", "sellingGeneralAndAdministrative": "5276000", "researchAndDevelopment": "0", "operatingExpenses": "49959000", "investmentIncomeNet": "None", "netInterestIncome": "None", "interestIncome": "None", "interestExpense": "25064000", "nonInterestIncome": "None", "otherNonOperatingIncome": "None", "depreciation": "None", "depreciationAndAmortization": "43041000", "incomeBeforeTax": "20222000", "incomeTaxExpense": "28834000", "interestAndDebtExpense": "None", "netIncomeFromContinuingOperations": "0", "comprehensiveIncomeNetOfTax": "None", "ebit": "48040000", "ebitda": "91081000", "netIncome": "17587000"}, {"fiscalDateEnding": "2012-06-30", "reportedCurrency": "USD", "grossProfit": "90144000", "totalRevenue": "132561000", "costOfRevenue": "42417000", "costofGoodsAndServicesSold": "42417000", "operatingIncome": "40968000", "sellingGeneralAndAdministrative": "5764000", "researchAndDevelopment": "0", "operatingExpenses": "49176000", "investmentIncomeNet": "None", "netInterestIncome": "None", "interestIncome": "None", "interestExpense": "24659000", "nonInterestIncome": "None", "otherNonOperatingIncome": "None", "depreciation": "None", "depreciationAndAmortization": "41801000", "incomeBeforeTax": "42490000", "incomeTaxExpense": "5633000", "interestAndDebtExpense": "None", "netIncomeFromContinuingOperations": "0", "comprehensiveIncomeNetOfTax": "None", "ebit": "23353000", "ebitda": "65154000", "netIncome": "38446000"}, {"fiscalDateEnding": "2012-03-31", "reportedCurrency": "USD", "grossProfit": "87754000", "totalRevenue": "127918000", "costOfRevenue": "40164000", "costofGoodsAndServicesSold": "40164000", "operatingIncome": "39980000", "sellingGeneralAndAdministrative": "5400000", "researchAndDevelopment": "0", "operatingExpenses": "47774000", "investmentIncomeNet": "None", "netInterestIncome": "None", "interestIncome": "None", "interestExpense": "24658000", "nonInterestIncome": "None", "otherNonOperatingIncome": "None", "depreciation": "None", "depreciationAndAmortization": "40734000", "incomeBeforeTax": "17204000", "incomeTaxExpense": "18230000", "interestAndDebtExpense": "None", "netIncomeFromContinuingOperations": "0", "comprehensiveIncomeNetOfTax": "None", "ebit": "44827000", "ebitda": "85561000", "netIncome": "24090000"}, {"fiscalDateEnding": "2011-12-31", "reportedCurrency": "USD", "grossProfit": "84916000", "totalRevenue": "124989000", "costOfRevenue": "40073000", "costofGoodsAndServicesSold": "40073000", "operatingIncome": "38498000", "sellingGeneralAndAdministrative": "25304000", "researchAndDevelopment": "0", "operatingExpenses": "46418000", "investmentIncomeNet": "None", "netInterestIncome": "None", "interestIncome": "None", "interestExpense": "25082000", "nonInterestIncome": "None", "otherNonOperatingIncome": "None", "depreciation": "None", "depreciationAndAmortization": "51338000", "incomeBeforeTax": "14771000", "incomeTaxExpense": "-3410000", "interestAndDebtExpense": "None", "netIncomeFromContinuingOperations": "0", "comprehensiveIncomeNetOfTax": "None", "ebit": "39853000", "ebitda": "91191000", "netIncome": "15304000"}, {"fiscalDateEnding": "2011-09-30", "reportedCurrency": "USD", "grossProfit": "78709000", "totalRevenue": "120058000", "costOfRevenue": "41349000", "costofGoodsAndServicesSold": "41349000", "operatingIncome": "34506000", "sellingGeneralAndAdministrative": "6066000", "researchAndDevelopment": "0", "operatingExpenses": "44203000", "investmentIncomeNet": "None", "netInterestIncome": "None", "interestIncome": "None", "interestExpense": "22096000", "nonInterestIncome": "None", "otherNonOperatingIncome": "2491000", "depreciation": "None", "depreciationAndAmortization": "38137000", "incomeBeforeTax": "11965000", "incomeTaxExpense": "25769000", "interestAndDebtExpense": "None", "netIncomeFromContinuingOperations": "14901000", "comprehensiveIncomeNetOfTax": "None", "ebit": "36988000", "ebitda": "75125000", "netIncome": "9054000"}, {"fiscalDateEnding": "2011-06-30", "reportedCurrency": "USD", "grossProfit": "76928000", "totalRevenue": "117198000", "costOfRevenue": "40270000", "costofGoodsAndServicesSold": "40270000", "operatingIncome": "33047000", "sellingGeneralAndAdministrative": "6371000", "researchAndDevelopment": "0", "operatingExpenses": "43881000", "investmentIncomeNet": "None", "netInterestIncome": "None", "interestIncome": "None", "interestExpense": "22710000", "nonInterestIncome": "None", "otherNonOperatingIncome": "3101000", "depreciation": "None", "depreciationAndAmortization": "37510000", "incomeBeforeTax": "10702000", "incomeTaxExpense": "19298000", "interestAndDebtExpense": "None", "netIncomeFromContinuingOperations": "13438000", "comprehensiveIncomeNetOfTax": "None", "ebit": "35918000", "ebitda": "73428000", "netIncome": "13749000"}, {"fiscalDateEnding": "2011-03-31", "reportedCurrency": "USD", "grossProfit": "74701000", "totalRevenue": "113773000", "costOfRevenue": "39072000", "costofGoodsAndServicesSold": "39072000", "operatingIncome": "31555000", "sellingGeneralAndAdministrative": "6115000", "researchAndDevelopment": "0", "operatingExpenses": "43146000", "investmentIncomeNet": "None", "netInterestIncome": "None", "interestIncome": "None", "interestExpense": "24662000", "nonInterestIncome": "None", "otherNonOperatingIncome": "6987000", "depreciation": "None", "depreciationAndAmortization": "37031000", "incomeBeforeTax": "12507000", "incomeTaxExpense": "21221000", "interestAndDebtExpense": "None", "netIncomeFromContinuingOperations": "63204000", "comprehensiveIncomeNetOfTax": "None", "ebit": "31555000", "ebitda": "68586000", "netIncome": "8961000"}, {"fiscalDateEnding": "2010-12-31", "reportedCurrency": "USD", "grossProfit": "70734000", "totalRevenue": "109132000", "costOfRevenue": "38398000", "costofGoodsAndServicesSold": "38398000", "operatingIncome": "25747000", "sellingGeneralAndAdministrative": "25962000", "researchAndDevelopment": "0", "operatingExpenses": "44300000", "investmentIncomeNet": "None", "netInterestIncome": "None", "interestIncome": "None", "interestExpense": "23542000", "nonInterestIncome": "None", "otherNonOperatingIncome": "None", "depreciation": "None", "depreciationAndAmortization": "36326000", "incomeBeforeTax": "50782000", "incomeTaxExpense": "30614000", "interestAndDebtExpense": "None", "netIncomeFromContinuingOperations": "0", "comprehensiveIncomeNetOfTax": "None", "ebit": "50248000", "ebitda": "86574000", "netIncome": "5320000"}, {"fiscalDateEnding": "2010-09-30", "reportedCurrency": "USD", "grossProfit": "66894000", "totalRevenue": "104781000", "costOfRevenue": "37887000", "costofGoodsAndServicesSold": "37887000", "operatingIncome": "27466000", "sellingGeneralAndAdministrative": "6175000", "researchAndDevelopment": "0", "operatingExpenses": "37813000", "investmentIncomeNet": "None", "netInterestIncome": "None", "interestIncome": "None", "interestExpense": "22202000", "nonInterestIncome": "None", "otherNonOperatingIncome": "None", "depreciation": "None", "depreciationAndAmortization": "31638000", "incomeBeforeTax": "6920000", "incomeTaxExpense": "21535000", "interestAndDebtExpense": "None", "netIncomeFromContinuingOperations": "0", "comprehensiveIncomeNetOfTax": "None", "ebit": "24908000", "ebitda": "56546000", "netIncome": "6920000"}, {"fiscalDateEnding": "2010-06-30", "reportedCurrency": "USD", "grossProfit": "65638000", "totalRevenue": "100636000", "costOfRevenue": "34998000", "costofGoodsAndServicesSold": "34998000", "operatingIncome": "28158000", "sellingGeneralAndAdministrative": "6219000", "researchAndDevelopment": "0", "operatingExpenses": "37480000", "investmentIncomeNet": "None", "netInterestIncome": "None", "interestIncome": "None", "interestExpense": "21004000", "nonInterestIncome": "None", "otherNonOperatingIncome": "None", "depreciation": "None", "depreciationAndAmortization": "31261000", "incomeBeforeTax": "10025000", "incomeTaxExpense": "17773000", "interestAndDebtExpense": "None", "netIncomeFromContinuingOperations": "0", "comprehensiveIncomeNetOfTax": "None", "ebit": "28168000", "ebitda": "59429000", "netIncome": "10025000"}, {"fiscalDateEnding": "2010-03-31", "reportedCurrency": "USD", "grossProfit": "66985000", "totalRevenue": "101184000", "costOfRevenue": "34199000", "costofGoodsAndServicesSold": "34199000", "operatingIncome": "10044000", "sellingGeneralAndAdministrative": "5618000", "researchAndDevelopment": "0", "operatingExpenses": "36105000", "investmentIncomeNet": "None", "netInterestIncome": "None", "interestIncome": "None", "interestExpense": "20836000", "nonInterestIncome": "None", "otherNonOperatingIncome": "None", "depreciation": "None", "depreciationAndAmortization": "30487000", "incomeBeforeTax": "13669000", "incomeTaxExpense": "17170000", "interestAndDebtExpense": "None", "netIncomeFromContinuingOperations": "0", "comprehensiveIncomeNetOfTax": "None", "ebit": "38694000", "ebitda": "69181000", "netIncome": "13669000"}, {"fiscalDateEnding": "2009-12-31", "reportedCurrency": "USD", "grossProfit": "64007000", "totalRevenue": "100487000", "costOfRevenue": "36480000", "costofGoodsAndServicesSold": "36480000", "operatingIncome": "5392000", "sellingGeneralAndAdministrative": "23704000", "researchAndDevelopment": "0", "operatingExpenses": "35730000", "investmentIncomeNet": "None", "netInterestIncome": "None", "interestIncome": "None", "interestExpense": "22336000", "nonInterestIncome": "None", "otherNonOperatingIncome": "None", "depreciation": "None", "depreciationAndAmortization": "30160000", "incomeBeforeTax": "53739000", "incomeTaxExpense": "30156000", "interestAndDebtExpense": "None", "netIncomeFromContinuingOperations": "0", "comprehensiveIncomeNetOfTax": "None", "ebit": "28277000", "ebitda": "58437000", "netIncome": "6953000"}, {"fiscalDateEnding": "2009-09-30", "reportedCurrency": "USD", "grossProfit": "65681000", "totalRevenue": "101847000", "costOfRevenue": "36166000", "costofGoodsAndServicesSold": "36166000", "operatingIncome": "-3370000", "sellingGeneralAndAdministrative": "6086000", "researchAndDevelopment": "0", "operatingExpenses": "35981000", "investmentIncomeNet": "None", "netInterestIncome": "None", "interestIncome": "None", "interestExpense": "21966000", "nonInterestIncome": "None", "otherNonOperatingIncome": "None", "depreciation": "None", "depreciationAndAmortization": "29895000", "incomeBeforeTax": "-1239000", "incomeTaxExpense": "30939000", "interestAndDebtExpense": "None", "netIncomeFromContinuingOperations": "0", "comprehensiveIncomeNetOfTax": "None", "ebit": "29604000", "ebitda": "59499000", "netIncome": "-1239000"}, {"fiscalDateEnding": "2009-06-30", "reportedCurrency": "USD", "grossProfit": "69845000", "totalRevenue": "103817000", "costOfRevenue": "33972000", "costofGoodsAndServicesSold": "33972000", "operatingIncome": "13491000", "sellingGeneralAndAdministrative": "5852000", "researchAndDevelopment": "0", "operatingExpenses": "56354000", "investmentIncomeNet": "None", "netInterestIncome": "None", "interestIncome": "None", "interestExpense": "21509000", "nonInterestIncome": "None", "otherNonOperatingIncome": "None", "depreciation": "None", "depreciationAndAmortization": "28993000", "incomeBeforeTax": "12999000", "incomeTaxExpense": "650000", "interestAndDebtExpense": "None", "netIncomeFromContinuingOperations": "0", "comprehensiveIncomeNetOfTax": "None", "ebit": "13491000", "ebitda": "42484000", "netIncome": "12999000"}, {"fiscalDateEnding": "2009-03-31", "reportedCurrency": "USD", "grossProfit": "72501000", "totalRevenue": "105879000", "costOfRevenue": "33378000", "costofGoodsAndServicesSold": "33378000", "operatingIncome": "11138000", "sellingGeneralAndAdministrative": "6233000", "researchAndDevelopment": "0", "operatingExpenses": "55611000", "investmentIncomeNet": "None", "netInterestIncome": "None", "interestIncome": "None", "interestExpense": "20203000", "nonInterestIncome": "None", "otherNonOperatingIncome": "None", "depreciation": "None", "depreciationAndAmortization": "29175000", "incomeBeforeTax": "18396000", "incomeTaxExpense": "-967000", "interestAndDebtExpense": "None", "netIncomeFromContinuingOperations": "0", "comprehensiveIncomeNetOfTax": "None", "ebit": "16518000", "ebitda": "45693000", "netIncome": "18396000"}, {"fiscalDateEnding": "2008-12-31", "reportedCurrency": "USD", "grossProfit": "71600000", "totalRevenue": "106032000", "costOfRevenue": "34432000", "costofGoodsAndServicesSold": "34432000", "operatingIncome": "13428000", "sellingGeneralAndAdministrative": "26984000", "researchAndDevelopment": "0", "operatingExpenses": "58172000", "investmentIncomeNet": "None", "netInterestIncome": "None", "interestIncome": "None", "interestExpense": "20368000", "nonInterestIncome": "None", "otherNonOperatingIncome": "None", "depreciation": "None", "depreciationAndAmortization": "28296000", "incomeBeforeTax": "63517000", "incomeTaxExpense": "-1837000", "interestAndDebtExpense": "None", "netIncomeFromContinuingOperations": "0", "comprehensiveIncomeNetOfTax": "None", "ebit": "96494000", "ebitda": "124790000", "netIncome": "20655000"}, {"fiscalDateEnding": "2008-09-30", "reportedCurrency": "USD", "grossProfit": "69869000", "totalRevenue": "104218000", "costOfRevenue": "34349000", "costofGoodsAndServicesSold": "34349000", "operatingIncome": "15308000", "sellingGeneralAndAdministrative": "6524000", "researchAndDevelopment": "0", "operatingExpenses": "69511000", "investmentIncomeNet": "None", "netInterestIncome": "None", "interestIncome": "None", "interestExpense": "19399000", "nonInterestIncome": "None", "otherNonOperatingIncome": "None", "depreciation": "None", "depreciationAndAmortization": "27952000", "incomeBeforeTax": "14686000", "incomeTaxExpense": "22802000", "interestAndDebtExpense": "None", "netIncomeFromContinuingOperations": "0", "comprehensiveIncomeNetOfTax": "None", "ebit": "34769000", "ebitda": "62721000", "netIncome": "14686000"}, {"fiscalDateEnding": "2008-06-30", "reportedCurrency": "USD", "grossProfit": "70243000", "totalRevenue": "104793000", "costOfRevenue": "34550000", "costofGoodsAndServicesSold": "34550000", "operatingIncome": "14552000", "sellingGeneralAndAdministrative": "6512000", "researchAndDevelopment": "0", "operatingExpenses": "55691000", "investmentIncomeNet": "None", "netInterestIncome": "None", "interestIncome": "None", "interestExpense": "19781000", "nonInterestIncome": "None", "otherNonOperatingIncome": "None", "depreciation": "None", "depreciationAndAmortization": "28683000", "incomeBeforeTax": "11999000", "incomeTaxExpense": "2913000", "interestAndDebtExpense": "None", "netIncomeFromContinuingOperations": "0", "comprehensiveIncomeNetOfTax": "None", "ebit": "14552000", "ebitda": "43235000", "netIncome": "11999000"}, {"fiscalDateEnding": "2008-03-31", "reportedCurrency": "USD", "grossProfit": "69723000", "totalRevenue": "102704000", "costOfRevenue": "32981000", "costofGoodsAndServicesSold": "32981000", "operatingIncome": "14459000", "sellingGeneralAndAdministrative": "6625000", "researchAndDevelopment": "0", "operatingExpenses": "55264000", "investmentIncomeNet": "None", "netInterestIncome": "None", "interestIncome": "None", "interestExpense": "20183000", "nonInterestIncome": "None", "otherNonOperatingIncome": "None", "depreciation": "None", "depreciationAndAmortization": "27734000", "incomeBeforeTax": "18014000", "incomeTaxExpense": "3075000", "interestAndDebtExpense": "None", "netIncomeFromContinuingOperations": "0", "comprehensiveIncomeNetOfTax": "None", "ebit": "14459000", "ebitda": "42193000", "netIncome": "18014000"}, {"fiscalDateEnding": "2007-12-31", "reportedCurrency": "USD", "grossProfit": "96013000", "totalRevenue": "96013000", "costOfRevenue": "70178000", "costofGoodsAndServicesSold": "70178000", "operatingIncome": "4702000", "sellingGeneralAndAdministrative": "7754000", "researchAndDevelopment": "0", "operatingExpenses": "69308000", "investmentIncomeNet": "None", "netInterestIncome": "None", "interestIncome": "None", "interestExpense": "23790000", "nonInterestIncome": "None", "otherNonOperatingIncome": "None", "depreciation": "None", "depreciationAndAmortization": "27934000", "incomeBeforeTax": "3399000", "incomeTaxExpense": "400000", "interestAndDebtExpense": "None", "netIncomeFromContinuingOperations": "0", "comprehensiveIncomeNetOfTax": "None", "ebit": "26705000", "ebitda": "54639000", "netIncome": "53597000"}, {"fiscalDateEnding": "2007-09-30", "reportedCurrency": "USD", "grossProfit": "67550000", "totalRevenue": "101255000", "costOfRevenue": "33705000", "costofGoodsAndServicesSold": "33705000", "operatingIncome": "14580000", "sellingGeneralAndAdministrative": "6415000", "researchAndDevelopment": "0", "operatingExpenses": "66440000", "investmentIncomeNet": "None", "netInterestIncome": "None", "interestIncome": "None", "interestExpense": "19459000", "nonInterestIncome": "None", "otherNonOperatingIncome": "None", "depreciation": "None", "depreciationAndAmortization": "25612000", "incomeBeforeTax": "12260000", "incomeTaxExpense": "22507000", "interestAndDebtExpense": "None", "netIncomeFromContinuingOperations": "0", "comprehensiveIncomeNetOfTax": "None", "ebit": "14580000", "ebitda": "40192000", "netIncome": "12308000"}, {"fiscalDateEnding": "2007-06-30", "reportedCurrency": "USD", "grossProfit": "65986000", "totalRevenue": "98061000", "costOfRevenue": "32075000", "costofGoodsAndServicesSold": "32075000", "operatingIncome": "13643000", "sellingGeneralAndAdministrative": "6008000", "researchAndDevelopment": "0", "operatingExpenses": "84418000", "investmentIncomeNet": "None", "netInterestIncome": "None", "interestIncome": "None", "interestExpense": "20491000", "nonInterestIncome": "None", "otherNonOperatingIncome": "None", "depreciation": "None", "depreciationAndAmortization": "25166000", "incomeBeforeTax": "11902000", "incomeTaxExpense": "1456000", "interestAndDebtExpense": "None", "netIncomeFromContinuingOperations": "0", "comprehensiveIncomeNetOfTax": "None", "ebit": "13643000", "ebitda": "38809000", "netIncome": "12187000"}, {"fiscalDateEnding": "2007-03-31", "reportedCurrency": "USD", "grossProfit": "62362000", "totalRevenue": "93194000", "costOfRevenue": "30832000", "costofGoodsAndServicesSold": "30832000", "operatingIncome": "15646000", "sellingGeneralAndAdministrative": "6096000", "researchAndDevelopment": "0", "operatingExpenses": "77548000", "investmentIncomeNet": "None", "netInterestIncome": "None", "interestIncome": "None", "interestExpense": "18266000", "nonInterestIncome": "None", "otherNonOperatingIncome": "None", "depreciation": "None", "depreciationAndAmortization": "21677000", "incomeBeforeTax": "14503000", "incomeTaxExpense": "-21900000", "interestAndDebtExpense": "None", "netIncomeFromContinuingOperations": "0", "comprehensiveIncomeNetOfTax": "None", "ebit": "15646000", "ebitda": "37323000", "netIncome": "37546000"}, {"fiscalDateEnding": "2006-12-31", "reportedCurrency": "USD", "grossProfit": "82959000", "totalRevenue": "82959000", "costOfRevenue": "58841000", "costofGoodsAndServicesSold": "58841000", "operatingIncome": "13080000", "sellingGeneralAndAdministrative": "7045000", "researchAndDevelopment": "0", "operatingExpenses": "126891000", "investmentIncomeNet": "None", "netInterestIncome": "None", "interestIncome": "None", "interestExpense": "19882000", "nonInterestIncome": "None", "otherNonOperatingIncome": "None", "depreciation": "None", "depreciationAndAmortization": "18715000", "incomeBeforeTax": "9778000", "incomeTaxExpense": "200000", "interestAndDebtExpense": "None", "netIncomeFromContinuingOperations": "0", "comprehensiveIncomeNetOfTax": "None", "ebit": "-43932000", "ebitda": "-25217000", "netIncome": "17437000"}, {"fiscalDateEnding": "2006-09-30", "reportedCurrency": "USD", "grossProfit": "265115000", "totalRevenue": "91542000", "costOfRevenue": "54981000", "costofGoodsAndServicesSold": "54981000", "operatingIncome": "15442000", "sellingGeneralAndAdministrative": "5289000", "researchAndDevelopment": "0", "operatingExpenses": "57575000", "investmentIncomeNet": "None", "netInterestIncome": "None", "interestIncome": "None", "interestExpense": "19877000", "nonInterestIncome": "None", "otherNonOperatingIncome": "None", "depreciation": "None", "depreciationAndAmortization": "20666000", "incomeBeforeTax": "11563000", "incomeTaxExpense": "150000", "interestAndDebtExpense": "None", "netIncomeFromContinuingOperations": "0", "comprehensiveIncomeNetOfTax": "None", "ebit": "12627000", "ebitda": "33293000", "netIncome": "12477000"}, {"fiscalDateEnding": "2006-06-30", "reportedCurrency": "USD", "grossProfit": "60700000", "totalRevenue": "91542000", "costOfRevenue": "30842000", "costofGoodsAndServicesSold": "30842000", "operatingIncome": "15442000", "sellingGeneralAndAdministrative": "5289000", "researchAndDevelopment": "0", "operatingExpenses": "57575000", "investmentIncomeNet": "None", "netInterestIncome": "None", "interestIncome": "None", "interestExpense": "20125000", "nonInterestIncome": "None", "otherNonOperatingIncome": "None", "depreciation": "None", "depreciationAndAmortization": "20666000", "incomeBeforeTax": "11563000", "incomeTaxExpense": "150000", "interestAndDebtExpense": "None", "netIncomeFromContinuingOperations": "0", "comprehensiveIncomeNetOfTax": "None", "ebit": "21022000", "ebitda": "41688000", "netIncome": "12477000"}, {"fiscalDateEnding": "2006-03-31", "reportedCurrency": "USD", "grossProfit": "86087000", "totalRevenue": "86087000", "costOfRevenue": "54019000", "costofGoodsAndServicesSold": "54019000", "operatingIncome": "29420000", "sellingGeneralAndAdministrative": "4899000", "researchAndDevelopment": "0", "operatingExpenses": "56667000", "investmentIncomeNet": "None", "netInterestIncome": "None", "interestIncome": "None", "interestExpense": "19657000", "nonInterestIncome": "None", "otherNonOperatingIncome": "None", "depreciation": "None", "depreciationAndAmortization": "20091000", "incomeBeforeTax": "7574000", "incomeTaxExpense": "37000", "interestAndDebtExpense": "None", "netIncomeFromContinuingOperations": "0", "comprehensiveIncomeNetOfTax": "None", "ebit": "9159000", "ebitda": "29250000", "netIncome": "10322000"}, {"fiscalDateEnding": "2005-12-31", "reportedCurrency": "USD", "grossProfit": "83332000", "totalRevenue": "83332000", "costOfRevenue": "54533000", "costofGoodsAndServicesSold": "54533000", "operatingIncome": "26682000", "sellingGeneralAndAdministrative": "5574000", "researchAndDevelopment": "0", "operatingExpenses": "56650000", "investmentIncomeNet": "None", "netInterestIncome": "None", "interestIncome": "None", "interestExpense": "19003000", "nonInterestIncome": "None", "otherNonOperatingIncome": "None", "depreciation": "None", "depreciationAndAmortization": "20033000", "incomeBeforeTax": "5365000", "incomeTaxExpense": "152000", "interestAndDebtExpense": "None", "netIncomeFromContinuingOperations": "0", "comprehensiveIncomeNetOfTax": "None", "ebit": "26682000", "ebitda": "46715000", "netIncome": "5213000"}, {"fiscalDateEnding": "2005-09-30", "reportedCurrency": "USD", "grossProfit": "55162000", "totalRevenue": "81820000", "costOfRevenue": "26658000", "costofGoodsAndServicesSold": "26658000", "operatingIncome": "28428000", "sellingGeneralAndAdministrative": "4560000", "researchAndDevelopment": "0", "operatingExpenses": "53392000", "investmentIncomeNet": "None", "netInterestIncome": "None", "interestIncome": "None", "interestExpense": "16921000", "nonInterestIncome": "None", "otherNonOperatingIncome": "None", "depreciation": "None", "depreciationAndAmortization": "20323000", "incomeBeforeTax": "9932000", "incomeTaxExpense": "1185000", "interestAndDebtExpense": "None", "netIncomeFromContinuingOperations": "0", "comprehensiveIncomeNetOfTax": "None", "ebit": "28428000", "ebitda": "48751000", "netIncome": "8747000"}, {"fiscalDateEnding": "2005-06-30", "reportedCurrency": "USD", "grossProfit": "48022000", "totalRevenue": "78896000", "costOfRevenue": "30874000", "costofGoodsAndServicesSold": "30874000", "operatingIncome": "26619000", "sellingGeneralAndAdministrative": "4573000", "researchAndDevelopment": "0", "operatingExpenses": "52277000", "investmentIncomeNet": "None", "netInterestIncome": "None", "interestIncome": "None", "interestExpense": "19227000", "nonInterestIncome": "None", "otherNonOperatingIncome": "None", "depreciation": "None", "depreciationAndAmortization": "20043000", "incomeBeforeTax": "37778000", "incomeTaxExpense": "-12545000", "interestAndDebtExpense": "None", "netIncomeFromContinuingOperations": "0", "comprehensiveIncomeNetOfTax": "None", "ebit": "26619000", "ebitda": "46662000", "netIncome": "38878000"}, {"fiscalDateEnding": "2005-03-31", "reportedCurrency": "USD", "grossProfit": "63618000", "totalRevenue": "77321000", "costOfRevenue": "13703000", "costofGoodsAndServicesSold": "13703000", "operatingIncome": "26874000", "sellingGeneralAndAdministrative": "11861000", "researchAndDevelopment": "0", "operatingExpenses": "50447000", "investmentIncomeNet": "None", "netInterestIncome": "None", "interestIncome": "None", "interestExpense": "18680000", "nonInterestIncome": "None", "otherNonOperatingIncome": "None", "depreciation": "None", "depreciationAndAmortization": "19727000", "incomeBeforeTax": "26877000", "incomeTaxExpense": "-3000", "interestAndDebtExpense": "None", "netIncomeFromContinuingOperations": "0", "comprehensiveIncomeNetOfTax": "None", "ebit": "25176000", "ebitda": "44903000", "netIncome": "26877000"}, {"fiscalDateEnding": "2004-12-31", "reportedCurrency": "USD", "grossProfit": "281438000", "totalRevenue": "74412000", "costOfRevenue": "-207026000", "costofGoodsAndServicesSold": "-207026000", "operatingIncome": "25883000", "sellingGeneralAndAdministrative": "11814000", "researchAndDevelopment": "0", "operatingExpenses": "48529000", "investmentIncomeNet": "None", "netInterestIncome": "None", "interestIncome": "None", "interestExpense": "17646000", "nonInterestIncome": "None", "otherNonOperatingIncome": "None", "depreciation": "None", "depreciationAndAmortization": "18200000", "incomeBeforeTax": "79693000", "incomeTaxExpense": "47193000", "interestAndDebtExpense": "None", "netIncomeFromContinuingOperations": "0", "comprehensiveIncomeNetOfTax": "None", "ebit": "25883000", "ebitda": "44083000", "netIncome": "32513000"}]}