{"symbol": "SYF", "annualReports": [{"fiscalDateEnding": "2024-12-31", "reportedCurrency": "USD", "grossProfit": "9392000000", "totalRevenue": "16125000000", "costOfRevenue": "6733000000", "costofGoodsAndServicesSold": "6733000000", "operatingIncome": "5257000000", "sellingGeneralAndAdministrative": "1739000000", "researchAndDevelopment": "None", "operatingExpenses": "4135000000", "investmentIncomeNet": "None", "netInterestIncome": "18011000000", "interestIncome": "22645000000", "interestExpense": "4634000000", "nonInterestIncome": "None", "otherNonOperatingIncome": "None", "depreciation": "None", "depreciationAndAmortization": "None", "incomeBeforeTax": "4553000000", "incomeTaxExpense": "1054000000", "interestAndDebtExpense": "None", "netIncomeFromContinuingOperations": "3499000000", "comprehensiveIncomeNetOfTax": "None", "ebit": "None", "ebitda": "None", "netIncome": "3499000000"}, {"fiscalDateEnding": "2023-12-31", "reportedCurrency": "USD", "grossProfit": "7662000000", "totalRevenue": "7662000000", "costOfRevenue": "3246000000", "costofGoodsAndServicesSold": "3246000000", "operatingIncome": "3663000000", "sellingGeneralAndAdministrative": "1841000000", "researchAndDevelopment": "0.17", "operatingExpenses": "3922000000", "investmentIncomeNet": "None", "netInterestIncome": "16999000000", "interestIncome": "20710000000", "interestExpense": "3711000000", "nonInterestIncome": "None", "otherNonOperatingIncome": "None", "depreciation": "None", "depreciationAndAmortization": "458000000", "incomeBeforeTax": "2904000000", "incomeTaxExpense": "666000000", "interestAndDebtExpense": "None", "netIncomeFromContinuingOperations": "2238000000", "comprehensiveIncomeNetOfTax": "None", "ebit": "3663000000", "ebitda": "4121000000", "netIncome": "2238000000"}, {"fiscalDateEnding": "2022-12-31", "reportedCurrency": "USD", "grossProfit": "14635000000", "totalRevenue": "16005000000", "costOfRevenue": "1370000000", "costofGoodsAndServicesSold": "1370000000", "operatingIncome": "5441000000", "sellingGeneralAndAdministrative": "1681000000", "researchAndDevelopment": "0.30", "operatingExpenses": "1319000000", "investmentIncomeNet": "None", "netInterestIncome": "15625000000", "interestIncome": "17146000000", "interestExpense": "1521000000", "nonInterestIncome": "None", "otherNonOperatingIncome": "None", "depreciation": "None", "depreciationAndAmortization": "8720000000", "incomeBeforeTax": "3962000000", "incomeTaxExpense": "946000000", "interestAndDebtExpense": "None", "netIncomeFromContinuingOperations": "3016000000", "comprehensiveIncomeNetOfTax": "None", "ebit": "-3826000000", "ebitda": "4894000000", "netIncome": "3016000000"}, {"fiscalDateEnding": "2021-12-31", "reportedCurrency": "USD", "grossProfit": "9287000000", "totalRevenue": "10192000000", "costOfRevenue": "905000000", "costofGoodsAndServicesSold": "905000000", "operatingIncome": "5503000000", "sellingGeneralAndAdministrative": "1501000000", "researchAndDevelopment": "0.49", "operatingExpenses": "-4689000000", "investmentIncomeNet": "None", "netInterestIncome": "14239000000", "interestIncome": "15271000000", "interestExpense": "1032000000", "nonInterestIncome": "None", "otherNonOperatingIncome": "None", "depreciation": "None", "depreciationAndAmortization": "5255000000", "incomeBeforeTax": "5503000000", "incomeTaxExpense": "1282000000", "interestAndDebtExpense": "None", "netIncomeFromContinuingOperations": "4221000000", "comprehensiveIncomeNetOfTax": "None", "ebit": "1104000000", "ebitda": "6359000000", "netIncome": "4221000000"}, {"fiscalDateEnding": "2020-12-31", "reportedCurrency": "USD", "grossProfit": "9741000000", "totalRevenue": "11162000000", "costOfRevenue": "1421000000", "costofGoodsAndServicesSold": "1421000000", "operatingIncome": "1797000000", "sellingGeneralAndAdministrative": "1380000000", "researchAndDevelopment": "0.14", "operatingExpenses": "-1817000000", "investmentIncomeNet": "None", "netInterestIncome": "14402000000", "interestIncome": "16067000000", "interestExpense": "1665000000", "nonInterestIncome": "None", "otherNonOperatingIncome": "None", "depreciation": "None", "depreciationAndAmortization": "10372000000", "incomeBeforeTax": "1797000000", "incomeTaxExpense": "412000000", "interestAndDebtExpense": "None", "netIncomeFromContinuingOperations": "1385000000", "comprehensiveIncomeNetOfTax": "None", "ebit": "-7534000000", "ebitda": "2838000000", "netIncome": "1385000000"}, {"fiscalDateEnding": "2019-12-31", "reportedCurrency": "USD", "grossProfit": "11445000000", "totalRevenue": "13312000000", "costOfRevenue": "1867000000", "costofGoodsAndServicesSold": "1867000000", "operatingIncome": "4887000000", "sellingGeneralAndAdministrative": "1455000000", "researchAndDevelopment": "0.31", "operatingExpenses": "-1854000000", "investmentIncomeNet": "None", "netInterestIncome": "16799000000", "interestIncome": "19090000000", "interestExpense": "2291000000", "nonInterestIncome": "None", "otherNonOperatingIncome": "None", "depreciation": "None", "depreciationAndAmortization": "9991000000", "incomeBeforeTax": "4887000000", "incomeTaxExpense": "1140000000", "interestAndDebtExpense": "None", "netIncomeFromContinuingOperations": "3747000000", "comprehensiveIncomeNetOfTax": "None", "ebit": "-4012000000", "ebitda": "5979000000", "netIncome": "3747000000"}, {"fiscalDateEnding": "2018-12-31", "reportedCurrency": "USD", "grossProfit": "11858000000", "totalRevenue": "13284000000", "costOfRevenue": "1426000000", "costofGoodsAndServicesSold": "1426000000", "operatingIncome": "5514000000", "sellingGeneralAndAdministrative": "1427000000", "researchAndDevelopment": "0.24", "operatingExpenses": "-1144000000", "investmentIncomeNet": "None", "netInterestIncome": "16118000000", "interestIncome": "17988000000", "interestExpense": "1870000000", "nonInterestIncome": "None", "otherNonOperatingIncome": "None", "depreciation": "None", "depreciationAndAmortization": "11510000000", "incomeBeforeTax": "3644000000", "incomeTaxExpense": "854000000", "interestAndDebtExpense": "None", "netIncomeFromContinuingOperations": "4498000000", "comprehensiveIncomeNetOfTax": "None", "ebit": "-7564000000", "ebitda": "3946000000", "netIncome": "2790000000"}, {"fiscalDateEnding": "2017-12-31", "reportedCurrency": "USD", "grossProfit": "11323000000", "totalRevenue": "12367000000", "costOfRevenue": "1044000000", "costofGoodsAndServicesSold": "1044000000", "operatingIncome": "4715000000", "sellingGeneralAndAdministrative": "1314000000", "researchAndDevelopment": "0.24", "operatingExpenses": "-1125000000", "investmentIncomeNet": "None", "netInterestIncome": "15016000000", "interestIncome": "16407000000", "interestExpense": "1391000000", "nonInterestIncome": "None", "otherNonOperatingIncome": "None", "depreciation": "None", "depreciationAndAmortization": "10434000000", "incomeBeforeTax": "3324000000", "incomeTaxExpense": "1389000000", "interestAndDebtExpense": "None", "netIncomeFromContinuingOperations": "4713000000", "comprehensiveIncomeNetOfTax": "None", "ebit": "-6856000000", "ebitda": "3578000000", "netIncome": "1935000000"}, {"fiscalDateEnding": "2016-12-31", "reportedCurrency": "USD", "grossProfit": "10071000000", "totalRevenue": "10972000000", "costOfRevenue": "901000000", "costofGoodsAndServicesSold": "901000000", "operatingIncome": "4818000000", "sellingGeneralAndAdministrative": "1207000000", "researchAndDevelopment": "0.29", "operatingExpenses": "-1272000000", "investmentIncomeNet": "None", "netInterestIncome": "13530000000", "interestIncome": "14778000000", "interestExpense": "1248000000", "nonInterestIncome": "None", "otherNonOperatingIncome": "None", "depreciation": "None", "depreciationAndAmortization": "8650000000", "incomeBeforeTax": "3570000000", "incomeTaxExpense": "1319000000", "interestAndDebtExpense": "None", "netIncomeFromContinuingOperations": "4889000000", "comprehensiveIncomeNetOfTax": "None", "ebit": "-4861000000", "ebitda": "3789000000", "netIncome": "2251000000"}, {"fiscalDateEnding": "2015-12-31", "reportedCurrency": "USD", "grossProfit": "8993000000", "totalRevenue": "9747000000", "costOfRevenue": "754000000", "costofGoodsAndServicesSold": "754000000", "operatingIncome": "4666000000", "sellingGeneralAndAdministrative": "1042000000", "researchAndDevelopment": "0", "operatingExpenses": "-1263000000", "investmentIncomeNet": "None", "netInterestIncome": "12093000000", "interestIncome": "13228000000", "interestExpense": "1135000000", "nonInterestIncome": "None", "otherNonOperatingIncome": "None", "depreciation": "None", "depreciationAndAmortization": "174000000", "incomeBeforeTax": "3531000000", "incomeTaxExpense": "1317000000", "interestAndDebtExpense": "None", "netIncomeFromContinuingOperations": "4848000000", "comprehensiveIncomeNetOfTax": "None", "ebit": "3531000000", "ebitda": "3705000000", "netIncome": "2214000000"}, {"fiscalDateEnding": "2014-12-31", "reportedCurrency": "USD", "grossProfit": "9230000000", "totalRevenue": "9230000000", "costOfRevenue": "-2575000000", "costofGoodsAndServicesSold": "-2575000000", "operatingIncome": "4308000000", "sellingGeneralAndAdministrative": "866000000", "researchAndDevelopment": "0", "operatingExpenses": "-1249000000", "investmentIncomeNet": "None", "netInterestIncome": "None", "interestIncome": "None", "interestExpense": "922000000", "nonInterestIncome": "None", "otherNonOperatingIncome": "None", "depreciation": "None", "depreciationAndAmortization": "131000000", "incomeBeforeTax": "3386000000", "incomeTaxExpense": "1277000000", "interestAndDebtExpense": "None", "netIncomeFromContinuingOperations": "4663000000", "comprehensiveIncomeNetOfTax": "None", "ebit": "4308000000", "ebitda": "4439000000", "netIncome": "2109000000"}, {"fiscalDateEnding": "2013-12-31", "reportedCurrency": "USD", "grossProfit": "11071000000", "totalRevenue": "11071000000", "costOfRevenue": "8199000000", "costofGoodsAndServicesSold": "8199000000", "operatingIncome": "3884000000", "sellingGeneralAndAdministrative": "698000000", "researchAndDevelopment": "None", "operatingExpenses": "-1406000000", "investmentIncomeNet": "None", "netInterestIncome": "None", "interestIncome": "None", "interestExpense": "742000000", "nonInterestIncome": "None", "otherNonOperatingIncome": "None", "depreciation": "None", "depreciationAndAmortization": "104000000", "incomeBeforeTax": "3142000000", "incomeTaxExpense": "1163000000", "interestAndDebtExpense": "None", "netIncomeFromContinuingOperations": "None", "comprehensiveIncomeNetOfTax": "None", "ebit": "3884000000", "ebitda": "3988000000", "netIncome": "1979000000"}, {"fiscalDateEnding": "2012-12-31", "reportedCurrency": "USD", "grossProfit": "10048000000", "totalRevenue": "10048000000", "costOfRevenue": "6951000000", "costofGoodsAndServicesSold": "6951000000", "operatingIncome": "4121000000", "sellingGeneralAndAdministrative": "620000000", "researchAndDevelopment": "None", "operatingExpenses": "-1156000000", "investmentIncomeNet": "None", "netInterestIncome": "None", "interestIncome": "None", "interestExpense": "745000000", "nonInterestIncome": "None", "otherNonOperatingIncome": "None", "depreciation": "None", "depreciationAndAmortization": "83000000", "incomeBeforeTax": "3376000000", "incomeTaxExpense": "1257000000", "interestAndDebtExpense": "None", "netIncomeFromContinuingOperations": "None", "comprehensiveIncomeNetOfTax": "None", "ebit": "4121000000", "ebitda": "4204000000", "netIncome": "2119000000"}, {"fiscalDateEnding": "2011-12-31", "reportedCurrency": "USD", "grossProfit": "8706000000", "totalRevenue": "8706000000", "costOfRevenue": "None", "costofGoodsAndServicesSold": "None", "operatingIncome": "3942000000", "sellingGeneralAndAdministrative": "596000000", "researchAndDevelopment": "None", "operatingExpenses": "-611000000", "investmentIncomeNet": "None", "netInterestIncome": "None", "interestIncome": "None", "interestExpense": "932000000", "nonInterestIncome": "None", "otherNonOperatingIncome": "None", "depreciation": "None", "depreciationAndAmortization": "96000000", "incomeBeforeTax": "3010000000", "incomeTaxExpense": "1120000000", "interestAndDebtExpense": "None", "netIncomeFromContinuingOperations": "None", "comprehensiveIncomeNetOfTax": "None", "ebit": "3942000000", "ebitda": "4038000000", "netIncome": "1890000000"}], "quarterlyReports": [{"fiscalDateEnding": "2024-12-31", "reportedCurrency": "USD", "grossProfit": "3921000000", "totalRevenue": "3801000000", "costOfRevenue": "-120000000", "costofGoodsAndServicesSold": "-120000000", "operatingIncome": "973000000", "sellingGeneralAndAdministrative": "435000000", "researchAndDevelopment": "None", "operatingExpenses": "2828000000", "investmentIncomeNet": "None", "netInterestIncome": "4592000000", "interestIncome": "5710000000", "interestExpense": "1118000000", "nonInterestIncome": "None", "otherNonOperatingIncome": "None", "depreciation": "None", "depreciationAndAmortization": "120000000", "incomeBeforeTax": "973000000", "incomeTaxExpense": "199000000", "interestAndDebtExpense": "None", "netIncomeFromContinuingOperations": "774000000", "comprehensiveIncomeNetOfTax": "None", "ebit": "973000000", "ebitda": "1093000000", "netIncome": "774000000"}, {"fiscalDateEnding": "2024-09-30", "reportedCurrency": "USD", "grossProfit": "2846000000", "totalRevenue": "3814000000", "costOfRevenue": "968000000", "costofGoodsAndServicesSold": "968000000", "operatingIncome": "1236000000", "sellingGeneralAndAdministrative": "464000000", "researchAndDevelopment": "None", "operatingExpenses": "2786000000", "investmentIncomeNet": "None", "netInterestIncome": "4609000000", "interestIncome": "5785000000", "interestExpense": "1176000000", "nonInterestIncome": "None", "otherNonOperatingIncome": "None", "depreciation": "None", "depreciationAndAmortization": "121000000", "incomeBeforeTax": "1028000000", "incomeTaxExpense": "239000000", "interestAndDebtExpense": "None", "netIncomeFromContinuingOperations": "789000000", "comprehensiveIncomeNetOfTax": "None", "ebit": "1198000000", "ebitda": "1319000000", "netIncome": "789000000"}, {"fiscalDateEnding": "2024-06-30", "reportedCurrency": "USD", "grossProfit": "3842000000", "totalRevenue": "4889000000", "costOfRevenue": "1047000000", "costofGoodsAndServicesSold": "1047000000", "operatingIncome": "2745000000", "sellingGeneralAndAdministrative": "434000000", "researchAndDevelopment": "None", "operatingExpenses": "1177000000", "investmentIncomeNet": "None", "netInterestIncome": "4405000000", "interestIncome": "5582000000", "interestExpense": "1177000000", "nonInterestIncome": "None", "otherNonOperatingIncome": "None", "depreciation": "None", "depreciationAndAmortization": "80000000", "incomeBeforeTax": "844000000", "incomeTaxExpense": "201000000", "interestAndDebtExpense": "None", "netIncomeFromContinuingOperations": "643000000", "comprehensiveIncomeNetOfTax": "None", "ebit": "2745000000", "ebitda": "2825000000", "netIncome": "643000000"}, {"fiscalDateEnding": "2024-03-31", "reportedCurrency": "USD", "grossProfit": "5007000000", "totalRevenue": "5961000000", "costOfRevenue": "954000000", "costofGoodsAndServicesSold": "954000000", "operatingIncome": "3801000000", "sellingGeneralAndAdministrative": "496000000", "researchAndDevelopment": "None", "operatingExpenses": "1206000000", "investmentIncomeNet": "None", "netInterestIncome": "4405000000", "interestIncome": "5568000000", "interestExpense": "1163000000", "nonInterestIncome": "None", "otherNonOperatingIncome": "None", "depreciation": "None", "depreciationAndAmortization": "80000000", "incomeBeforeTax": "1708000000", "incomeTaxExpense": "415000000", "interestAndDebtExpense": "None", "netIncomeFromContinuingOperations": "1293000000", "comprehensiveIncomeNetOfTax": "None", "ebit": "3710000000", "ebitda": "3790000000", "netIncome": "1293000000"}, {"fiscalDateEnding": "2023-12-31", "reportedCurrency": "USD", "grossProfit": "2704000000", "totalRevenue": "3659000000", "costOfRevenue": "955000000", "costofGoodsAndServicesSold": "955000000", "operatingIncome": "539000000", "sellingGeneralAndAdministrative": "538000000", "researchAndDevelopment": "None", "operatingExpenses": "-3120000000", "investmentIncomeNet": "None", "netInterestIncome": "4466000000", "interestIncome": "5549000000", "interestExpense": "1083000000", "nonInterestIncome": "None", "otherNonOperatingIncome": "None", "depreciation": "None", "depreciationAndAmortization": "77000000", "incomeBeforeTax": "539000000", "incomeTaxExpense": "99000000", "interestAndDebtExpense": "None", "netIncomeFromContinuingOperations": "440000000", "comprehensiveIncomeNetOfTax": "None", "ebit": "785000000", "ebitda": "862000000", "netIncome": "440000000"}, {"fiscalDateEnding": "2023-09-30", "reportedCurrency": "USD", "grossProfit": "4452000000", "totalRevenue": "5354000000", "costOfRevenue": "902000000", "costofGoodsAndServicesSold": "902000000", "operatingIncome": "833000000", "sellingGeneralAndAdministrative": "219000000", "researchAndDevelopment": "None", "operatingExpenses": "344000000", "investmentIncomeNet": "None", "netInterestIncome": "4362000000", "interestIncome": "5354000000", "interestExpense": "992000000", "nonInterestIncome": "None", "otherNonOperatingIncome": "None", "depreciation": "None", "depreciationAndAmortization": "102000000", "incomeBeforeTax": "833000000", "incomeTaxExpense": "205000000", "interestAndDebtExpense": "None", "netIncomeFromContinuingOperations": "628000000", "comprehensiveIncomeNetOfTax": "None", "ebit": "1039000000", "ebitda": "1141000000", "netIncome": "628000000"}, {"fiscalDateEnding": "2023-06-30", "reportedCurrency": "USD", "grossProfit": "2478000000", "totalRevenue": "3294000000", "costOfRevenue": "816000000", "costofGoodsAndServicesSold": "816000000", "operatingIncome": "1530000000", "sellingGeneralAndAdministrative": "451000000", "researchAndDevelopment": "None", "operatingExpenses": "342000000", "investmentIncomeNet": "None", "netInterestIncome": "4120000000", "interestIncome": "5021000000", "interestExpense": "901000000", "nonInterestIncome": "None", "otherNonOperatingIncome": "None", "depreciation": "None", "depreciationAndAmortization": "99000000", "incomeBeforeTax": "742000000", "incomeTaxExpense": "173000000", "interestAndDebtExpense": "None", "netIncomeFromContinuingOperations": "569000000", "comprehensiveIncomeNetOfTax": "None", "ebit": "940000000", "ebitda": "1039000000", "netIncome": "569000000"}, {"fiscalDateEnding": "2023-03-31", "reportedCurrency": "USD", "grossProfit": "3199000000", "totalRevenue": "3199000000", "costOfRevenue": "654000000", "costofGoodsAndServicesSold": "654000000", "operatingIncome": "790000000", "sellingGeneralAndAdministrative": "451000000", "researchAndDevelopment": "None", "operatingExpenses": "2409000000", "investmentIncomeNet": "None", "netInterestIncome": "4051000000", "interestIncome": "4786000000", "interestExpense": "735000000", "nonInterestIncome": "None", "otherNonOperatingIncome": "None", "depreciation": "None", "depreciationAndAmortization": "111000000", "incomeBeforeTax": "790000000", "incomeTaxExpense": "189000000", "interestAndDebtExpense": "None", "netIncomeFromContinuingOperations": "601000000", "comprehensiveIncomeNetOfTax": "None", "ebit": "790000000", "ebitda": "901000000", "netIncome": "601000000"}, {"fiscalDateEnding": "2022-12-31", "reportedCurrency": "USD", "grossProfit": "3093000000", "totalRevenue": "3093000000", "costOfRevenue": "528000000", "costofGoodsAndServicesSold": "528000000", "operatingIncome": "1312000000", "sellingGeneralAndAdministrative": "459000000", "researchAndDevelopment": "None", "operatingExpenses": "3093000000", "investmentIncomeNet": "None", "netInterestIncome": "4106000000", "interestIncome": "4708000000", "interestExpense": "602000000", "nonInterestIncome": "None", "otherNonOperatingIncome": "None", "depreciation": "None", "depreciationAndAmortization": "101000000", "incomeBeforeTax": "741000000", "incomeTaxExpense": "164000000", "interestAndDebtExpense": "None", "netIncomeFromContinuingOperations": "577000000", "comprehensiveIncomeNetOfTax": "None", "ebit": "1312000000", "ebitda": "1413000000", "netIncome": "577000000"}, {"fiscalDateEnding": "2022-09-30", "reportedCurrency": "USD", "grossProfit": "4342000000", "totalRevenue": "4342000000", "costOfRevenue": "370000000", "costofGoodsAndServicesSold": "370000000", "operatingIncome": "1942000000", "sellingGeneralAndAdministrative": "319000000", "researchAndDevelopment": "None", "operatingExpenses": "1986000000", "investmentIncomeNet": "None", "netInterestIncome": "3928000000", "interestIncome": "4342000000", "interestExpense": "414000000", "nonInterestIncome": "None", "otherNonOperatingIncome": "None", "depreciation": "None", "depreciationAndAmortization": "318000000", "incomeBeforeTax": "922000000", "incomeTaxExpense": "219000000", "interestAndDebtExpense": "None", "netIncomeFromContinuingOperations": "703000000", "comprehensiveIncomeNetOfTax": "None", "ebit": "1325000000", "ebitda": "1430000000", "netIncome": "703000000"}, {"fiscalDateEnding": "2022-06-30", "reportedCurrency": "USD", "grossProfit": "4000000000", "totalRevenue": "4074000000", "costOfRevenue": "252000000", "costofGoodsAndServicesSold": "252000000", "operatingIncome": "2223000000", "sellingGeneralAndAdministrative": "404000000", "researchAndDevelopment": "None", "operatingExpenses": "1851000000", "investmentIncomeNet": "None", "netInterestIncome": "3802000000", "interestIncome": "4074000000", "interestExpense": "272000000", "nonInterestIncome": "None", "otherNonOperatingIncome": "None", "depreciation": "None", "depreciationAndAmortization": "106000000", "incomeBeforeTax": "1066000000", "incomeTaxExpense": "262000000", "interestAndDebtExpense": "None", "netIncomeFromContinuingOperations": "804000000", "comprehensiveIncomeNetOfTax": "None", "ebit": "1338000000", "ebitda": "1444000000", "netIncome": "804000000"}, {"fiscalDateEnding": "2022-03-31", "reportedCurrency": "USD", "grossProfit": "3897000000", "totalRevenue": "4022000000", "costOfRevenue": "220000000", "costofGoodsAndServicesSold": "220000000", "operatingIncome": "2397000000", "sellingGeneralAndAdministrative": "402000000", "researchAndDevelopment": "None", "operatingExpenses": "1625000000", "investmentIncomeNet": "None", "netInterestIncome": "3789000000", "interestIncome": "4022000000", "interestExpense": "233000000", "nonInterestIncome": "None", "otherNonOperatingIncome": "None", "depreciation": "None", "depreciationAndAmortization": "107000000", "incomeBeforeTax": "1233000000", "incomeTaxExpense": "301000000", "interestAndDebtExpense": "None", "netIncomeFromContinuingOperations": "932000000", "comprehensiveIncomeNetOfTax": "None", "ebit": "1466000000", "ebitda": "1573000000", "netIncome": "932000000"}, {"fiscalDateEnding": "2021-12-31", "reportedCurrency": "USD", "grossProfit": "3997000000", "totalRevenue": "4359000000", "costOfRevenue": "-1267000000", "costofGoodsAndServicesSold": "-1267000000", "operatingIncome": "4529000000", "sellingGeneralAndAdministrative": "409000000", "researchAndDevelopment": "None", "operatingExpenses": "-2727000000", "investmentIncomeNet": "None", "netInterestIncome": "4136000000", "interestIncome": "4053000000", "interestExpense": "223000000", "nonInterestIncome": "None", "otherNonOperatingIncome": "None", "depreciation": "None", "depreciationAndAmortization": "105000000", "incomeBeforeTax": "1047000000", "incomeTaxExpense": "234000000", "interestAndDebtExpense": "None", "netIncomeFromContinuingOperations": "813000000", "comprehensiveIncomeNetOfTax": "None", "ebit": "1270000000", "ebitda": "1375000000", "netIncome": "813000000"}, {"fiscalDateEnding": "2021-09-30", "reportedCurrency": "USD", "grossProfit": "3752000000", "totalRevenue": "3898000000", "costOfRevenue": "-1266000000", "costofGoodsAndServicesSold": "-1266000000", "operatingIncome": "1500000000", "sellingGeneralAndAdministrative": "369000000", "researchAndDevelopment": "None", "operatingExpenses": "306000000", "investmentIncomeNet": "None", "netInterestIncome": "3658000000", "interestIncome": "3898000000", "interestExpense": "240000000", "nonInterestIncome": "None", "otherNonOperatingIncome": "None", "depreciation": "None", "depreciationAndAmortization": "285000000", "incomeBeforeTax": "1500000000", "incomeTaxExpense": "359000000", "interestAndDebtExpense": "None", "netIncomeFromContinuingOperations": "1141000000", "comprehensiveIncomeNetOfTax": "None", "ebit": "1740000000", "ebitda": "1833000000", "netIncome": "1130000000"}, {"fiscalDateEnding": "2021-06-30", "reportedCurrency": "USD", "grossProfit": "2166000000", "totalRevenue": "2395000000", "costOfRevenue": "229000000", "costofGoodsAndServicesSold": "229000000", "operatingIncome": "1907000000", "sellingGeneralAndAdministrative": "359000000", "researchAndDevelopment": "None", "operatingExpenses": "303000000", "investmentIncomeNet": "None", "netInterestIncome": "3312000000", "interestIncome": "3578000000", "interestExpense": "266000000", "nonInterestIncome": "None", "otherNonOperatingIncome": "None", "depreciation": "None", "depreciationAndAmortization": "83000000", "incomeBeforeTax": "1641000000", "incomeTaxExpense": "399000000", "interestAndDebtExpense": "None", "netIncomeFromContinuingOperations": "1242000000", "comprehensiveIncomeNetOfTax": "None", "ebit": "1775000000", "ebitda": "1858000000", "netIncome": "1242000000"}, {"fiscalDateEnding": "2021-03-31", "reportedCurrency": "USD", "grossProfit": "3570000000", "totalRevenue": "3570000000", "costOfRevenue": "-989000000", "costofGoodsAndServicesSold": "-989000000", "operatingIncome": "1315000000", "sellingGeneralAndAdministrative": "364000000", "researchAndDevelopment": "None", "operatingExpenses": "1323000000", "investmentIncomeNet": "None", "netInterestIncome": "3439000000", "interestIncome": "3742000000", "interestExpense": "303000000", "nonInterestIncome": "None", "otherNonOperatingIncome": "None", "depreciation": "None", "depreciationAndAmortization": "95000000", "incomeBeforeTax": "1315000000", "incomeTaxExpense": "290000000", "interestAndDebtExpense": "None", "netIncomeFromContinuingOperations": "1025000000", "comprehensiveIncomeNetOfTax": "None", "ebit": "1618000000", "ebitda": "1713000000", "netIncome": "1025000000"}, {"fiscalDateEnding": "2020-12-31", "reportedCurrency": "USD", "grossProfit": "3741000000", "totalRevenue": "2694000000", "costOfRevenue": "-1047000000", "costofGoodsAndServicesSold": "-1047000000", "operatingIncome": "1278000000", "sellingGeneralAndAdministrative": "347000000", "researchAndDevelopment": "None", "operatingExpenses": "-561000000", "investmentIncomeNet": "None", "netInterestIncome": "3659000000", "interestIncome": "3993000000", "interestExpense": "334000000", "nonInterestIncome": "None", "otherNonOperatingIncome": "None", "depreciation": "None", "depreciationAndAmortization": "93000000", "incomeBeforeTax": "944000000", "incomeTaxExpense": "206000000", "interestAndDebtExpense": "None", "netIncomeFromContinuingOperations": "738000000", "comprehensiveIncomeNetOfTax": "None", "ebit": "1078000000", "ebitda": "1171000000", "netIncome": "738000000"}, {"fiscalDateEnding": "2020-09-30", "reportedCurrency": "USD", "grossProfit": "3588000000", "totalRevenue": "2689000000", "costOfRevenue": "-899000000", "costofGoodsAndServicesSold": "-899000000", "operatingIncome": "792000000", "sellingGeneralAndAdministrative": "382000000", "researchAndDevelopment": "None", "operatingExpenses": "294000000", "investmentIncomeNet": "None", "netInterestIncome": "3457000000", "interestIncome": "3837000000", "interestExpense": "380000000", "nonInterestIncome": "None", "otherNonOperatingIncome": "None", "depreciation": "None", "depreciationAndAmortization": "97000000", "incomeBeforeTax": "412000000", "incomeTaxExpense": "99000000", "interestAndDebtExpense": "None", "netIncomeFromContinuingOperations": "313000000", "comprehensiveIncomeNetOfTax": "None", "ebit": "501000000", "ebitda": "598000000", "netIncome": "313000000"}, {"fiscalDateEnding": "2020-06-30", "reportedCurrency": "USD", "grossProfit": "2718000000", "totalRevenue": "2718000000", "costOfRevenue": "-773000000", "costofGoodsAndServicesSold": "-773000000", "operatingIncome": "493000000", "sellingGeneralAndAdministrative": "327000000", "researchAndDevelopment": "None", "operatingExpenses": "280000000", "investmentIncomeNet": "None", "netInterestIncome": "3396000000", "interestIncome": "3830000000", "interestExpense": "434000000", "nonInterestIncome": "None", "otherNonOperatingIncome": "None", "depreciation": "None", "depreciationAndAmortization": "97000000", "incomeBeforeTax": "59000000", "incomeTaxExpense": "11000000", "interestAndDebtExpense": "None", "netIncomeFromContinuingOperations": "48000000", "comprehensiveIncomeNetOfTax": "None", "ebit": "493000000", "ebitda": "590000000", "netIncome": "48000000"}, {"fiscalDateEnding": "2020-03-31", "reportedCurrency": "USD", "grossProfit": "3061000000", "totalRevenue": "3061000000", "costOfRevenue": "-926000000", "costofGoodsAndServicesSold": "-926000000", "operatingIncome": "899000000", "sellingGeneralAndAdministrative": "324000000", "researchAndDevelopment": "None", "operatingExpenses": "308000000", "investmentIncomeNet": "None", "netInterestIncome": "3890000000", "interestIncome": "4407000000", "interestExpense": "517000000", "nonInterestIncome": "None", "otherNonOperatingIncome": "None", "depreciation": "None", "depreciationAndAmortization": "96000000", "incomeBeforeTax": "382000000", "incomeTaxExpense": "96000000", "interestAndDebtExpense": "None", "netIncomeFromContinuingOperations": "286000000", "comprehensiveIncomeNetOfTax": "None", "ebit": "899000000", "ebitda": "995000000", "netIncome": "286000000"}, {"fiscalDateEnding": "2019-12-31", "reportedCurrency": "USD", "grossProfit": "3104000000", "totalRevenue": "3104000000", "costOfRevenue": "-1029000000", "costofGoodsAndServicesSold": "-1029000000", "operatingIncome": "1477000000", "sellingGeneralAndAdministrative": "385000000", "researchAndDevelopment": "None", "operatingExpenses": "-492000000", "investmentIncomeNet": "None", "netInterestIncome": "4029000000", "interestIncome": "4585000000", "interestExpense": "556000000", "nonInterestIncome": "None", "otherNonOperatingIncome": "None", "depreciation": "None", "depreciationAndAmortization": "94000000", "incomeBeforeTax": "921000000", "incomeTaxExpense": "190000000", "interestAndDebtExpense": "None", "netIncomeFromContinuingOperations": "731000000", "comprehensiveIncomeNetOfTax": "None", "ebit": "1094000000", "ebitda": "1188000000", "netIncome": "731000000"}, {"fiscalDateEnding": "2019-09-30", "reportedCurrency": "USD", "grossProfit": "3458000000", "totalRevenue": "3458000000", "costOfRevenue": "-1016000000", "costofGoodsAndServicesSold": "-1016000000", "operatingIncome": "1967000000", "sellingGeneralAndAdministrative": "359000000", "researchAndDevelopment": "None", "operatingExpenses": "344000000", "investmentIncomeNet": "None", "netInterestIncome": "4389000000", "interestIncome": "4981000000", "interestExpense": "592000000", "nonInterestIncome": "None", "otherNonOperatingIncome": "None", "depreciation": "None", "depreciationAndAmortization": "94000000", "incomeBeforeTax": "1375000000", "incomeTaxExpense": "319000000", "interestAndDebtExpense": "None", "netIncomeFromContinuingOperations": "1056000000", "comprehensiveIncomeNetOfTax": "None", "ebit": "1375000000", "ebitda": "1469000000", "netIncome": "1056000000"}, {"fiscalDateEnding": "2019-06-30", "reportedCurrency": "USD", "grossProfit": "3386000000", "totalRevenue": "3386000000", "costOfRevenue": "-859000000", "costofGoodsAndServicesSold": "-859000000", "operatingIncome": "1712000000", "sellingGeneralAndAdministrative": "358000000", "researchAndDevelopment": "None", "operatingExpenses": "366000000", "investmentIncomeNet": "None", "netInterestIncome": "4155000000", "interestIncome": "4738000000", "interestExpense": "583000000", "nonInterestIncome": "None", "otherNonOperatingIncome": "None", "depreciation": "None", "depreciationAndAmortization": "92000000", "incomeBeforeTax": "1129000000", "incomeTaxExpense": "276000000", "interestAndDebtExpense": "None", "netIncomeFromContinuingOperations": "853000000", "comprehensiveIncomeNetOfTax": "None", "ebit": "1129000000", "ebitda": "1221000000", "netIncome": "853000000"}, {"fiscalDateEnding": "2019-03-31", "reportedCurrency": "USD", "grossProfit": "3364000000", "totalRevenue": "3364000000", "costOfRevenue": "-954000000", "costofGoodsAndServicesSold": "-954000000", "operatingIncome": "2022000000", "sellingGeneralAndAdministrative": "353000000", "researchAndDevelopment": "None", "operatingExpenses": "355000000", "investmentIncomeNet": "None", "netInterestIncome": "4226000000", "interestIncome": "4786000000", "interestExpense": "560000000", "nonInterestIncome": "None", "otherNonOperatingIncome": "None", "depreciation": "None", "depreciationAndAmortization": "87000000", "incomeBeforeTax": "1462000000", "incomeTaxExpense": "355000000", "interestAndDebtExpense": "None", "netIncomeFromContinuingOperations": "1107000000", "comprehensiveIncomeNetOfTax": "None", "ebit": "1462000000", "ebitda": "1549000000", "netIncome": "1107000000"}, {"fiscalDateEnding": "2018-12-31", "reportedCurrency": "USD", "grossProfit": "3542000000", "totalRevenue": "3542000000", "costOfRevenue": "-855000000", "costofGoodsAndServicesSold": "-855000000", "operatingIncome": "1555000000", "sellingGeneralAndAdministrative": "353000000", "researchAndDevelopment": "0", "operatingExpenses": "-336000000", "investmentIncomeNet": "None", "netInterestIncome": "None", "interestIncome": "None", "interestExpense": "543000000", "nonInterestIncome": "None", "otherNonOperatingIncome": "None", "depreciation": "None", "depreciationAndAmortization": "80000000", "incomeBeforeTax": "1012000000", "incomeTaxExpense": "229000000", "interestAndDebtExpense": "None", "netIncomeFromContinuingOperations": "2491000000", "comprehensiveIncomeNetOfTax": "None", "ebit": "1012000000", "ebitda": "1092000000", "netIncome": "783000000"}, {"fiscalDateEnding": "2018-09-30", "reportedCurrency": "USD", "grossProfit": "4269000000", "totalRevenue": "3398000000", "costOfRevenue": "-871000000", "costofGoodsAndServicesSold": "-871000000", "operatingIncome": "1381000000", "sellingGeneralAndAdministrative": "365000000", "researchAndDevelopment": "0", "operatingExpenses": "363000000", "investmentIncomeNet": "None", "netInterestIncome": "None", "interestIncome": "None", "interestExpense": "488000000", "nonInterestIncome": "None", "otherNonOperatingIncome": "None", "depreciation": "None", "depreciationAndAmortization": "78000000", "incomeBeforeTax": "893000000", "incomeTaxExpense": "222000000", "interestAndDebtExpense": "None", "netIncomeFromContinuingOperations": "671000000", "comprehensiveIncomeNetOfTax": "None", "ebit": "893000000", "ebitda": "971000000", "netIncome": "671000000"}, {"fiscalDateEnding": "2018-06-30", "reportedCurrency": "USD", "grossProfit": "3800000000", "totalRevenue": "3800000000", "costOfRevenue": "-273000000", "costofGoodsAndServicesSold": "-273000000", "operatingIncome": "1329000000", "sellingGeneralAndAdministrative": "351000000", "researchAndDevelopment": "0", "operatingExpenses": "287000000", "investmentIncomeNet": "None", "netInterestIncome": "None", "interestIncome": "None", "interestExpense": "437000000", "nonInterestIncome": "None", "otherNonOperatingIncome": "None", "depreciation": "None", "depreciationAndAmortization": "73000000", "incomeBeforeTax": "892000000", "incomeTaxExpense": "196000000", "interestAndDebtExpense": "None", "netIncomeFromContinuingOperations": "696000000", "comprehensiveIncomeNetOfTax": "None", "ebit": "892000000", "ebitda": "965000000", "netIncome": "696000000"}, {"fiscalDateEnding": "2018-03-31", "reportedCurrency": "USD", "grossProfit": "3197000000", "totalRevenue": "3197000000", "costOfRevenue": "-720000000", "costofGoodsAndServicesSold": "-720000000", "operatingIncome": "1249000000", "sellingGeneralAndAdministrative": "358000000", "researchAndDevelopment": "0", "operatingExpenses": "287000000", "investmentIncomeNet": "None", "netInterestIncome": "None", "interestIncome": "None", "interestExpense": "402000000", "nonInterestIncome": "None", "otherNonOperatingIncome": "None", "depreciation": "None", "depreciationAndAmortization": "71000000", "incomeBeforeTax": "847000000", "incomeTaxExpense": "207000000", "interestAndDebtExpense": "None", "netIncomeFromContinuingOperations": "640000000", "comprehensiveIncomeNetOfTax": "None", "ebit": "847000000", "ebitda": "918000000", "netIncome": "640000000"}, {"fiscalDateEnding": "2017-12-31", "reportedCurrency": "USD", "grossProfit": "3199000000", "totalRevenue": "3199000000", "costOfRevenue": "-779000000", "costofGoodsAndServicesSold": "-779000000", "operatingIncome": "1250000000", "sellingGeneralAndAdministrative": "333000000", "researchAndDevelopment": "0", "operatingExpenses": "-290000000", "investmentIncomeNet": "None", "netInterestIncome": "None", "interestIncome": "None", "interestExpense": "375000000", "nonInterestIncome": "None", "otherNonOperatingIncome": "None", "depreciation": "None", "depreciationAndAmortization": "67000000", "incomeBeforeTax": "875000000", "incomeTaxExpense": "490000000", "interestAndDebtExpense": "None", "netIncomeFromContinuingOperations": "3163000000", "comprehensiveIncomeNetOfTax": "None", "ebit": "875000000", "ebitda": "942000000", "netIncome": "385000000"}, {"fiscalDateEnding": "2017-09-30", "reportedCurrency": "USD", "grossProfit": "3147000000", "totalRevenue": "3147000000", "costOfRevenue": "-805000000", "costofGoodsAndServicesSold": "-805000000", "operatingIncome": "1236000000", "sellingGeneralAndAdministrative": "335000000", "researchAndDevelopment": "0", "operatingExpenses": "285000000", "investmentIncomeNet": "None", "netInterestIncome": "None", "interestIncome": "None", "interestExpense": "357000000", "nonInterestIncome": "None", "otherNonOperatingIncome": "None", "depreciation": "None", "depreciationAndAmortization": "69000000", "incomeBeforeTax": "879000000", "incomeTaxExpense": "324000000", "interestAndDebtExpense": "None", "netIncomeFromContinuingOperations": "555000000", "comprehensiveIncomeNetOfTax": "None", "ebit": "879000000", "ebitda": "948000000", "netIncome": "555000000"}, {"fiscalDateEnding": "2017-06-30", "reportedCurrency": "USD", "grossProfit": "3025000000", "totalRevenue": "3025000000", "costOfRevenue": "-669000000", "costofGoodsAndServicesSold": "-669000000", "operatingIncome": "1121000000", "sellingGeneralAndAdministrative": "321000000", "researchAndDevelopment": "0", "operatingExpenses": "282000000", "investmentIncomeNet": "None", "netInterestIncome": "None", "interestIncome": "None", "interestExpense": "333000000", "nonInterestIncome": "None", "otherNonOperatingIncome": "None", "depreciation": "None", "depreciationAndAmortization": "59000000", "incomeBeforeTax": "788000000", "incomeTaxExpense": "292000000", "interestAndDebtExpense": "None", "netIncomeFromContinuingOperations": "496000000", "comprehensiveIncomeNetOfTax": "None", "ebit": "788000000", "ebitda": "847000000", "netIncome": "496000000"}, {"fiscalDateEnding": "2017-03-31", "reportedCurrency": "USD", "grossProfit": "2996000000", "totalRevenue": "2996000000", "costOfRevenue": "-684000000", "costofGoodsAndServicesSold": "-684000000", "operatingIncome": "1108000000", "sellingGeneralAndAdministrative": "325000000", "researchAndDevelopment": "0", "operatingExpenses": "245000000", "investmentIncomeNet": "None", "netInterestIncome": "None", "interestIncome": "None", "interestExpense": "326000000", "nonInterestIncome": "None", "otherNonOperatingIncome": "None", "depreciation": "None", "depreciationAndAmortization": "59000000", "incomeBeforeTax": "782000000", "incomeTaxExpense": "283000000", "interestAndDebtExpense": "None", "netIncomeFromContinuingOperations": "499000000", "comprehensiveIncomeNetOfTax": "None", "ebit": "782000000", "ebitda": "841000000", "netIncome": "499000000"}, {"fiscalDateEnding": "2016-12-31", "reportedCurrency": "USD", "grossProfit": "2902000000", "totalRevenue": "2902000000", "costOfRevenue": "-811000000", "costofGoodsAndServicesSold": "-811000000", "operatingIncome": "1227000000", "sellingGeneralAndAdministrative": "315000000", "researchAndDevelopment": "0", "operatingExpenses": "-366000000", "investmentIncomeNet": "None", "netInterestIncome": "None", "interestIncome": "None", "interestExpense": "319000000", "nonInterestIncome": "None", "otherNonOperatingIncome": "None", "depreciation": "None", "depreciationAndAmortization": "55000000", "incomeBeforeTax": "908000000", "incomeTaxExpense": "332000000", "interestAndDebtExpense": "None", "netIncomeFromContinuingOperations": "3114000000", "comprehensiveIncomeNetOfTax": "None", "ebit": "908000000", "ebitda": "963000000", "netIncome": "576000000"}, {"fiscalDateEnding": "2016-09-30", "reportedCurrency": "USD", "grossProfit": "2808000000", "totalRevenue": "2808000000", "costOfRevenue": "-757000000", "costofGoodsAndServicesSold": "-757000000", "operatingIncome": "1278000000", "sellingGeneralAndAdministrative": "311000000", "researchAndDevelopment": "0", "operatingExpenses": "266000000", "investmentIncomeNet": "None", "netInterestIncome": "None", "interestIncome": "None", "interestExpense": "315000000", "nonInterestIncome": "None", "otherNonOperatingIncome": "None", "depreciation": "None", "depreciationAndAmortization": "56000000", "incomeBeforeTax": "963000000", "incomeTaxExpense": "359000000", "interestAndDebtExpense": "None", "netIncomeFromContinuingOperations": "604000000", "comprehensiveIncomeNetOfTax": "None", "ebit": "963000000", "ebitda": "1019000000", "netIncome": "604000000"}, {"fiscalDateEnding": "2016-06-30", "reportedCurrency": "USD", "grossProfit": "2631000000", "totalRevenue": "2631000000", "costOfRevenue": "-664000000", "costofGoodsAndServicesSold": "-664000000", "operatingIncome": "1074000000", "sellingGeneralAndAdministrative": "301000000", "researchAndDevelopment": "0", "operatingExpenses": "261000000", "investmentIncomeNet": "None", "netInterestIncome": "None", "interestIncome": "None", "interestExpense": "303000000", "nonInterestIncome": "None", "otherNonOperatingIncome": "None", "depreciation": "None", "depreciationAndAmortization": "54000000", "incomeBeforeTax": "771000000", "incomeTaxExpense": "282000000", "interestAndDebtExpense": "None", "netIncomeFromContinuingOperations": "489000000", "comprehensiveIncomeNetOfTax": "None", "ebit": "1074000000", "ebitda": "1128000000", "netIncome": "489000000"}, {"fiscalDateEnding": "2016-03-31", "reportedCurrency": "USD", "grossProfit": "2631000000", "totalRevenue": "2631000000", "costOfRevenue": "-670000000", "costofGoodsAndServicesSold": "-670000000", "operatingIncome": "1239000000", "sellingGeneralAndAdministrative": "280000000", "researchAndDevelopment": "0", "operatingExpenses": "240000000", "investmentIncomeNet": "None", "netInterestIncome": "None", "interestIncome": "None", "interestExpense": "311000000", "nonInterestIncome": "None", "otherNonOperatingIncome": "None", "depreciation": "None", "depreciationAndAmortization": "54000000", "incomeBeforeTax": "928000000", "incomeTaxExpense": "346000000", "interestAndDebtExpense": "None", "netIncomeFromContinuingOperations": "582000000", "comprehensiveIncomeNetOfTax": "None", "ebit": "1239000000", "ebitda": "1293000000", "netIncome": "582000000"}, {"fiscalDateEnding": "2015-12-31", "reportedCurrency": "USD", "grossProfit": "2561000000", "totalRevenue": "2561000000", "costOfRevenue": "-734000000", "costofGoodsAndServicesSold": "-734000000", "operatingIncome": "1169000000", "sellingGeneralAndAdministrative": "285000000", "researchAndDevelopment": "0", "operatingExpenses": "-321000000", "investmentIncomeNet": "None", "netInterestIncome": "None", "interestIncome": "None", "interestExpense": "301000000", "nonInterestIncome": "None", "otherNonOperatingIncome": "None", "depreciation": "None", "depreciationAndAmortization": "47000000", "incomeBeforeTax": "868000000", "incomeTaxExpense": "321000000", "interestAndDebtExpense": "None", "netIncomeFromContinuingOperations": "2214000000", "comprehensiveIncomeNetOfTax": "None", "ebit": "1169000000", "ebitda": "1216000000", "netIncome": "547000000"}, {"fiscalDateEnding": "2015-09-30", "reportedCurrency": "USD", "grossProfit": "2464000000", "totalRevenue": "2464000000", "costOfRevenue": "-723000000", "costofGoodsAndServicesSold": "-723000000", "operatingIncome": "1208000000", "sellingGeneralAndAdministrative": "268000000", "researchAndDevelopment": "0", "operatingExpenses": "277000000", "investmentIncomeNet": "None", "netInterestIncome": "None", "interestIncome": "None", "interestExpense": "289000000", "nonInterestIncome": "None", "otherNonOperatingIncome": "None", "depreciation": "None", "depreciationAndAmortization": "46000000", "incomeBeforeTax": "919000000", "incomeTaxExpense": "345000000", "interestAndDebtExpense": "None", "netIncomeFromContinuingOperations": "574000000", "comprehensiveIncomeNetOfTax": "None", "ebit": "1208000000", "ebitda": "1254000000", "netIncome": "574000000"}, {"fiscalDateEnding": "2015-06-30", "reportedCurrency": "USD", "grossProfit": "2406000000", "totalRevenue": "2406000000", "costOfRevenue": "-621000000", "costofGoodsAndServicesSold": "-621000000", "operatingIncome": "1131000000", "sellingGeneralAndAdministrative": "250000000", "researchAndDevelopment": "0", "operatingExpenses": "264000000", "investmentIncomeNet": "None", "netInterestIncome": "None", "interestIncome": "None", "interestExpense": "270000000", "nonInterestIncome": "None", "otherNonOperatingIncome": "None", "depreciation": "None", "depreciationAndAmortization": "44000000", "incomeBeforeTax": "861000000", "incomeTaxExpense": "320000000", "interestAndDebtExpense": "None", "netIncomeFromContinuingOperations": "541000000", "comprehensiveIncomeNetOfTax": "None", "ebit": "1131000000", "ebitda": "1175000000", "netIncome": "541000000"}, {"fiscalDateEnding": "2015-03-31", "reportedCurrency": "USD", "grossProfit": "2316000000", "totalRevenue": "2316000000", "costOfRevenue": "-660000000", "costofGoodsAndServicesSold": "-660000000", "operatingIncome": "1158000000", "sellingGeneralAndAdministrative": "239000000", "researchAndDevelopment": "0", "operatingExpenses": "244000000", "investmentIncomeNet": "None", "netInterestIncome": "None", "interestIncome": "None", "interestExpense": "275000000", "nonInterestIncome": "None", "otherNonOperatingIncome": "None", "depreciation": "None", "depreciationAndAmortization": "37000000", "incomeBeforeTax": "883000000", "incomeTaxExpense": "331000000", "interestAndDebtExpense": "None", "netIncomeFromContinuingOperations": "552000000", "comprehensiveIncomeNetOfTax": "None", "ebit": "1158000000", "ebitda": "1195000000", "netIncome": "552000000"}, {"fiscalDateEnding": "2014-12-31", "reportedCurrency": "USD", "grossProfit": "2442000000", "totalRevenue": "2442000000", "costOfRevenue": "-698000000", "costofGoodsAndServicesSold": "-698000000", "operatingIncome": "1135000000", "sellingGeneralAndAdministrative": "227000000", "researchAndDevelopment": "0", "operatingExpenses": "-306000000", "investmentIncomeNet": "None", "netInterestIncome": "None", "interestIncome": "None", "interestExpense": "282000000", "nonInterestIncome": "None", "otherNonOperatingIncome": "None", "depreciation": "None", "depreciationAndAmortization": "35000000", "incomeBeforeTax": "853000000", "incomeTaxExpense": "322000000", "interestAndDebtExpense": "None", "netIncomeFromContinuingOperations": "2109000000", "comprehensiveIncomeNetOfTax": "None", "ebit": "1135000000", "ebitda": "1170000000", "netIncome": "531000000"}, {"fiscalDateEnding": "2014-09-30", "reportedCurrency": "USD", "grossProfit": "2282000000", "totalRevenue": "2282000000", "costOfRevenue": "-693000000", "costofGoodsAndServicesSold": "-693000000", "operatingIncome": "1123000000", "sellingGeneralAndAdministrative": "239000000", "researchAndDevelopment": "0", "operatingExpenses": "274000000", "investmentIncomeNet": "None", "netInterestIncome": "None", "interestIncome": "None", "interestExpense": "244000000", "nonInterestIncome": "None", "otherNonOperatingIncome": "None", "depreciation": "None", "depreciationAndAmortization": "33000000", "incomeBeforeTax": "879000000", "incomeTaxExpense": "331000000", "interestAndDebtExpense": "None", "netIncomeFromContinuingOperations": "548000000", "comprehensiveIncomeNetOfTax": "None", "ebit": "1123000000", "ebitda": "1156000000", "netIncome": "548000000"}, {"fiscalDateEnding": "2014-06-30", "reportedCurrency": "USD", "grossProfit": "2832000000", "totalRevenue": "2832000000", "costOfRevenue": "-109000000", "costofGoodsAndServicesSold": "-109000000", "operatingIncome": "970000000", "sellingGeneralAndAdministrative": "207000000", "researchAndDevelopment": "0", "operatingExpenses": "252000000", "investmentIncomeNet": "None", "netInterestIncome": "None", "interestIncome": "None", "interestExpense": "206000000", "nonInterestIncome": "None", "otherNonOperatingIncome": "None", "depreciation": "None", "depreciationAndAmortization": "32000000", "incomeBeforeTax": "764000000", "incomeTaxExpense": "292000000", "interestAndDebtExpense": "None", "netIncomeFromContinuingOperations": "472000000", "comprehensiveIncomeNetOfTax": "None", "ebit": "970000000", "ebitda": "1002000000", "netIncome": "472000000"}, {"fiscalDateEnding": "2014-03-31", "reportedCurrency": "USD", "grossProfit": "2858000000", "totalRevenue": "2858000000", "costOfRevenue": "2033000000", "costofGoodsAndServicesSold": "2033000000", "operatingIncome": "1080000000", "sellingGeneralAndAdministrative": "193000000", "researchAndDevelopment": "0", "operatingExpenses": "-318000000", "investmentIncomeNet": "None", "netInterestIncome": "None", "interestIncome": "None", "interestExpense": "190000000", "nonInterestIncome": "None", "otherNonOperatingIncome": "None", "depreciation": "None", "depreciationAndAmortization": "31000000", "incomeBeforeTax": "890000000", "incomeTaxExpense": "332000000", "interestAndDebtExpense": "None", "netIncomeFromContinuingOperations": "0", "comprehensiveIncomeNetOfTax": "None", "ebit": "1080000000", "ebitda": "1111000000", "netIncome": "558000000"}, {"fiscalDateEnding": "2013-12-31", "reportedCurrency": "USD", "grossProfit": "2979000000", "totalRevenue": "2979000000", "costOfRevenue": "2353000000", "costofGoodsAndServicesSold": "2353000000", "operatingIncome": "880000000", "sellingGeneralAndAdministrative": "190000000", "researchAndDevelopment": "0", "operatingExpenses": "-355000000", "investmentIncomeNet": "None", "netInterestIncome": "None", "interestIncome": "None", "interestExpense": "188000000", "nonInterestIncome": "None", "otherNonOperatingIncome": "None", "depreciation": "None", "depreciationAndAmortization": "27000000", "incomeBeforeTax": "692000000", "incomeTaxExpense": "249000000", "interestAndDebtExpense": "None", "netIncomeFromContinuingOperations": "0", "comprehensiveIncomeNetOfTax": "None", "ebit": "880000000", "ebitda": "907000000", "netIncome": "443000000"}, {"fiscalDateEnding": "2013-09-30", "reportedCurrency": "USD", "grossProfit": "2817000000", "totalRevenue": "2817000000", "costOfRevenue": "1865000000", "costofGoodsAndServicesSold": "1865000000", "operatingIncome": "1204000000", "sellingGeneralAndAdministrative": "173000000", "researchAndDevelopment": "0", "operatingExpenses": "-453000000", "investmentIncomeNet": "None", "netInterestIncome": "None", "interestIncome": "None", "interestExpense": "183000000", "nonInterestIncome": "None", "otherNonOperatingIncome": "None", "depreciation": "None", "depreciationAndAmortization": "25000000", "incomeBeforeTax": "1021000000", "incomeTaxExpense": "380000000", "interestAndDebtExpense": "None", "netIncomeFromContinuingOperations": "0", "comprehensiveIncomeNetOfTax": "None", "ebit": "1204000000", "ebitda": "1229000000", "netIncome": "641000000"}, {"fiscalDateEnding": "2013-06-30", "reportedCurrency": "USD", "grossProfit": "2632000000", "totalRevenue": "2632000000", "costOfRevenue": "1844000000", "costofGoodsAndServicesSold": "1844000000", "operatingIncome": "1034000000", "sellingGeneralAndAdministrative": "173000000", "researchAndDevelopment": "0", "operatingExpenses": "-321000000", "investmentIncomeNet": "None", "netInterestIncome": "None", "interestIncome": "None", "interestExpense": "178000000", "nonInterestIncome": "None", "otherNonOperatingIncome": "None", "depreciation": "None", "depreciationAndAmortization": "25000000", "incomeBeforeTax": "856000000", "incomeTaxExpense": "320000000", "interestAndDebtExpense": "None", "netIncomeFromContinuingOperations": "0", "comprehensiveIncomeNetOfTax": "None", "ebit": "1034000000", "ebitda": "1059000000", "netIncome": "536000000"}, {"fiscalDateEnding": "2013-03-31", "reportedCurrency": "USD", "grossProfit": "2643000000", "totalRevenue": "2643000000", "costOfRevenue": "2137000000", "costofGoodsAndServicesSold": "2137000000", "operatingIncome": "766000000", "sellingGeneralAndAdministrative": "162000000", "researchAndDevelopment": "0", "operatingExpenses": "-277000000", "investmentIncomeNet": "None", "netInterestIncome": "None", "interestIncome": "None", "interestExpense": "193000000", "nonInterestIncome": "None", "otherNonOperatingIncome": "None", "depreciation": "None", "depreciationAndAmortization": "27000000", "incomeBeforeTax": "573000000", "incomeTaxExpense": "214000000", "interestAndDebtExpense": "None", "netIncomeFromContinuingOperations": "0", "comprehensiveIncomeNetOfTax": "None", "ebit": "766000000", "ebitda": "793000000", "netIncome": "359000000"}, {"fiscalDateEnding": "2012-12-31", "reportedCurrency": "USD", "grossProfit": "3842000000", "totalRevenue": "2855000000", "costOfRevenue": "2119000000", "costofGoodsAndServicesSold": "2119000000", "operatingIncome": "736000000", "sellingGeneralAndAdministrative": "0", "researchAndDevelopment": "0", "operatingExpenses": "0", "investmentIncomeNet": "None", "netInterestIncome": "None", "interestIncome": "None", "interestExpense": "383000000", "nonInterestIncome": "None", "otherNonOperatingIncome": "None", "depreciation": "None", "depreciationAndAmortization": "None", "incomeBeforeTax": "736000000", "incomeTaxExpense": "270000000", "interestAndDebtExpense": "None", "netIncomeFromContinuingOperations": "0", "comprehensiveIncomeNetOfTax": "None", "ebit": "0", "ebitda": "None", "netIncome": "466000000"}, {"fiscalDateEnding": "2012-09-30", "reportedCurrency": "USD", "grossProfit": "0", "totalRevenue": "2729000000", "costOfRevenue": "2062000000", "costofGoodsAndServicesSold": "2062000000", "operatingIncome": "667000000", "sellingGeneralAndAdministrative": "0", "researchAndDevelopment": "0", "operatingExpenses": "0", "investmentIncomeNet": "None", "netInterestIncome": "None", "interestIncome": "None", "interestExpense": "0", "nonInterestIncome": "None", "otherNonOperatingIncome": "None", "depreciation": "None", "depreciationAndAmortization": "None", "incomeBeforeTax": "667000000", "incomeTaxExpense": "249000000", "interestAndDebtExpense": "None", "netIncomeFromContinuingOperations": "0", "comprehensiveIncomeNetOfTax": "None", "ebit": "0", "ebitda": "None", "netIncome": "418000000"}, {"fiscalDateEnding": "2012-06-30", "reportedCurrency": "USD", "grossProfit": "0", "totalRevenue": "2590000000", "costOfRevenue": "1599000000", "costofGoodsAndServicesSold": "1599000000", "operatingIncome": "991000000", "sellingGeneralAndAdministrative": "0", "researchAndDevelopment": "0", "operatingExpenses": "0", "investmentIncomeNet": "None", "netInterestIncome": "None", "interestIncome": "None", "interestExpense": "0", "nonInterestIncome": "None", "otherNonOperatingIncome": "None", "depreciation": "None", "depreciationAndAmortization": "None", "incomeBeforeTax": "991000000", "incomeTaxExpense": "371000000", "interestAndDebtExpense": "None", "netIncomeFromContinuingOperations": "0", "comprehensiveIncomeNetOfTax": "None", "ebit": "0", "ebitda": "None", "netIncome": "620000000"}, {"fiscalDateEnding": "2012-03-31", "reportedCurrency": "USD", "grossProfit": "0", "totalRevenue": "2619000000", "costOfRevenue": "1637000000", "costofGoodsAndServicesSold": "1637000000", "operatingIncome": "982000000", "sellingGeneralAndAdministrative": "0", "researchAndDevelopment": "0", "operatingExpenses": "0", "investmentIncomeNet": "None", "netInterestIncome": "None", "interestIncome": "None", "interestExpense": "0", "nonInterestIncome": "None", "otherNonOperatingIncome": "None", "depreciation": "None", "depreciationAndAmortization": "None", "incomeBeforeTax": "982000000", "incomeTaxExpense": "367000000", "interestAndDebtExpense": "None", "netIncomeFromContinuingOperations": "0", "comprehensiveIncomeNetOfTax": "None", "ebit": "0", "ebitda": "None", "netIncome": "615000000"}]}