{"symbol": "CMG", "annualReports": [{"fiscalDateEnding": "2024-12-31", "reportedCurrency": "USD", "grossProfit": "3017692000", "totalRevenue": "11313853000", "costOfRevenue": "8296161000", "costofGoodsAndServicesSold": "8296161000", "operatingIncome": "1916333000", "sellingGeneralAndAdministrative": "697483000", "researchAndDevelopment": "None", "operatingExpenses": "1101359000", "investmentIncomeNet": "None", "netInterestIncome": "93897000", "interestIncome": "93897000", "interestExpense": "None", "nonInterestIncome": "None", "otherNonOperatingIncome": "None", "depreciation": "None", "depreciationAndAmortization": "335030000", "incomeBeforeTax": "2010230000", "incomeTaxExpense": "476120000", "interestAndDebtExpense": "None", "netIncomeFromContinuingOperations": "1534110000", "comprehensiveIncomeNetOfTax": "None", "ebit": "1985179000", "ebitda": "2320209000", "netIncome": "1534110000"}, {"fiscalDateEnding": "2023-12-31", "reportedCurrency": "USD", "grossProfit": "2586092000", "totalRevenue": "9871649000", "costOfRevenue": "7285557000", "costofGoodsAndServicesSold": "7285557000", "operatingIncome": "1557813000", "sellingGeneralAndAdministrative": "633584000", "researchAndDevelopment": "None", "operatingExpenses": "1028279000", "investmentIncomeNet": "None", "netInterestIncome": "50844000", "interestIncome": "50844000", "interestExpense": "None", "nonInterestIncome": "None", "otherNonOperatingIncome": "None", "depreciation": "None", "depreciationAndAmortization": "319394000", "incomeBeforeTax": "1620506000", "incomeTaxExpense": "391769000", "interestAndDebtExpense": "None", "netIncomeFromContinuingOperations": "1170378000", "comprehensiveIncomeNetOfTax": "None", "ebit": "1633114000", "ebitda": "1952508000", "netIncome": "1228737000"}, {"fiscalDateEnding": "2022-12-31", "reportedCurrency": "USD", "grossProfit": "2062119000", "totalRevenue": "8634652000", "costOfRevenue": "6572533000", "costofGoodsAndServicesSold": "6572533000", "operatingIncome": "1160403000", "sellingGeneralAndAdministrative": "564191000", "researchAndDevelopment": "None", "operatingExpenses": "901716000", "investmentIncomeNet": "None", "netInterestIncome": "21128000", "interestIncome": "21128000", "interestExpense": "21128000", "nonInterestIncome": "None", "otherNonOperatingIncome": "21128000", "depreciation": "None", "depreciationAndAmortization": "286826000", "incomeBeforeTax": "1181531000", "incomeTaxExpense": "282430000", "interestAndDebtExpense": "None", "netIncomeFromContinuingOperations": "899101000", "comprehensiveIncomeNetOfTax": "None", "ebit": "1211102000", "ebitda": "1497928000", "netIncome": "899101000"}, {"fiscalDateEnding": "2021-12-31", "reportedCurrency": "USD", "grossProfit": "1707009000", "totalRevenue": "7547061000", "costOfRevenue": "5840052000", "costofGoodsAndServicesSold": "5840052000", "operatingIncome": "804943000", "sellingGeneralAndAdministrative": "606854000", "researchAndDevelopment": "None", "operatingExpenses": "902066000", "investmentIncomeNet": "None", "netInterestIncome": "7820000", "interestIncome": "7820000", "interestExpense": "30762000", "nonInterestIncome": "None", "otherNonOperatingIncome": "7820000", "depreciation": "None", "depreciationAndAmortization": "254657000", "incomeBeforeTax": "812763000", "incomeTaxExpense": "159779000", "interestAndDebtExpense": "None", "netIncomeFromContinuingOperations": "652984000", "comprehensiveIncomeNetOfTax": "None", "ebit": "845498000", "ebitda": "1100155000", "netIncome": "652984000"}, {"fiscalDateEnding": "2020-12-31", "reportedCurrency": "USD", "grossProfit": "1041081000", "totalRevenue": "5984634000", "costOfRevenue": "4943553000", "costofGoodsAndServicesSold": "4943553000", "operatingIncome": "290164000", "sellingGeneralAndAdministrative": "466291000", "researchAndDevelopment": "None", "operatingExpenses": "720340000", "investmentIncomeNet": "None", "netInterestIncome": "3617000", "interestIncome": "3617000", "interestExpense": "57537000", "nonInterestIncome": "None", "otherNonOperatingIncome": "3617000", "depreciation": "None", "depreciationAndAmortization": "423072000", "incomeBeforeTax": "293781000", "incomeTaxExpense": "-61985000", "interestAndDebtExpense": "None", "netIncomeFromContinuingOperations": "231796000", "comprehensiveIncomeNetOfTax": "None", "ebit": "151718000", "ebitda": "574790000", "netIncome": "355766000"}, {"fiscalDateEnding": "2019-12-31", "reportedCurrency": "USD", "grossProfit": "1142490000", "totalRevenue": "5586369000", "costOfRevenue": "4443879000", "costofGoodsAndServicesSold": "4443879000", "operatingIncome": "443958000", "sellingGeneralAndAdministrative": "451552000", "researchAndDevelopment": "None", "operatingExpenses": "675438000", "investmentIncomeNet": "None", "netInterestIncome": "14327000", "interestIncome": "14327000", "interestExpense": "31861000", "nonInterestIncome": "None", "otherNonOperatingIncome": "14327000", "depreciation": "None", "depreciationAndAmortization": "376730000", "incomeBeforeTax": "458285000", "incomeTaxExpense": "108127000", "interestAndDebtExpense": "None", "netIncomeFromContinuingOperations": "350158000", "comprehensiveIncomeNetOfTax": "None", "ebit": "314208000", "ebitda": "690938000", "netIncome": "350158000"}, {"fiscalDateEnding": "2018-12-31", "reportedCurrency": "USD", "grossProfit": "910992000", "totalRevenue": "4864985000", "costOfRevenue": "3953993000", "costofGoodsAndServicesSold": "3953993000", "operatingIncome": "258368000", "sellingGeneralAndAdministrative": "375460000", "researchAndDevelopment": "0", "operatingExpenses": "585985000", "investmentIncomeNet": "None", "netInterestIncome": "10068000", "interestIncome": "10068000", "interestExpense": "0", "nonInterestIncome": "None", "otherNonOperatingIncome": "10068000", "depreciation": "None", "depreciationAndAmortization": "201979000", "incomeBeforeTax": "268436000", "incomeTaxExpense": "91883000", "interestAndDebtExpense": "None", "netIncomeFromContinuingOperations": "176553000", "comprehensiveIncomeNetOfTax": "None", "ebit": "268436000", "ebitda": "470415000", "netIncome": "176553000"}, {"fiscalDateEnding": "2017-12-31", "reportedCurrency": "USD", "grossProfit": "756216000", "totalRevenue": "4476412000", "costOfRevenue": "3720196000", "costofGoodsAndServicesSold": "3720196000", "operatingIncome": "270794000", "sellingGeneralAndAdministrative": "296388000", "researchAndDevelopment": "0", "operatingExpenses": "472077000", "investmentIncomeNet": "None", "netInterestIncome": "4949000", "interestIncome": "4949000", "interestExpense": "1520000", "nonInterestIncome": "None", "otherNonOperatingIncome": "4949000", "depreciation": "None", "depreciationAndAmortization": "163348000", "incomeBeforeTax": "275743000", "incomeTaxExpense": "99490000", "interestAndDebtExpense": "None", "netIncomeFromContinuingOperations": "176253000", "comprehensiveIncomeNetOfTax": "None", "ebit": "275743000", "ebitda": "439091000", "netIncome": "176253000"}, {"fiscalDateEnding": "2016-12-31", "reportedCurrency": "USD", "grossProfit": "498214000", "totalRevenue": "3904384000", "costOfRevenue": "3406170000", "costofGoodsAndServicesSold": "3406170000", "operatingIncome": "34567000", "sellingGeneralAndAdministrative": "276240000", "researchAndDevelopment": "0", "operatingExpenses": "439770000", "investmentIncomeNet": "None", "netInterestIncome": "4172000", "interestIncome": "4172000", "interestExpense": "4172000", "nonInterestIncome": "None", "otherNonOperatingIncome": "4172000", "depreciation": "None", "depreciationAndAmortization": "146368000", "incomeBeforeTax": "38739000", "incomeTaxExpense": "15801000", "interestAndDebtExpense": "None", "netIncomeFromContinuingOperations": "22938000", "comprehensiveIncomeNetOfTax": "None", "ebit": "38739000", "ebitda": "185107000", "netIncome": "22938000"}, {"fiscalDateEnding": "2015-12-31", "reportedCurrency": "USD", "grossProfit": "1174287000", "totalRevenue": "4501223000", "costOfRevenue": "3326936000", "costofGoodsAndServicesSold": "3326936000", "operatingIncome": "763589000", "sellingGeneralAndAdministrative": "250214000", "researchAndDevelopment": "0", "operatingExpenses": "397504000", "investmentIncomeNet": "None", "netInterestIncome": "None", "interestIncome": "6278000", "interestExpense": "6278000", "nonInterestIncome": "None", "otherNonOperatingIncome": "6278000", "depreciation": "None", "depreciationAndAmortization": "130368000", "incomeBeforeTax": "769867000", "incomeTaxExpense": "294265000", "interestAndDebtExpense": "None", "netIncomeFromContinuingOperations": "475602000", "comprehensiveIncomeNetOfTax": "None", "ebit": "769867000", "ebitda": "900235000", "netIncome": "475602000"}, {"fiscalDateEnding": "2014-12-31", "reportedCurrency": "USD", "grossProfit": "1117756000", "totalRevenue": "4108269000", "costOfRevenue": "2990513000", "costofGoodsAndServicesSold": "2990513000", "operatingIncome": "710800000", "sellingGeneralAndAdministrative": "273897000", "researchAndDevelopment": "0", "operatingExpenses": "399980000", "investmentIncomeNet": "None", "netInterestIncome": "None", "interestIncome": "None", "interestExpense": "3503000", "nonInterestIncome": "None", "otherNonOperatingIncome": "3503000", "depreciation": "None", "depreciationAndAmortization": "110474000", "incomeBeforeTax": "714303000", "incomeTaxExpense": "268929000", "interestAndDebtExpense": "None", "netIncomeFromContinuingOperations": "445374000", "comprehensiveIncomeNetOfTax": "None", "ebit": "714303000", "ebitda": "824777000", "netIncome": "445374000"}, {"fiscalDateEnding": "2013-12-31", "reportedCurrency": "USD", "grossProfit": "854769000", "totalRevenue": "3214591000", "costOfRevenue": "2359822000", "costofGoodsAndServicesSold": "2359822000", "operatingIncome": "532720000", "sellingGeneralAndAdministrative": "203733000", "researchAndDevelopment": "0", "operatingExpenses": "315298000", "investmentIncomeNet": "None", "netInterestIncome": "None", "interestIncome": "None", "interestExpense": "1751000", "nonInterestIncome": "None", "otherNonOperatingIncome": "1751000", "depreciation": "None", "depreciationAndAmortization": "96054000", "incomeBeforeTax": "534471000", "incomeTaxExpense": "207033000", "interestAndDebtExpense": "None", "netIncomeFromContinuingOperations": "327438000", "comprehensiveIncomeNetOfTax": "None", "ebit": "534471000", "ebitda": "630525000", "netIncome": "327438000"}, {"fiscalDateEnding": "2012-12-31", "reportedCurrency": "USD", "grossProfit": "740340000", "totalRevenue": "2731224000", "costOfRevenue": "1990884000", "costofGoodsAndServicesSold": "1990884000", "operatingIncome": "455865000", "sellingGeneralAndAdministrative": "183409000", "researchAndDevelopment": "0", "operatingExpenses": "279448000", "investmentIncomeNet": "None", "netInterestIncome": "None", "interestIncome": "None", "interestExpense": "1820000", "nonInterestIncome": "None", "otherNonOperatingIncome": "1820000", "depreciation": "None", "depreciationAndAmortization": "84130000", "incomeBeforeTax": "457685000", "incomeTaxExpense": "179685000", "interestAndDebtExpense": "None", "netIncomeFromContinuingOperations": "278000000", "comprehensiveIncomeNetOfTax": "None", "ebit": "457685000", "ebitda": "541815000", "netIncome": "278000000"}, {"fiscalDateEnding": "2011-12-31", "reportedCurrency": "USD", "grossProfit": "589227000", "totalRevenue": "2269548000", "costOfRevenue": "1680321000", "costofGoodsAndServicesSold": "1680321000", "operatingIncome": "350562000", "sellingGeneralAndAdministrative": "157921000", "researchAndDevelopment": "0", "operatingExpenses": "232859000", "investmentIncomeNet": "None", "netInterestIncome": "None", "interestIncome": "None", "interestExpense": "2945000", "nonInterestIncome": "None", "otherNonOperatingIncome": "-857000", "depreciation": "None", "depreciationAndAmortization": "74938000", "incomeBeforeTax": "349705000", "incomeTaxExpense": "134760000", "interestAndDebtExpense": "None", "netIncomeFromContinuingOperations": "214945000", "comprehensiveIncomeNetOfTax": "None", "ebit": "350164000", "ebitda": "425102000", "netIncome": "214945000"}, {"fiscalDateEnding": "2010-12-31", "reportedCurrency": "USD", "grossProfit": "489405000", "totalRevenue": "1835922000", "costOfRevenue": "1346517000", "costofGoodsAndServicesSold": "1346517000", "operatingIncome": "287831000", "sellingGeneralAndAdministrative": "126357000", "researchAndDevelopment": "0", "operatingExpenses": "201574000", "investmentIncomeNet": "None", "netInterestIncome": "None", "interestIncome": "None", "interestExpense": "269000", "nonInterestIncome": "None", "otherNonOperatingIncome": "1230000", "depreciation": "None", "depreciationAndAmortization": "68921000", "incomeBeforeTax": "289061000", "incomeTaxExpense": "110080000", "interestAndDebtExpense": "None", "netIncomeFromContinuingOperations": "178981000", "comprehensiveIncomeNetOfTax": "None", "ebit": "289330000", "ebitda": "358251000", "netIncome": "178981000"}, {"fiscalDateEnding": "2009-12-31", "reportedCurrency": "USD", "grossProfit": "378519000", "totalRevenue": "1518417000", "costOfRevenue": "1139898000", "costofGoodsAndServicesSold": "1139898000", "operatingIncome": "203705000", "sellingGeneralAndAdministrative": "107550000", "researchAndDevelopment": "None", "operatingExpenses": "174814000", "investmentIncomeNet": "None", "netInterestIncome": "None", "interestIncome": "None", "interestExpense": "405000", "nonInterestIncome": "None", "otherNonOperatingIncome": "None", "depreciation": "None", "depreciationAndAmortization": "61308000", "incomeBeforeTax": "204225000", "incomeTaxExpense": "77380000", "interestAndDebtExpense": "None", "netIncomeFromContinuingOperations": "None", "comprehensiveIncomeNetOfTax": "None", "ebit": "204630000", "ebitda": "265938000", "netIncome": "126845000"}, {"fiscalDateEnding": "2008-12-31", "reportedCurrency": "USD", "grossProfit": "286927000", "totalRevenue": "1331968000", "costOfRevenue": "1045041000", "costofGoodsAndServicesSold": "1045041000", "operatingIncome": "124039000", "sellingGeneralAndAdministrative": "100779000", "researchAndDevelopment": "None", "operatingExpenses": "162888000", "investmentIncomeNet": "None", "netInterestIncome": "None", "interestIncome": "None", "interestExpense": "302000", "nonInterestIncome": "None", "otherNonOperatingIncome": "None", "depreciation": "None", "depreciationAndAmortization": "52770000", "incomeBeforeTax": "127206000", "incomeTaxExpense": "49004000", "interestAndDebtExpense": "None", "netIncomeFromContinuingOperations": "None", "comprehensiveIncomeNetOfTax": "None", "ebit": "127508000", "ebitda": "180278000", "netIncome": "78202000"}, {"fiscalDateEnding": "2007-12-31", "reportedCurrency": "USD", "grossProfit": "242569000", "totalRevenue": "1085782000", "costOfRevenue": "843213000", "costofGoodsAndServicesSold": "843213000", "operatingIncome": "108183000", "sellingGeneralAndAdministrative": "75038000", "researchAndDevelopment": "None", "operatingExpenses": "124801000", "investmentIncomeNet": "None", "netInterestIncome": "None", "interestIncome": "None", "interestExpense": "296000", "nonInterestIncome": "None", "otherNonOperatingIncome": "None", "depreciation": "None", "depreciationAndAmortization": "43595000", "incomeBeforeTax": "114002000", "incomeTaxExpense": "43439000", "interestAndDebtExpense": "None", "netIncomeFromContinuingOperations": "None", "comprehensiveIncomeNetOfTax": "None", "ebit": "114298000", "ebitda": "157893000", "netIncome": "70563000"}, {"fiscalDateEnding": "2006-12-31", "reportedCurrency": "USD", "grossProfit": "172249000", "totalRevenue": "822930000", "costOfRevenue": "650681000", "costofGoodsAndServicesSold": "650681000", "operatingIncome": "61952000", "sellingGeneralAndAdministrative": "65284000", "researchAndDevelopment": "None", "operatingExpenses": "110297000", "investmentIncomeNet": "None", "netInterestIncome": "None", "interestIncome": "None", "interestExpense": "271000", "nonInterestIncome": "None", "otherNonOperatingIncome": "None", "depreciation": "None", "depreciationAndAmortization": "34253000", "incomeBeforeTax": "68255000", "incomeTaxExpense": "26832000", "interestAndDebtExpense": "None", "netIncomeFromContinuingOperations": "None", "comprehensiveIncomeNetOfTax": "None", "ebit": "61952000", "ebitda": "96205000", "netIncome": "41423000"}, {"fiscalDateEnding": "2005-12-31", "reportedCurrency": "USD", "grossProfit": "116074000", "totalRevenue": "627695000", "costOfRevenue": "511621000", "costofGoodsAndServicesSold": "511621000", "operatingIncome": "30994000", "sellingGeneralAndAdministrative": "53935000", "researchAndDevelopment": "None", "operatingExpenses": "85080000", "investmentIncomeNet": "None", "netInterestIncome": "None", "interestIncome": "None", "interestExpense": "790000", "nonInterestIncome": "None", "otherNonOperatingIncome": "None", "depreciation": "None", "depreciationAndAmortization": "28026000", "incomeBeforeTax": "30240000", "incomeTaxExpense": "-7456000", "interestAndDebtExpense": "None", "netIncomeFromContinuingOperations": "None", "comprehensiveIncomeNetOfTax": "None", "ebit": "30994000", "ebitda": "59020000", "netIncome": "37696000"}], "quarterlyReports": [{"fiscalDateEnding": "2024-12-31", "reportedCurrency": "USD", "grossProfit": "704261000", "totalRevenue": "2845310000", "costOfRevenue": "2141049000", "costofGoodsAndServicesSold": "2141049000", "operatingIncome": "415732000", "sellingGeneralAndAdministrative": "191216000", "researchAndDevelopment": "None", "operatingExpenses": "288529000", "investmentIncomeNet": "None", "netInterestIncome": "23365000", "interestIncome": "23365000", "interestExpense": "None", "nonInterestIncome": "None", "otherNonOperatingIncome": "None", "depreciation": "None", "depreciationAndAmortization": "83876000", "incomeBeforeTax": "439097000", "incomeTaxExpense": "107333000", "interestAndDebtExpense": "None", "netIncomeFromContinuingOperations": "331764000", "comprehensiveIncomeNetOfTax": "None", "ebit": "429169000", "ebitda": "513045000", "netIncome": "331764000"}, {"fiscalDateEnding": "2024-09-30", "reportedCurrency": "USD", "grossProfit": "712181000", "totalRevenue": "2793576000", "costOfRevenue": "2081395000", "costofGoodsAndServicesSold": "2081395000", "operatingIncome": "473256000", "sellingGeneralAndAdministrative": "126614000", "researchAndDevelopment": "None", "operatingExpenses": "238925000", "investmentIncomeNet": "None", "netInterestIncome": "29307000", "interestIncome": "29307000", "interestExpense": "None", "nonInterestIncome": "None", "otherNonOperatingIncome": "None", "depreciation": "None", "depreciationAndAmortization": "84349000", "incomeBeforeTax": "502563000", "incomeTaxExpense": "115175000", "interestAndDebtExpense": "None", "netIncomeFromContinuingOperations": "387388000", "comprehensiveIncomeNetOfTax": "None", "ebit": "501218000", "ebitda": "585567000", "netIncome": "387388000"}, {"fiscalDateEnding": "2024-06-30", "reportedCurrency": "USD", "grossProfit": "859400000", "totalRevenue": "2973117000", "costOfRevenue": "2113717000", "costofGoodsAndServicesSold": "2113717000", "operatingIncome": "586053000", "sellingGeneralAndAdministrative": "175028000", "researchAndDevelopment": "None", "operatingExpenses": "273347000", "investmentIncomeNet": "None", "netInterestIncome": "21861000", "interestIncome": "21861000", "interestExpense": "None", "nonInterestIncome": "None", "otherNonOperatingIncome": "None", "depreciation": "None", "depreciationAndAmortization": "83562000", "incomeBeforeTax": "607914000", "incomeTaxExpense": "152243000", "interestAndDebtExpense": "None", "netIncomeFromContinuingOperations": "455671000", "comprehensiveIncomeNetOfTax": "None", "ebit": "600810000", "ebitda": "684372000", "netIncome": "455671000"}, {"fiscalDateEnding": "2024-03-31", "reportedCurrency": "USD", "grossProfit": "741850000", "totalRevenue": "2701848000", "costOfRevenue": "1959998000", "costofGoodsAndServicesSold": "1959998000", "operatingIncome": "441292000", "sellingGeneralAndAdministrative": "204625000", "researchAndDevelopment": "None", "operatingExpenses": "300558000", "investmentIncomeNet": "None", "netInterestIncome": "19364000", "interestIncome": "19364000", "interestExpense": "None", "nonInterestIncome": "None", "otherNonOperatingIncome": "None", "depreciation": "None", "depreciationAndAmortization": "83243000", "incomeBeforeTax": "460656000", "incomeTaxExpense": "101369000", "interestAndDebtExpense": "None", "netIncomeFromContinuingOperations": "359287000", "comprehensiveIncomeNetOfTax": "None", "ebit": "453982000", "ebitda": "537225000", "netIncome": "359287000"}, {"fiscalDateEnding": "2023-12-31", "reportedCurrency": "USD", "grossProfit": "638304000", "totalRevenue": "2516320000", "costOfRevenue": "1878016000", "costofGoodsAndServicesSold": "1878016000", "operatingIncome": "363447000", "sellingGeneralAndAdministrative": "169247000", "researchAndDevelopment": "None", "operatingExpenses": "254739000", "investmentIncomeNet": "None", "netInterestIncome": "18906000", "interestIncome": "18906000", "interestExpense": "8949000", "nonInterestIncome": "None", "otherNonOperatingIncome": "None", "depreciation": "None", "depreciationAndAmortization": "85492000", "incomeBeforeTax": "382353000", "incomeTaxExpense": "100267000", "interestAndDebtExpense": "None", "netIncomeFromContinuingOperations": "282086000", "comprehensiveIncomeNetOfTax": "None", "ebit": "382353000", "ebitda": "467845000", "netIncome": "282086000"}, {"fiscalDateEnding": "2023-09-30", "reportedCurrency": "USD", "grossProfit": "649843000", "totalRevenue": "2471948000", "costOfRevenue": "1822105000", "costofGoodsAndServicesSold": "1822105000", "operatingIncome": "394950000", "sellingGeneralAndAdministrative": "159501000", "researchAndDevelopment": "None", "operatingExpenses": "238047000", "investmentIncomeNet": "None", "netInterestIncome": "18392000", "interestIncome": "18392000", "interestExpense": "None", "nonInterestIncome": "None", "otherNonOperatingIncome": "None", "depreciation": "None", "depreciationAndAmortization": "78546000", "incomeBeforeTax": "413342000", "incomeTaxExpense": "100125000", "interestAndDebtExpense": "None", "netIncomeFromContinuingOperations": "313217000", "comprehensiveIncomeNetOfTax": "None", "ebit": "413342000", "ebitda": "491888000", "netIncome": "313217000"}, {"fiscalDateEnding": "2023-06-30", "reportedCurrency": "USD", "grossProfit": "690855000", "totalRevenue": "2514801000", "costOfRevenue": "1823946000", "costofGoodsAndServicesSold": "1823946000", "operatingIncome": "431810000", "sellingGeneralAndAdministrative": "156496000", "researchAndDevelopment": "None", "operatingExpenses": "242805000", "investmentIncomeNet": "None", "netInterestIncome": "16446000", "interestIncome": "16446000", "interestExpense": "None", "nonInterestIncome": "None", "otherNonOperatingIncome": "16446000", "depreciation": "None", "depreciationAndAmortization": "78771000", "incomeBeforeTax": "448256000", "incomeTaxExpense": "106466000", "interestAndDebtExpense": "None", "netIncomeFromContinuingOperations": "341790000", "comprehensiveIncomeNetOfTax": "None", "ebit": "448256000", "ebitda": "527027000", "netIncome": "341790000"}, {"fiscalDateEnding": "2023-03-31", "reportedCurrency": "USD", "grossProfit": "607090000", "totalRevenue": "2368580000", "costOfRevenue": "1761490000", "costofGoodsAndServicesSold": "1761490000", "operatingIncome": "367606000", "sellingGeneralAndAdministrative": "148340000", "researchAndDevelopment": "None", "operatingExpenses": "231123000", "investmentIncomeNet": "None", "netInterestIncome": "8949000", "interestIncome": "8949000", "interestExpense": "8949000", "nonInterestIncome": "None", "otherNonOperatingIncome": "8949000", "depreciation": "None", "depreciationAndAmortization": "76585000", "incomeBeforeTax": "376555000", "incomeTaxExpense": "84911000", "interestAndDebtExpense": "None", "netIncomeFromContinuingOperations": "291644000", "comprehensiveIncomeNetOfTax": "None", "ebit": "376555000", "ebitda": "453140000", "netIncome": "291644000"}, {"fiscalDateEnding": "2022-12-31", "reportedCurrency": "USD", "grossProfit": "522542000", "totalRevenue": "2180599000", "costOfRevenue": "1658057000", "costofGoodsAndServicesSold": "1658057000", "operatingIncome": "296331000", "sellingGeneralAndAdministrative": "135073000", "researchAndDevelopment": "None", "operatingExpenses": "220426000", "investmentIncomeNet": "None", "netInterestIncome": "7057000", "interestIncome": "7057000", "interestExpense": "7057000", "nonInterestIncome": "None", "otherNonOperatingIncome": "7057000", "depreciation": "None", "depreciationAndAmortization": "74012000", "incomeBeforeTax": "303388000", "incomeTaxExpense": "79661000", "interestAndDebtExpense": "None", "netIncomeFromContinuingOperations": "223727000", "comprehensiveIncomeNetOfTax": "None", "ebit": "303388000", "ebitda": "377400000", "netIncome": "223727000"}, {"fiscalDateEnding": "2022-09-30", "reportedCurrency": "USD", "grossProfit": "562546000", "totalRevenue": "2220175000", "costOfRevenue": "1657629000", "costofGoodsAndServicesSold": "1657629000", "operatingIncome": "336253000", "sellingGeneralAndAdministrative": "140896000", "researchAndDevelopment": "None", "operatingExpenses": "212312000", "investmentIncomeNet": "None", "netInterestIncome": "3712000", "interestIncome": "3712000", "interestExpense": "3712000", "nonInterestIncome": "None", "otherNonOperatingIncome": "3712000", "depreciation": "None", "depreciationAndAmortization": "71416000", "incomeBeforeTax": "339965000", "incomeTaxExpense": "82827000", "interestAndDebtExpense": "None", "netIncomeFromContinuingOperations": "257138000", "comprehensiveIncomeNetOfTax": "None", "ebit": "339965000", "ebitda": "411381000", "netIncome": "257138000"}, {"fiscalDateEnding": "2022-06-30", "reportedCurrency": "USD", "grossProfit": "558085000", "totalRevenue": "2213339000", "costOfRevenue": "1655254000", "costofGoodsAndServicesSold": "1655254000", "operatingIncome": "337598000", "sellingGeneralAndAdministrative": "140820000", "researchAndDevelopment": "None", "operatingExpenses": "215806000", "investmentIncomeNet": "None", "netInterestIncome": "10572000", "interestIncome": "10572000", "interestExpense": "10572000", "nonInterestIncome": "None", "otherNonOperatingIncome": "10572000", "depreciation": "None", "depreciationAndAmortization": "69733000", "incomeBeforeTax": "348170000", "incomeTaxExpense": "88228000", "interestAndDebtExpense": "None", "netIncomeFromContinuingOperations": "259942000", "comprehensiveIncomeNetOfTax": "None", "ebit": "348170000", "ebitda": "417903000", "netIncome": "259942000"}, {"fiscalDateEnding": "2022-03-31", "reportedCurrency": "USD", "grossProfit": "418946000", "totalRevenue": "2020539000", "costOfRevenue": "1601593000", "costofGoodsAndServicesSold": "1601593000", "operatingIncome": "190221000", "sellingGeneralAndAdministrative": "147402000", "researchAndDevelopment": "None", "operatingExpenses": "224415000", "investmentIncomeNet": "None", "netInterestIncome": "-213000", "interestIncome": "213000", "interestExpense": "213000", "nonInterestIncome": "None", "otherNonOperatingIncome": "-213000", "depreciation": "None", "depreciationAndAmortization": "71665000", "incomeBeforeTax": "190008000", "incomeTaxExpense": "31714000", "interestAndDebtExpense": "None", "netIncomeFromContinuingOperations": "158294000", "comprehensiveIncomeNetOfTax": "None", "ebit": "190008000", "ebitda": "261673000", "netIncome": "158294000"}, {"fiscalDateEnding": "2021-12-31", "reportedCurrency": "USD", "grossProfit": "396018000", "totalRevenue": "1960633000", "costOfRevenue": "1564615000", "costofGoodsAndServicesSold": "1564615000", "operatingIncome": "158296000", "sellingGeneralAndAdministrative": "159777000", "researchAndDevelopment": "None", "operatingExpenses": "233023000", "investmentIncomeNet": "None", "netInterestIncome": "9263000", "interestIncome": "9263000", "interestExpense": "2294000", "nonInterestIncome": "None", "otherNonOperatingIncome": "9263000", "depreciation": "None", "depreciationAndAmortization": "66262000", "incomeBeforeTax": "167559000", "incomeTaxExpense": "34084000", "interestAndDebtExpense": "None", "netIncomeFromContinuingOperations": "133475000", "comprehensiveIncomeNetOfTax": "None", "ebit": "167559000", "ebitda": "233821000", "netIncome": "133475000"}, {"fiscalDateEnding": "2021-09-30", "reportedCurrency": "USD", "grossProfit": "459353000", "totalRevenue": "1952315000", "costOfRevenue": "1492962000", "costofGoodsAndServicesSold": "1492962000", "operatingIncome": "239680000", "sellingGeneralAndAdministrative": "145930000", "researchAndDevelopment": "None", "operatingExpenses": "215015000", "investmentIncomeNet": "None", "netInterestIncome": "-126000", "interestIncome": "126000", "interestExpense": "126000", "nonInterestIncome": "None", "otherNonOperatingIncome": "-126000", "depreciation": "None", "depreciationAndAmortization": "63191000", "incomeBeforeTax": "239554000", "incomeTaxExpense": "35120000", "interestAndDebtExpense": "None", "netIncomeFromContinuingOperations": "204434000", "comprehensiveIncomeNetOfTax": "None", "ebit": "239554000", "ebitda": "302745000", "netIncome": "204434000"}, {"fiscalDateEnding": "2021-06-30", "reportedCurrency": "USD", "grossProfit": "462882000", "totalRevenue": "1892538000", "costOfRevenue": "1429656000", "costofGoodsAndServicesSold": "1429656000", "operatingIncome": "245525000", "sellingGeneralAndAdministrative": "146044000", "researchAndDevelopment": "None", "operatingExpenses": "213091000", "investmentIncomeNet": "None", "netInterestIncome": "851000", "interestIncome": "851000", "interestExpense": "851000", "nonInterestIncome": "None", "otherNonOperatingIncome": "851000", "depreciation": "None", "depreciationAndAmortization": "118298000", "incomeBeforeTax": "246376000", "incomeTaxExpense": "58402000", "interestAndDebtExpense": "None", "netIncomeFromContinuingOperations": "187974000", "comprehensiveIncomeNetOfTax": "None", "ebit": "198540000", "ebitda": "316838000", "netIncome": "187974000"}, {"fiscalDateEnding": "2021-03-31", "reportedCurrency": "USD", "grossProfit": "388756000", "totalRevenue": "1741575000", "costOfRevenue": "1352819000", "costofGoodsAndServicesSold": "1352819000", "operatingIncome": "161442000", "sellingGeneralAndAdministrative": "155103000", "researchAndDevelopment": "None", "operatingExpenses": "221646000", "investmentIncomeNet": "None", "netInterestIncome": "-2168000", "interestIncome": "2168000", "interestExpense": "2168000", "nonInterestIncome": "None", "otherNonOperatingIncome": "-2168000", "depreciation": "None", "depreciationAndAmortization": "112391000", "incomeBeforeTax": "159274000", "incomeTaxExpense": "32173000", "interestAndDebtExpense": "None", "netIncomeFromContinuingOperations": "127101000", "comprehensiveIncomeNetOfTax": "None", "ebit": "121262000", "ebitda": "233653000", "netIncome": "127101000"}, {"fiscalDateEnding": "2020-12-31", "reportedCurrency": "USD", "grossProfit": "313227000", "totalRevenue": "1607710000", "costOfRevenue": "1294483000", "costofGoodsAndServicesSold": "1294483000", "operatingIncome": "116886000", "sellingGeneralAndAdministrative": "124024000", "researchAndDevelopment": "None", "operatingExpenses": "188477000", "investmentIncomeNet": "None", "netInterestIncome": "846000", "interestIncome": "846000", "interestExpense": "595000", "nonInterestIncome": "None", "otherNonOperatingIncome": "None", "depreciation": "None", "depreciationAndAmortization": "108442000", "incomeBeforeTax": "117732000", "incomeTaxExpense": "-73227000", "interestAndDebtExpense": "None", "netIncomeFromContinuingOperations": "190959000", "comprehensiveIncomeNetOfTax": "None", "ebit": "117732000", "ebitda": "226174000", "netIncome": "190959000"}, {"fiscalDateEnding": "2020-09-30", "reportedCurrency": "USD", "grossProfit": "312225000", "totalRevenue": "1601414000", "costOfRevenue": "1289189000", "costofGoodsAndServicesSold": "1289189000", "operatingIncome": "107096000", "sellingGeneralAndAdministrative": "133150000", "researchAndDevelopment": "None", "operatingExpenses": "197138000", "investmentIncomeNet": "None", "netInterestIncome": "-595000", "interestIncome": "595000", "interestExpense": "595000", "nonInterestIncome": "None", "otherNonOperatingIncome": "-595000", "depreciation": "None", "depreciationAndAmortization": "108093000", "incomeBeforeTax": "106501000", "incomeTaxExpense": "26257000", "interestAndDebtExpense": "None", "netIncomeFromContinuingOperations": "80244000", "comprehensiveIncomeNetOfTax": "None", "ebit": "59183000", "ebitda": "167276000", "netIncome": "80244000"}, {"fiscalDateEnding": "2020-06-30", "reportedCurrency": "USD", "grossProfit": "166762000", "totalRevenue": "1364738000", "costOfRevenue": "1197976000", "costofGoodsAndServicesSold": "1197976000", "operatingIncome": "-4939000", "sellingGeneralAndAdministrative": "102647000", "researchAndDevelopment": "None", "operatingExpenses": "166315000", "investmentIncomeNet": "None", "netInterestIncome": "623000", "interestIncome": "623000", "interestExpense": "None", "nonInterestIncome": "None", "otherNonOperatingIncome": "623000", "depreciation": "None", "depreciationAndAmortization": "105202000", "incomeBeforeTax": "-4316000", "incomeTaxExpense": "-12491000", "interestAndDebtExpense": "None", "netIncomeFromContinuingOperations": "8175000", "comprehensiveIncomeNetOfTax": "None", "ebit": "-4316000", "ebitda": "100886000", "netIncome": "8175000"}, {"fiscalDateEnding": "2020-03-31", "reportedCurrency": "USD", "grossProfit": "248867000", "totalRevenue": "1410772000", "costOfRevenue": "1161905000", "costofGoodsAndServicesSold": "1161905000", "operatingIncome": "71121000", "sellingGeneralAndAdministrative": "106470000", "researchAndDevelopment": "None", "operatingExpenses": "168410000", "investmentIncomeNet": "None", "netInterestIncome": "2743000", "interestIncome": "2743000", "interestExpense": "None", "nonInterestIncome": "None", "otherNonOperatingIncome": "2743000", "depreciation": "None", "depreciationAndAmortization": "101335000", "incomeBeforeTax": "73864000", "incomeTaxExpense": "-2524000", "interestAndDebtExpense": "None", "netIncomeFromContinuingOperations": "76388000", "comprehensiveIncomeNetOfTax": "None", "ebit": "73864000", "ebitda": "175199000", "netIncome": "76388000"}, {"fiscalDateEnding": "2019-12-31", "reportedCurrency": "USD", "grossProfit": "276445000", "totalRevenue": "1440224000", "costOfRevenue": "1163779000", "costofGoodsAndServicesSold": "1163779000", "operatingIncome": "98156000", "sellingGeneralAndAdministrative": "112416000", "researchAndDevelopment": "None", "operatingExpenses": "172551000", "investmentIncomeNet": "None", "netInterestIncome": "2840000", "interestIncome": "2840000", "interestExpense": "None", "nonInterestIncome": "None", "otherNonOperatingIncome": "2840000", "depreciation": "None", "depreciationAndAmortization": "101479000", "incomeBeforeTax": "100996000", "incomeTaxExpense": "28580000", "interestAndDebtExpense": "None", "netIncomeFromContinuingOperations": "72416000", "comprehensiveIncomeNetOfTax": "None", "ebit": "100996000", "ebitda": "202475000", "netIncome": "72416000"}, {"fiscalDateEnding": "2019-09-30", "reportedCurrency": "USD", "grossProfit": "291888000", "totalRevenue": "1403697000", "costOfRevenue": "1111809000", "costofGoodsAndServicesSold": "1111809000", "operatingIncome": "115621000", "sellingGeneralAndAdministrative": "115070000", "researchAndDevelopment": "None", "operatingExpenses": "170340000", "investmentIncomeNet": "None", "netInterestIncome": "4411000", "interestIncome": "4411000", "interestExpense": "None", "nonInterestIncome": "None", "otherNonOperatingIncome": "4411000", "depreciation": "None", "depreciationAndAmortization": "92390000", "incomeBeforeTax": "120032000", "incomeTaxExpense": "21450000", "interestAndDebtExpense": "None", "netIncomeFromContinuingOperations": "98582000", "comprehensiveIncomeNetOfTax": "None", "ebit": "120032000", "ebitda": "212422000", "netIncome": "98582000"}, {"fiscalDateEnding": "2019-06-30", "reportedCurrency": "USD", "grossProfit": "299662000", "totalRevenue": "1434231000", "costOfRevenue": "1134569000", "costofGoodsAndServicesSold": "1134569000", "operatingIncome": "120020000", "sellingGeneralAndAdministrative": "121395000", "researchAndDevelopment": "None", "operatingExpenses": "175155000", "investmentIncomeNet": "None", "netInterestIncome": "3947000", "interestIncome": "3947000", "interestExpense": "None", "nonInterestIncome": "None", "otherNonOperatingIncome": "3947000", "depreciation": "None", "depreciationAndAmortization": "90975000", "incomeBeforeTax": "123967000", "incomeTaxExpense": "32939000", "interestAndDebtExpense": "None", "netIncomeFromContinuingOperations": "91028000", "comprehensiveIncomeNetOfTax": "None", "ebit": "123967000", "ebitda": "214942000", "netIncome": "91028000"}, {"fiscalDateEnding": "2019-03-31", "reportedCurrency": "USD", "grossProfit": "274495000", "totalRevenue": "1308217000", "costOfRevenue": "1033722000", "costofGoodsAndServicesSold": "1033722000", "operatingIncome": "110161000", "sellingGeneralAndAdministrative": "102671000", "researchAndDevelopment": "None", "operatingExpenses": "157392000", "investmentIncomeNet": "None", "netInterestIncome": "3129000", "interestIncome": "None", "interestExpense": "None", "nonInterestIncome": "None", "otherNonOperatingIncome": "3129000", "depreciation": "None", "depreciationAndAmortization": "91886000", "incomeBeforeTax": "113290000", "incomeTaxExpense": "25158000", "interestAndDebtExpense": "None", "netIncomeFromContinuingOperations": "88132000", "comprehensiveIncomeNetOfTax": "None", "ebit": "113290000", "ebitda": "205176000", "netIncome": "88132000"}, {"fiscalDateEnding": "2018-12-31", "reportedCurrency": "USD", "grossProfit": "208309000", "totalRevenue": "1225061000", "costOfRevenue": "1016752000", "costofGoodsAndServicesSold": "1016752000", "operatingIncome": "39612000", "sellingGeneralAndAdministrative": "103720000", "researchAndDevelopment": "0", "operatingExpenses": "158693000", "investmentIncomeNet": "None", "netInterestIncome": "None", "interestIncome": "None", "interestExpense": "0", "nonInterestIncome": "None", "otherNonOperatingIncome": "3858000", "depreciation": "None", "depreciationAndAmortization": "53217000", "incomeBeforeTax": "43470000", "incomeTaxExpense": "11451000", "interestAndDebtExpense": "None", "netIncomeFromContinuingOperations": "32019000", "comprehensiveIncomeNetOfTax": "None", "ebit": "51372000", "ebitda": "104589000", "netIncome": "32019000"}, {"fiscalDateEnding": "2018-09-30", "reportedCurrency": "USD", "grossProfit": "228750000", "totalRevenue": "1225007000", "costOfRevenue": "996257000", "costofGoodsAndServicesSold": "996257000", "operatingIncome": "57991000", "sellingGeneralAndAdministrative": "109524000", "researchAndDevelopment": "0", "operatingExpenses": "164305000", "investmentIncomeNet": "None", "netInterestIncome": "None", "interestIncome": "None", "interestExpense": "0", "nonInterestIncome": "None", "otherNonOperatingIncome": "2493000", "depreciation": "None", "depreciationAndAmortization": "52654000", "incomeBeforeTax": "60484000", "incomeTaxExpense": "22280000", "interestAndDebtExpense": "None", "netIncomeFromContinuingOperations": "38204000", "comprehensiveIncomeNetOfTax": "None", "ebit": "60484000", "ebitda": "113138000", "netIncome": "38204000"}, {"fiscalDateEnding": "2018-06-30", "reportedCurrency": "USD", "grossProfit": "249639000", "totalRevenue": "1266520000", "costOfRevenue": "1016881000", "costofGoodsAndServicesSold": "1016881000", "operatingIncome": "67957000", "sellingGeneralAndAdministrative": "85153000", "researchAndDevelopment": "0", "operatingExpenses": "136360000", "investmentIncomeNet": "None", "netInterestIncome": "None", "interestIncome": "None", "interestExpense": "0", "nonInterestIncome": "None", "otherNonOperatingIncome": "2323000", "depreciation": "None", "depreciationAndAmortization": "49193000", "incomeBeforeTax": "70280000", "incomeTaxExpense": "23396000", "interestAndDebtExpense": "None", "netIncomeFromContinuingOperations": "46884000", "comprehensiveIncomeNetOfTax": "None", "ebit": "70280000", "ebitda": "119473000", "netIncome": "46884000"}, {"fiscalDateEnding": "2018-03-31", "reportedCurrency": "USD", "grossProfit": "224294000", "totalRevenue": "1148397000", "costOfRevenue": "924103000", "costofGoodsAndServicesSold": "924103000", "operatingIncome": "92808000", "sellingGeneralAndAdministrative": "77063000", "researchAndDevelopment": "0", "operatingExpenses": "126627000", "investmentIncomeNet": "None", "netInterestIncome": "None", "interestIncome": "None", "interestExpense": "0", "nonInterestIncome": "None", "otherNonOperatingIncome": "1394000", "depreciation": "None", "depreciationAndAmortization": "46915000", "incomeBeforeTax": "94202000", "incomeTaxExpense": "34756000", "interestAndDebtExpense": "None", "netIncomeFromContinuingOperations": "59446000", "comprehensiveIncomeNetOfTax": "None", "ebit": "94202000", "ebitda": "141117000", "netIncome": "59446000"}, {"fiscalDateEnding": "2017-12-31", "reportedCurrency": "USD", "grossProfit": "165070000", "totalRevenue": "1110100000", "costOfRevenue": "945030000", "costofGoodsAndServicesSold": "945030000", "operatingIncome": "60029000", "sellingGeneralAndAdministrative": "57690000", "researchAndDevelopment": "0", "operatingExpenses": "101709000", "investmentIncomeNet": "None", "netInterestIncome": "None", "interestIncome": "None", "interestExpense": "0", "nonInterestIncome": "None", "otherNonOperatingIncome": "1437000", "depreciation": "None", "depreciationAndAmortization": "41442000", "incomeBeforeTax": "61466000", "incomeTaxExpense": "17673000", "interestAndDebtExpense": "None", "netIncomeFromContinuingOperations": "43793000", "comprehensiveIncomeNetOfTax": "None", "ebit": "61466000", "ebitda": "102908000", "netIncome": "43793000"}, {"fiscalDateEnding": "2017-09-30", "reportedCurrency": "USD", "grossProfit": "181134000", "totalRevenue": "1128074000", "costOfRevenue": "946940000", "costofGoodsAndServicesSold": "946940000", "operatingIncome": "30867000", "sellingGeneralAndAdministrative": "99182000", "researchAndDevelopment": "0", "operatingExpenses": "143520000", "investmentIncomeNet": "None", "netInterestIncome": "None", "interestIncome": "None", "interestExpense": "0", "nonInterestIncome": "None", "otherNonOperatingIncome": "1275000", "depreciation": "None", "depreciationAndAmortization": "41546000", "incomeBeforeTax": "32142000", "incomeTaxExpense": "12532000", "interestAndDebtExpense": "None", "netIncomeFromContinuingOperations": "19610000", "comprehensiveIncomeNetOfTax": "None", "ebit": "32142000", "ebitda": "73688000", "netIncome": "19610000"}, {"fiscalDateEnding": "2017-06-30", "reportedCurrency": "USD", "grossProfit": "220400000", "totalRevenue": "1169409000", "costOfRevenue": "949009000", "costofGoodsAndServicesSold": "949009000", "operatingIncome": "106725000", "sellingGeneralAndAdministrative": "70075000", "researchAndDevelopment": "0", "operatingExpenses": "114059000", "investmentIncomeNet": "None", "netInterestIncome": "None", "interestIncome": "None", "interestExpense": "0", "nonInterestIncome": "None", "otherNonOperatingIncome": "1049000", "depreciation": "None", "depreciationAndAmortization": "41081000", "incomeBeforeTax": "107774000", "incomeTaxExpense": "41044000", "interestAndDebtExpense": "None", "netIncomeFromContinuingOperations": "66730000", "comprehensiveIncomeNetOfTax": "None", "ebit": "107774000", "ebitda": "148855000", "netIncome": "66730000"}, {"fiscalDateEnding": "2017-03-31", "reportedCurrency": "USD", "grossProfit": "189612000", "totalRevenue": "1068829000", "costOfRevenue": "879217000", "costofGoodsAndServicesSold": "879217000", "operatingIncome": "73173000", "sellingGeneralAndAdministrative": "69441000", "researchAndDevelopment": "0", "operatingExpenses": "112789000", "investmentIncomeNet": "None", "netInterestIncome": "None", "interestIncome": "None", "interestExpense": "0", "nonInterestIncome": "None", "otherNonOperatingIncome": "1188000", "depreciation": "None", "depreciationAndAmortization": "39279000", "incomeBeforeTax": "74361000", "incomeTaxExpense": "28241000", "interestAndDebtExpense": "None", "netIncomeFromContinuingOperations": "46120000", "comprehensiveIncomeNetOfTax": "None", "ebit": "74361000", "ebitda": "113640000", "netIncome": "46120000"}, {"fiscalDateEnding": "2016-12-31", "reportedCurrency": "USD", "grossProfit": "139646000", "totalRevenue": "1034560000", "costOfRevenue": "894914000", "costofGoodsAndServicesSold": "894914000", "operatingIncome": "30550000", "sellingGeneralAndAdministrative": "65069000", "researchAndDevelopment": "0", "operatingExpenses": "107259000", "investmentIncomeNet": "None", "netInterestIncome": "None", "interestIncome": "None", "interestExpense": "4172000", "nonInterestIncome": "None", "otherNonOperatingIncome": "588000", "depreciation": "None", "depreciationAndAmortization": "38072000", "incomeBeforeTax": "31138000", "incomeTaxExpense": "15163000", "interestAndDebtExpense": "None", "netIncomeFromContinuingOperations": "15975000", "comprehensiveIncomeNetOfTax": "None", "ebit": "31138000", "ebitda": "69210000", "netIncome": "15975000"}, {"fiscalDateEnding": "2016-09-30", "reportedCurrency": "USD", "grossProfit": "146692000", "totalRevenue": "1036982000", "costOfRevenue": "890290000", "costofGoodsAndServicesSold": "890290000", "operatingIncome": "9726000", "sellingGeneralAndAdministrative": "78405000", "researchAndDevelopment": "0", "operatingExpenses": "120329000", "investmentIncomeNet": "None", "netInterestIncome": "None", "interestIncome": "None", "interestExpense": "0", "nonInterestIncome": "None", "otherNonOperatingIncome": "672000", "depreciation": "None", "depreciationAndAmortization": "37434000", "incomeBeforeTax": "10398000", "incomeTaxExpense": "2599000", "interestAndDebtExpense": "None", "netIncomeFromContinuingOperations": "7799000", "comprehensiveIncomeNetOfTax": "None", "ebit": "30853000", "ebitda": "68287000", "netIncome": "7799000"}, {"fiscalDateEnding": "2016-06-30", "reportedCurrency": "USD", "grossProfit": "155045000", "totalRevenue": "998383000", "costOfRevenue": "843338000", "costofGoodsAndServicesSold": "843338000", "operatingIncome": "40895000", "sellingGeneralAndAdministrative": "70756000", "researchAndDevelopment": "0", "operatingExpenses": "110963000", "investmentIncomeNet": "None", "netInterestIncome": "None", "interestIncome": "None", "interestExpense": "786000", "nonInterestIncome": "None", "otherNonOperatingIncome": "786000", "depreciation": "None", "depreciationAndAmortization": "36074000", "incomeBeforeTax": "41681000", "incomeTaxExpense": "16085000", "interestAndDebtExpense": "None", "netIncomeFromContinuingOperations": "25596000", "comprehensiveIncomeNetOfTax": "None", "ebit": "48215000", "ebitda": "84289000", "netIncome": "25596000"}, {"fiscalDateEnding": "2016-03-31", "reportedCurrency": "USD", "grossProfit": "56831000", "totalRevenue": "834459000", "costOfRevenue": "777628000", "costofGoodsAndServicesSold": "777628000", "operatingIncome": "-46604000", "sellingGeneralAndAdministrative": "62010000", "researchAndDevelopment": "0", "operatingExpenses": "101219000", "investmentIncomeNet": "None", "netInterestIncome": "None", "interestIncome": "None", "interestExpense": "2126000", "nonInterestIncome": "None", "otherNonOperatingIncome": "2126000", "depreciation": "None", "depreciationAndAmortization": "34788000", "incomeBeforeTax": "-44478000", "incomeTaxExpense": "-18046000", "interestAndDebtExpense": "None", "netIncomeFromContinuingOperations": "-26432000", "comprehensiveIncomeNetOfTax": "None", "ebit": "-42352000", "ebitda": "-7564000", "netIncome": "-26432000"}, {"fiscalDateEnding": "2015-12-31", "reportedCurrency": "USD", "grossProfit": "195530000", "totalRevenue": "997507000", "costOfRevenue": "801977000", "costofGoodsAndServicesSold": "801977000", "operatingIncome": "103613000", "sellingGeneralAndAdministrative": "46875000", "researchAndDevelopment": "0", "operatingExpenses": "86467000", "investmentIncomeNet": "None", "netInterestIncome": "None", "interestIncome": "None", "interestExpense": "6278000", "nonInterestIncome": "None", "otherNonOperatingIncome": "1795000", "depreciation": "None", "depreciationAndAmortization": "34140000", "incomeBeforeTax": "105408000", "incomeTaxExpense": "37534000", "interestAndDebtExpense": "None", "netIncomeFromContinuingOperations": "67874000", "comprehensiveIncomeNetOfTax": "None", "ebit": "114515000", "ebitda": "148655000", "netIncome": "67874000"}, {"fiscalDateEnding": "2015-09-30", "reportedCurrency": "USD", "grossProfit": "344493000", "totalRevenue": "1216890000", "costOfRevenue": "872397000", "costofGoodsAndServicesSold": "872397000", "operatingIncome": "234759000", "sellingGeneralAndAdministrative": "70066000", "researchAndDevelopment": "0", "operatingExpenses": "107578000", "investmentIncomeNet": "None", "netInterestIncome": "None", "interestIncome": "None", "interestExpense": "1518000", "nonInterestIncome": "None", "otherNonOperatingIncome": "1518000", "depreciation": "None", "depreciationAndAmortization": "33145000", "incomeBeforeTax": "236277000", "incomeTaxExpense": "91394000", "interestAndDebtExpense": "None", "netIncomeFromContinuingOperations": "144883000", "comprehensiveIncomeNetOfTax": "None", "ebit": "241282000", "ebitda": "274427000", "netIncome": "144883000"}, {"fiscalDateEnding": "2015-06-30", "reportedCurrency": "USD", "grossProfit": "335124000", "totalRevenue": "1197783000", "costOfRevenue": "862659000", "costofGoodsAndServicesSold": "862659000", "operatingIncome": "227416000", "sellingGeneralAndAdministrative": "70212000", "researchAndDevelopment": "0", "operatingExpenses": "106320000", "investmentIncomeNet": "None", "netInterestIncome": "None", "interestIncome": "None", "interestExpense": "1742000", "nonInterestIncome": "None", "otherNonOperatingIncome": "1742000", "depreciation": "None", "depreciationAndAmortization": "32440000", "incomeBeforeTax": "229158000", "incomeTaxExpense": "88954000", "interestAndDebtExpense": "None", "netIncomeFromContinuingOperations": "140204000", "comprehensiveIncomeNetOfTax": "None", "ebit": "232472000", "ebitda": "264912000", "netIncome": "140204000"}, {"fiscalDateEnding": "2015-03-31", "reportedCurrency": "USD", "grossProfit": "299140000", "totalRevenue": "1089043000", "costOfRevenue": "789903000", "costofGoodsAndServicesSold": "789903000", "operatingIncome": "197801000", "sellingGeneralAndAdministrative": "63061000", "researchAndDevelopment": "0", "operatingExpenses": "97139000", "investmentIncomeNet": "None", "netInterestIncome": "None", "interestIncome": "None", "interestExpense": "1223000", "nonInterestIncome": "None", "otherNonOperatingIncome": "1223000", "depreciation": "None", "depreciationAndAmortization": "30643000", "incomeBeforeTax": "199024000", "incomeTaxExpense": "76383000", "interestAndDebtExpense": "None", "netIncomeFromContinuingOperations": "122641000", "comprehensiveIncomeNetOfTax": "None", "ebit": "205436000", "ebitda": "236079000", "netIncome": "122641000"}, {"fiscalDateEnding": "2014-12-31", "reportedCurrency": "USD", "grossProfit": "284848000", "totalRevenue": "1069811000", "costOfRevenue": "784963000", "costofGoodsAndServicesSold": "784963000", "operatingIncome": "187872000", "sellingGeneralAndAdministrative": "60929000", "researchAndDevelopment": "0", "operatingExpenses": "94767000", "investmentIncomeNet": "None", "netInterestIncome": "None", "interestIncome": "None", "interestExpense": "3503000", "nonInterestIncome": "None", "otherNonOperatingIncome": "885000", "depreciation": "None", "depreciationAndAmortization": "29750000", "incomeBeforeTax": "188757000", "incomeTaxExpense": "67523000", "interestAndDebtExpense": "None", "netIncomeFromContinuingOperations": "121234000", "comprehensiveIncomeNetOfTax": "None", "ebit": "194169000", "ebitda": "223919000", "netIncome": "121234000"}, {"fiscalDateEnding": "2014-09-30", "reportedCurrency": "USD", "grossProfit": "312004000", "totalRevenue": "1084222000", "costOfRevenue": "772218000", "costofGoodsAndServicesSold": "772218000", "operatingIncome": "207436000", "sellingGeneralAndAdministrative": "71172000", "researchAndDevelopment": "0", "operatingExpenses": "102962000", "investmentIncomeNet": "None", "netInterestIncome": "None", "interestIncome": "None", "interestExpense": "785000", "nonInterestIncome": "None", "otherNonOperatingIncome": "785000", "depreciation": "None", "depreciationAndAmortization": "27961000", "incomeBeforeTax": "208221000", "incomeTaxExpense": "77420000", "interestAndDebtExpense": "None", "netIncomeFromContinuingOperations": "130801000", "comprehensiveIncomeNetOfTax": "None", "ebit": "212871000", "ebitda": "240832000", "netIncome": "130801000"}, {"fiscalDateEnding": "2014-06-30", "reportedCurrency": "USD", "grossProfit": "286724000", "totalRevenue": "1050073000", "costOfRevenue": "763349000", "costofGoodsAndServicesSold": "763349000", "operatingIncome": "179842000", "sellingGeneralAndAdministrative": "74879000", "researchAndDevelopment": "0", "operatingExpenses": "105280000", "investmentIncomeNet": "None", "netInterestIncome": "None", "interestIncome": "None", "interestExpense": "1144000", "nonInterestIncome": "None", "otherNonOperatingIncome": "1144000", "depreciation": "None", "depreciationAndAmortization": "27009000", "incomeBeforeTax": "180986000", "incomeTaxExpense": "70716000", "interestAndDebtExpense": "None", "netIncomeFromContinuingOperations": "110270000", "comprehensiveIncomeNetOfTax": "None", "ebit": "184836000", "ebitda": "211845000", "netIncome": "110270000"}, {"fiscalDateEnding": "2014-03-31", "reportedCurrency": "USD", "grossProfit": "234180000", "totalRevenue": "904163000", "costOfRevenue": "669983000", "costofGoodsAndServicesSold": "669983000", "operatingIncome": "135650000", "sellingGeneralAndAdministrative": "66917000", "researchAndDevelopment": "0", "operatingExpenses": "96971000", "investmentIncomeNet": "None", "netInterestIncome": "None", "interestIncome": "None", "interestExpense": "689000", "nonInterestIncome": "None", "otherNonOperatingIncome": "689000", "depreciation": "None", "depreciationAndAmortization": "25754000", "incomeBeforeTax": "136339000", "incomeTaxExpense": "53270000", "interestAndDebtExpense": "None", "netIncomeFromContinuingOperations": "83069000", "comprehensiveIncomeNetOfTax": "None", "ebit": "141509000", "ebitda": "167263000", "netIncome": "83069000"}, {"fiscalDateEnding": "2013-12-31", "reportedCurrency": "USD", "grossProfit": "216233000", "totalRevenue": "844147000", "costOfRevenue": "627914000", "costofGoodsAndServicesSold": "627914000", "operatingIncome": "129104000", "sellingGeneralAndAdministrative": "55844000", "researchAndDevelopment": "0", "operatingExpenses": "85522000", "investmentIncomeNet": "None", "netInterestIncome": "None", "interestIncome": "None", "interestExpense": "1751000", "nonInterestIncome": "None", "otherNonOperatingIncome": "390000", "depreciation": "None", "depreciationAndAmortization": "24903000", "incomeBeforeTax": "129494000", "incomeTaxExpense": "49872000", "interestAndDebtExpense": "None", "netIncomeFromContinuingOperations": "79622000", "comprehensiveIncomeNetOfTax": "None", "ebit": "135486000", "ebitda": "160389000", "netIncome": "79622000"}, {"fiscalDateEnding": "2013-09-30", "reportedCurrency": "USD", "grossProfit": "221507000", "totalRevenue": "826907000", "costOfRevenue": "605400000", "costofGoodsAndServicesSold": "605400000", "operatingIncome": "137154000", "sellingGeneralAndAdministrative": "52726000", "researchAndDevelopment": "0", "operatingExpenses": "81948000", "investmentIncomeNet": "None", "netInterestIncome": "None", "interestIncome": "None", "interestExpense": "0", "nonInterestIncome": "None", "otherNonOperatingIncome": "765000", "depreciation": "None", "depreciationAndAmortization": "24618000", "incomeBeforeTax": "137919000", "incomeTaxExpense": "54540000", "interestAndDebtExpense": "None", "netIncomeFromContinuingOperations": "83379000", "comprehensiveIncomeNetOfTax": "None", "ebit": "144163000", "ebitda": "168781000", "netIncome": "83379000"}, {"fiscalDateEnding": "2013-06-30", "reportedCurrency": "USD", "grossProfit": "225612000", "totalRevenue": "816786000", "costOfRevenue": "591174000", "costofGoodsAndServicesSold": "591174000", "operatingIncome": "146418000", "sellingGeneralAndAdministrative": "50952000", "researchAndDevelopment": "0", "operatingExpenses": "77795000", "investmentIncomeNet": "None", "netInterestIncome": "None", "interestIncome": "None", "interestExpense": "0", "nonInterestIncome": "None", "otherNonOperatingIncome": "330000", "depreciation": "None", "depreciationAndAmortization": "23597000", "incomeBeforeTax": "146748000", "incomeTaxExpense": "58895000", "interestAndDebtExpense": "None", "netIncomeFromContinuingOperations": "87853000", "comprehensiveIncomeNetOfTax": "None", "ebit": "151063000", "ebitda": "174660000", "netIncome": "87853000"}, {"fiscalDateEnding": "2013-03-31", "reportedCurrency": "USD", "grossProfit": "191417000", "totalRevenue": "726751000", "costOfRevenue": "535334000", "costofGoodsAndServicesSold": "535334000", "operatingIncome": "120044000", "sellingGeneralAndAdministrative": "44211000", "researchAndDevelopment": "0", "operatingExpenses": "70033000", "investmentIncomeNet": "None", "netInterestIncome": "None", "interestIncome": "None", "interestExpense": "0", "nonInterestIncome": "None", "otherNonOperatingIncome": "266000", "depreciation": "None", "depreciationAndAmortization": "22936000", "incomeBeforeTax": "120310000", "incomeTaxExpense": "43726000", "interestAndDebtExpense": "None", "netIncomeFromContinuingOperations": "76584000", "comprehensiveIncomeNetOfTax": "None", "ebit": "124270000", "ebitda": "147206000", "netIncome": "76584000"}, {"fiscalDateEnding": "2012-12-31", "reportedCurrency": "USD", "grossProfit": "171789000", "totalRevenue": "699161000", "costOfRevenue": "527372000", "costofGoodsAndServicesSold": "527372000", "operatingIncome": "102188000", "sellingGeneralAndAdministrative": "34648000", "researchAndDevelopment": "0", "operatingExpenses": "68698000", "investmentIncomeNet": "None", "netInterestIncome": "None", "interestIncome": "None", "interestExpense": "1820000", "nonInterestIncome": "None", "otherNonOperatingIncome": "462000", "depreciation": "None", "depreciationAndAmortization": "22141000", "incomeBeforeTax": "102650000", "incomeTaxExpense": "41297000", "interestAndDebtExpense": "None", "netIncomeFromContinuingOperations": "61353000", "comprehensiveIncomeNetOfTax": "None", "ebit": "115000000", "ebitda": "137141000", "netIncome": "61353000"}, {"fiscalDateEnding": "2012-09-30", "reportedCurrency": "USD", "grossProfit": "191802000", "totalRevenue": "700528000", "costOfRevenue": "508726000", "costofGoodsAndServicesSold": "508726000", "operatingIncome": "117663000", "sellingGeneralAndAdministrative": "51378000", "researchAndDevelopment": "0", "operatingExpenses": "72740000", "investmentIncomeNet": "None", "netInterestIncome": "None", "interestIncome": "None", "interestExpense": "547000", "nonInterestIncome": "None", "otherNonOperatingIncome": "547000", "depreciation": "None", "depreciationAndAmortization": "21362000", "incomeBeforeTax": "118210000", "incomeTaxExpense": "45910000", "interestAndDebtExpense": "None", "netIncomeFromContinuingOperations": "72300000", "comprehensiveIncomeNetOfTax": "None", "ebit": "121834000", "ebitda": "143196000", "netIncome": "72300000"}, {"fiscalDateEnding": "2012-06-30", "reportedCurrency": "USD", "grossProfit": "201409000", "totalRevenue": "690932000", "costOfRevenue": "489523000", "costofGoodsAndServicesSold": "489523000", "operatingIncome": "133790000", "sellingGeneralAndAdministrative": "45601000", "researchAndDevelopment": "0", "operatingExpenses": "66144000", "investmentIncomeNet": "None", "netInterestIncome": "None", "interestIncome": "None", "interestExpense": "377000", "nonInterestIncome": "None", "otherNonOperatingIncome": "377000", "depreciation": "None", "depreciationAndAmortization": "20543000", "incomeBeforeTax": "134167000", "incomeTaxExpense": "52484000", "interestAndDebtExpense": "None", "netIncomeFromContinuingOperations": "81683000", "comprehensiveIncomeNetOfTax": "None", "ebit": "138571000", "ebitda": "159114000", "netIncome": "81683000"}, {"fiscalDateEnding": "2012-03-31", "reportedCurrency": "USD", "grossProfit": "175340000", "totalRevenue": "640603000", "costOfRevenue": "465263000", "costofGoodsAndServicesSold": "465263000", "operatingIncome": "102224000", "sellingGeneralAndAdministrative": "51782000", "researchAndDevelopment": "0", "operatingExpenses": "71866000", "investmentIncomeNet": "None", "netInterestIncome": "None", "interestIncome": "None", "interestExpense": "0", "nonInterestIncome": "None", "otherNonOperatingIncome": "434000", "depreciation": "None", "depreciationAndAmortization": "20084000", "incomeBeforeTax": "102658000", "incomeTaxExpense": "39994000", "interestAndDebtExpense": "None", "netIncomeFromContinuingOperations": "62664000", "comprehensiveIncomeNetOfTax": "None", "ebit": "105922000", "ebitda": "126006000", "netIncome": "62664000"}, {"fiscalDateEnding": "2011-12-31", "reportedCurrency": "USD", "grossProfit": "155689000", "totalRevenue": "596749000", "costOfRevenue": "441060000", "costofGoodsAndServicesSold": "441060000", "operatingIncome": "93868000", "sellingGeneralAndAdministrative": "41133000", "researchAndDevelopment": "0", "operatingExpenses": "60331000", "investmentIncomeNet": "None", "netInterestIncome": "None", "interestIncome": "None", "interestExpense": "157000", "nonInterestIncome": "None", "otherNonOperatingIncome": "414000", "depreciation": "None", "depreciationAndAmortization": "19198000", "incomeBeforeTax": "94282000", "incomeTaxExpense": "36809000", "interestAndDebtExpense": "None", "netIncomeFromContinuingOperations": "57473000", "comprehensiveIncomeNetOfTax": "None", "ebit": "94439000", "ebitda": "113637000", "netIncome": "57473000"}, {"fiscalDateEnding": "2011-09-30", "reportedCurrency": "USD", "grossProfit": "157731000", "totalRevenue": "591854000", "costOfRevenue": "434123000", "costofGoodsAndServicesSold": "434123000", "operatingIncome": "98010000", "sellingGeneralAndAdministrative": "39702000", "researchAndDevelopment": "0", "operatingExpenses": "58443000", "investmentIncomeNet": "None", "netInterestIncome": "None", "interestIncome": "None", "interestExpense": "119000", "nonInterestIncome": "None", "otherNonOperatingIncome": "448000", "depreciation": "None", "depreciationAndAmortization": "18741000", "incomeBeforeTax": "98458000", "incomeTaxExpense": "38025000", "interestAndDebtExpense": "None", "netIncomeFromContinuingOperations": "60433000", "comprehensiveIncomeNetOfTax": "None", "ebit": "99288000", "ebitda": "118029000", "netIncome": "60433000"}, {"fiscalDateEnding": "2011-06-30", "reportedCurrency": "USD", "grossProfit": "-236121000", "totalRevenue": "188121000", "costOfRevenue": "424242000", "costofGoodsAndServicesSold": "424242000", "operatingIncome": "83863000", "sellingGeneralAndAdministrative": "43574000", "researchAndDevelopment": "0", "operatingExpenses": "62079000", "investmentIncomeNet": "None", "netInterestIncome": "None", "interestIncome": "None", "interestExpense": "2481000", "nonInterestIncome": "None", "otherNonOperatingIncome": "-2006000", "depreciation": "None", "depreciationAndAmortization": "18505000", "incomeBeforeTax": "81857000", "incomeTaxExpense": "31200000", "interestAndDebtExpense": "None", "netIncomeFromContinuingOperations": "50657000", "comprehensiveIncomeNetOfTax": "None", "ebit": "85240000", "ebitda": "103745000", "netIncome": "50657000"}, {"fiscalDateEnding": "2011-03-31", "reportedCurrency": "USD", "grossProfit": "128488000", "totalRevenue": "509384000", "costOfRevenue": "380896000", "costofGoodsAndServicesSold": "380896000", "operatingIncome": "74821000", "sellingGeneralAndAdministrative": "33512000", "researchAndDevelopment": "0", "operatingExpenses": "53667000", "investmentIncomeNet": "None", "netInterestIncome": "None", "interestIncome": "None", "interestExpense": "188000", "nonInterestIncome": "None", "otherNonOperatingIncome": "287000", "depreciation": "None", "depreciationAndAmortization": "18494000", "incomeBeforeTax": "75108000", "incomeTaxExpense": "28726000", "interestAndDebtExpense": "None", "netIncomeFromContinuingOperations": "46382000", "comprehensiveIncomeNetOfTax": "None", "ebit": "76482000", "ebitda": "94976000", "netIncome": "46382000"}, {"fiscalDateEnding": "2010-12-31", "reportedCurrency": "USD", "grossProfit": "125142000", "totalRevenue": "482521000", "costOfRevenue": "357379000", "costofGoodsAndServicesSold": "357379000", "operatingIncome": "73992000", "sellingGeneralAndAdministrative": "31331000", "researchAndDevelopment": "0", "operatingExpenses": "51150000", "investmentIncomeNet": "None", "netInterestIncome": "None", "interestIncome": "None", "interestExpense": "91000", "nonInterestIncome": "None", "otherNonOperatingIncome": "None", "depreciation": "None", "depreciationAndAmortization": "17815000", "incomeBeforeTax": "74303000", "incomeTaxExpense": "27858000", "interestAndDebtExpense": "None", "netIncomeFromContinuingOperations": "0", "comprehensiveIncomeNetOfTax": "None", "ebit": "74394000", "ebitda": "92209000", "netIncome": "46445000"}, {"fiscalDateEnding": "2010-09-30", "reportedCurrency": "USD", "grossProfit": "131879000", "totalRevenue": "476874000", "costOfRevenue": "344995000", "costofGoodsAndServicesSold": "344995000", "operatingIncome": "77584000", "sellingGeneralAndAdministrative": "35465000", "researchAndDevelopment": "0", "operatingExpenses": "54295000", "investmentIncomeNet": "None", "netInterestIncome": "None", "interestIncome": "None", "interestExpense": "14000", "nonInterestIncome": "None", "otherNonOperatingIncome": "381000", "depreciation": "None", "depreciationAndAmortization": "17319000", "incomeBeforeTax": "77965000", "incomeTaxExpense": "29737000", "interestAndDebtExpense": "None", "netIncomeFromContinuingOperations": "48228000", "comprehensiveIncomeNetOfTax": "None", "ebit": "77979000", "ebitda": "95298000", "netIncome": "48228000"}, {"fiscalDateEnding": "2010-06-30", "reportedCurrency": "USD", "grossProfit": "125389000", "totalRevenue": "466841000", "costOfRevenue": "341452000", "costofGoodsAndServicesSold": "341452000", "operatingIncome": "74959000", "sellingGeneralAndAdministrative": "31865000", "researchAndDevelopment": "0", "operatingExpenses": "50430000", "investmentIncomeNet": "None", "netInterestIncome": "None", "interestIncome": "None", "interestExpense": "85000", "nonInterestIncome": "None", "otherNonOperatingIncome": "342000", "depreciation": "None", "depreciationAndAmortization": "17053000", "incomeBeforeTax": "75301000", "incomeTaxExpense": "28840000", "interestAndDebtExpense": "None", "netIncomeFromContinuingOperations": "46461000", "comprehensiveIncomeNetOfTax": "None", "ebit": "75386000", "ebitda": "92439000", "netIncome": "46461000"}, {"fiscalDateEnding": "2010-03-31", "reportedCurrency": "USD", "grossProfit": "106995000", "totalRevenue": "409686000", "costOfRevenue": "302691000", "costofGoodsAndServicesSold": "302691000", "operatingIncome": "61296000", "sellingGeneralAndAdministrative": "27696000", "researchAndDevelopment": "0", "operatingExpenses": "45699000", "investmentIncomeNet": "None", "netInterestIncome": "None", "interestIncome": "None", "interestExpense": "79000", "nonInterestIncome": "None", "otherNonOperatingIncome": "None", "depreciation": "None", "depreciationAndAmortization": "16734000", "incomeBeforeTax": "61492000", "incomeTaxExpense": "23645000", "interestAndDebtExpense": "None", "netIncomeFromContinuingOperations": "0", "comprehensiveIncomeNetOfTax": "None", "ebit": "61571000", "ebitda": "78305000", "netIncome": "37847000"}, {"fiscalDateEnding": "2009-12-31", "reportedCurrency": "USD", "grossProfit": "95012000", "totalRevenue": "387544000", "costOfRevenue": "292532000", "costofGoodsAndServicesSold": "292532000", "operatingIncome": "50385000", "sellingGeneralAndAdministrative": "27483000", "researchAndDevelopment": "0", "operatingExpenses": "44627000", "investmentIncomeNet": "None", "netInterestIncome": "None", "interestIncome": "None", "interestExpense": "72000", "nonInterestIncome": "None", "otherNonOperatingIncome": "None", "depreciation": "None", "depreciationAndAmortization": "15940000", "incomeBeforeTax": "50615000", "incomeTaxExpense": "19019000", "interestAndDebtExpense": "None", "netIncomeFromContinuingOperations": "0", "comprehensiveIncomeNetOfTax": "None", "ebit": "50687000", "ebitda": "66627000", "netIncome": "31596000"}, {"fiscalDateEnding": "2009-09-30", "reportedCurrency": "USD", "grossProfit": "98894000", "totalRevenue": "387581000", "costOfRevenue": "288687000", "costofGoodsAndServicesSold": "288687000", "operatingIncome": "54809000", "sellingGeneralAndAdministrative": "27090000", "researchAndDevelopment": "0", "operatingExpenses": "44085000", "investmentIncomeNet": "None", "netInterestIncome": "None", "interestIncome": "None", "interestExpense": "74000", "nonInterestIncome": "None", "otherNonOperatingIncome": "None", "depreciation": "None", "depreciationAndAmortization": "15451000", "incomeBeforeTax": "54867000", "incomeTaxExpense": "20403000", "interestAndDebtExpense": "None", "netIncomeFromContinuingOperations": "0", "comprehensiveIncomeNetOfTax": "None", "ebit": "54941000", "ebitda": "70392000", "netIncome": "34464000"}, {"fiscalDateEnding": "2009-06-30", "reportedCurrency": "USD", "grossProfit": "101228000", "totalRevenue": "388836000", "costOfRevenue": "287608000", "costofGoodsAndServicesSold": "287608000", "operatingIncome": "57322000", "sellingGeneralAndAdministrative": "27365000", "researchAndDevelopment": "0", "operatingExpenses": "43906000", "investmentIncomeNet": "None", "netInterestIncome": "None", "interestIncome": "None", "interestExpense": "186000", "nonInterestIncome": "None", "otherNonOperatingIncome": "None", "depreciation": "None", "depreciationAndAmortization": "15197000", "incomeBeforeTax": "57429000", "incomeTaxExpense": "22036000", "interestAndDebtExpense": "None", "netIncomeFromContinuingOperations": "0", "comprehensiveIncomeNetOfTax": "None", "ebit": "57615000", "ebitda": "72812000", "netIncome": "35393000"}, {"fiscalDateEnding": "2009-03-31", "reportedCurrency": "USD", "grossProfit": "41189000", "totalRevenue": "354456000", "costOfRevenue": "313267000", "costofGoodsAndServicesSold": "313267000", "operatingIncome": "41189000", "sellingGeneralAndAdministrative": "25612000", "researchAndDevelopment": "0", "operatingExpenses": "42196000", "investmentIncomeNet": "None", "netInterestIncome": "None", "interestIncome": "None", "interestExpense": "73000", "nonInterestIncome": "None", "otherNonOperatingIncome": "None", "depreciation": "None", "depreciationAndAmortization": "14720000", "incomeBeforeTax": "41314000", "incomeTaxExpense": "15922000", "interestAndDebtExpense": "None", "netIncomeFromContinuingOperations": "0", "comprehensiveIncomeNetOfTax": "None", "ebit": "41387000", "ebitda": "56107000", "netIncome": "25392000"}, {"fiscalDateEnding": "2008-12-31", "reportedCurrency": "USD", "grossProfit": "72897000", "totalRevenue": "345344000", "costOfRevenue": "272447000", "costofGoodsAndServicesSold": "272447000", "operatingIncome": "22662000", "sellingGeneralAndAdministrative": "35890000", "researchAndDevelopment": "0", "operatingExpenses": "59353000", "investmentIncomeNet": "None", "netInterestIncome": "None", "interestIncome": "None", "interestExpense": "302000", "nonInterestIncome": "None", "otherNonOperatingIncome": "None", "depreciation": "None", "depreciationAndAmortization": "14124000", "incomeBeforeTax": "28069000", "incomeTaxExpense": "11096000", "interestAndDebtExpense": "None", "netIncomeFromContinuingOperations": "0", "comprehensiveIncomeNetOfTax": "None", "ebit": "17013000", "ebitda": "31137000", "netIncome": "16973000"}, {"fiscalDateEnding": "2008-09-30", "reportedCurrency": "USD", "grossProfit": "72735000", "totalRevenue": "340543000", "costOfRevenue": "267808000", "costofGoodsAndServicesSold": "267808000", "operatingIncome": "31058000", "sellingGeneralAndAdministrative": "22645000", "researchAndDevelopment": "0", "operatingExpenses": "38793000", "investmentIncomeNet": "None", "netInterestIncome": "None", "interestIncome": "None", "interestExpense": "78000", "nonInterestIncome": "None", "otherNonOperatingIncome": "None", "depreciation": "None", "depreciationAndAmortization": "13769000", "incomeBeforeTax": "31911000", "incomeTaxExpense": "12434000", "interestAndDebtExpense": "None", "netIncomeFromContinuingOperations": "0", "comprehensiveIncomeNetOfTax": "None", "ebit": "31989000", "ebitda": "45758000", "netIncome": "19477000"}, {"fiscalDateEnding": "2008-06-30", "reportedCurrency": "USD", "grossProfit": "76478000", "totalRevenue": "340754000", "costOfRevenue": "264276000", "costofGoodsAndServicesSold": "264276000", "operatingIncome": "38314000", "sellingGeneralAndAdministrative": "24087000", "researchAndDevelopment": "0", "operatingExpenses": "38164000", "investmentIncomeNet": "None", "netInterestIncome": "None", "interestIncome": "None", "interestExpense": "75000", "nonInterestIncome": "None", "otherNonOperatingIncome": "None", "depreciation": "None", "depreciationAndAmortization": "12707000", "incomeBeforeTax": "39164000", "incomeTaxExpense": "14696000", "interestAndDebtExpense": "None", "netIncomeFromContinuingOperations": "0", "comprehensiveIncomeNetOfTax": "None", "ebit": "39239000", "ebitda": "51946000", "netIncome": "24468000"}, {"fiscalDateEnding": "2008-03-31", "reportedCurrency": "USD", "grossProfit": "64817000", "totalRevenue": "305327000", "costOfRevenue": "240510000", "costofGoodsAndServicesSold": "240510000", "operatingIncome": "26793000", "sellingGeneralAndAdministrative": "24391000", "researchAndDevelopment": "0", "operatingExpenses": "38024000", "investmentIncomeNet": "None", "netInterestIncome": "None", "interestIncome": "None", "interestExpense": "74000", "nonInterestIncome": "None", "otherNonOperatingIncome": "None", "depreciation": "None", "depreciationAndAmortization": "12170000", "incomeBeforeTax": "28062000", "incomeTaxExpense": "10778000", "interestAndDebtExpense": "None", "netIncomeFromContinuingOperations": "0", "comprehensiveIncomeNetOfTax": "None", "ebit": "28136000", "ebitda": "40306000", "netIncome": "17284000"}, {"fiscalDateEnding": "2007-12-31", "reportedCurrency": "USD", "grossProfit": "63889000", "totalRevenue": "288910000", "costOfRevenue": "225021000", "costofGoodsAndServicesSold": "225021000", "operatingIncome": "27911000", "sellingGeneralAndAdministrative": "13911000", "researchAndDevelopment": "0", "operatingExpenses": "26393000", "investmentIncomeNet": "None", "netInterestIncome": "None", "interestIncome": "None", "interestExpense": "296000", "nonInterestIncome": "None", "otherNonOperatingIncome": "None", "depreciation": "None", "depreciationAndAmortization": "11688000", "incomeBeforeTax": "28881000", "incomeTaxExpense": "11343000", "interestAndDebtExpense": "None", "netIncomeFromContinuingOperations": "0", "comprehensiveIncomeNetOfTax": "None", "ebit": "37496000", "ebitda": "49184000", "netIncome": "17538000"}, {"fiscalDateEnding": "2007-09-30", "reportedCurrency": "USD", "grossProfit": "65976000", "totalRevenue": "286431000", "costOfRevenue": "220455000", "costofGoodsAndServicesSold": "220455000", "operatingIncome": "31396000", "sellingGeneralAndAdministrative": "21629000", "researchAndDevelopment": "0", "operatingExpenses": "34580000", "investmentIncomeNet": "None", "netInterestIncome": "None", "interestIncome": "None", "interestExpense": "74000", "nonInterestIncome": "None", "otherNonOperatingIncome": "None", "depreciation": "None", "depreciationAndAmortization": "11167000", "incomeBeforeTax": "32919000", "incomeTaxExpense": "12315000", "interestAndDebtExpense": "None", "netIncomeFromContinuingOperations": "0", "comprehensiveIncomeNetOfTax": "None", "ebit": "31396000", "ebitda": "42563000", "netIncome": "20604000"}, {"fiscalDateEnding": "2007-06-30", "reportedCurrency": "USD", "grossProfit": "63780000", "totalRevenue": "274346000", "costOfRevenue": "210566000", "costofGoodsAndServicesSold": "210566000", "operatingIncome": "30682000", "sellingGeneralAndAdministrative": "20679000", "researchAndDevelopment": "0", "operatingExpenses": "33098000", "investmentIncomeNet": "None", "netInterestIncome": "None", "interestIncome": "None", "interestExpense": "74000", "nonInterestIncome": "None", "otherNonOperatingIncome": "None", "depreciation": "None", "depreciationAndAmortization": "10576000", "incomeBeforeTax": "32138000", "incomeTaxExpense": "12157000", "interestAndDebtExpense": "None", "netIncomeFromContinuingOperations": "0", "comprehensiveIncomeNetOfTax": "None", "ebit": "30682000", "ebitda": "41258000", "netIncome": "19981000"}, {"fiscalDateEnding": "2007-03-31", "reportedCurrency": "USD", "grossProfit": "48924000", "totalRevenue": "236095000", "costOfRevenue": "187171000", "costofGoodsAndServicesSold": "187171000", "operatingIncome": "18649000", "sellingGeneralAndAdministrative": "18819000", "researchAndDevelopment": "0", "operatingExpenses": "30275000", "investmentIncomeNet": "None", "netInterestIncome": "None", "interestIncome": "None", "interestExpense": "75000", "nonInterestIncome": "None", "otherNonOperatingIncome": "None", "depreciation": "None", "depreciationAndAmortization": "10164000", "incomeBeforeTax": "20064000", "incomeTaxExpense": "7624000", "interestAndDebtExpense": "None", "netIncomeFromContinuingOperations": "0", "comprehensiveIncomeNetOfTax": "None", "ebit": "18649000", "ebitda": "28813000", "netIncome": "12440000"}, {"fiscalDateEnding": "2006-12-31", "reportedCurrency": "USD", "grossProfit": "44659000", "totalRevenue": "219719000", "costOfRevenue": "175060000", "costofGoodsAndServicesSold": "175060000", "operatingIncome": "15496000", "sellingGeneralAndAdministrative": "11983000", "researchAndDevelopment": "0", "operatingExpenses": "29163000", "investmentIncomeNet": "None", "netInterestIncome": "None", "interestIncome": "None", "interestExpense": "271000", "nonInterestIncome": "None", "otherNonOperatingIncome": "None", "depreciation": "None", "depreciationAndAmortization": "9265000", "incomeBeforeTax": "17389000", "incomeTaxExpense": "6548000", "interestAndDebtExpense": "None", "netIncomeFromContinuingOperations": "0", "comprehensiveIncomeNetOfTax": "None", "ebit": "15496000", "ebitda": "24761000", "netIncome": "10841000"}, {"fiscalDateEnding": "2006-09-30", "reportedCurrency": "USD", "grossProfit": "45411000", "totalRevenue": "211260000", "costOfRevenue": "165849000", "costofGoodsAndServicesSold": "165849000", "operatingIncome": "17853000", "sellingGeneralAndAdministrative": "17776000", "researchAndDevelopment": "0", "operatingExpenses": "27558000", "investmentIncomeNet": "None", "netInterestIncome": "None", "interestIncome": "None", "interestExpense": "68000", "nonInterestIncome": "None", "otherNonOperatingIncome": "None", "depreciation": "None", "depreciationAndAmortization": "8676000", "incomeBeforeTax": "19800000", "incomeTaxExpense": "7998000", "interestAndDebtExpense": "None", "netIncomeFromContinuingOperations": "0", "comprehensiveIncomeNetOfTax": "None", "ebit": "17853000", "ebitda": "26529000", "netIncome": "11802000"}, {"fiscalDateEnding": "2006-06-30", "reportedCurrency": "USD", "grossProfit": "44443000", "totalRevenue": "204936000", "costOfRevenue": "160493000", "costofGoodsAndServicesSold": "160493000", "operatingIncome": "15870000", "sellingGeneralAndAdministrative": "19148000", "researchAndDevelopment": "0", "operatingExpenses": "28573000", "investmentIncomeNet": "None", "netInterestIncome": "None", "interestIncome": "None", "interestExpense": "65000", "nonInterestIncome": "None", "otherNonOperatingIncome": "None", "depreciation": "None", "depreciationAndAmortization": "8309000", "incomeBeforeTax": "17427000", "incomeTaxExpense": "6635000", "interestAndDebtExpense": "None", "netIncomeFromContinuingOperations": "0", "comprehensiveIncomeNetOfTax": "None", "ebit": "15870000", "ebitda": "24179000", "netIncome": "10792000"}, {"fiscalDateEnding": "2006-03-31", "reportedCurrency": "USD", "grossProfit": "37736000", "totalRevenue": "187015000", "costOfRevenue": "149279000", "costofGoodsAndServicesSold": "149279000", "operatingIncome": "12733000", "sellingGeneralAndAdministrative": "16377000", "researchAndDevelopment": "0", "operatingExpenses": "25003000", "investmentIncomeNet": "None", "netInterestIncome": "None", "interestIncome": "None", "interestExpense": "64000", "nonInterestIncome": "None", "otherNonOperatingIncome": "None", "depreciation": "None", "depreciationAndAmortization": "8003000", "incomeBeforeTax": "13639000", "incomeTaxExpense": "5651000", "interestAndDebtExpense": "None", "netIncomeFromContinuingOperations": "0", "comprehensiveIncomeNetOfTax": "None", "ebit": "12733000", "ebitda": "20736000", "netIncome": "7988000"}, {"fiscalDateEnding": "2005-12-31", "reportedCurrency": "USD", "grossProfit": "32158000", "totalRevenue": "173313000", "costOfRevenue": "141155000", "costofGoodsAndServicesSold": "141155000", "operatingIncome": "7735000", "sellingGeneralAndAdministrative": "15476000", "researchAndDevelopment": "0", "operatingExpenses": "24423000", "investmentIncomeNet": "None", "netInterestIncome": "None", "interestIncome": "None", "interestExpense": "127000", "nonInterestIncome": "None", "otherNonOperatingIncome": "None", "depreciation": "None", "depreciationAndAmortization": "7634000", "incomeBeforeTax": "7621000", "incomeTaxExpense": "3359000", "interestAndDebtExpense": "None", "netIncomeFromContinuingOperations": "0", "comprehensiveIncomeNetOfTax": "None", "ebit": "7735000", "ebitda": "15369000", "netIncome": "4262000"}, {"fiscalDateEnding": "2005-09-30", "reportedCurrency": "USD", "grossProfit": "82704000", "totalRevenue": "151461000", "costOfRevenue": "68757000", "costofGoodsAndServicesSold": "68757000", "operatingIncome": "7753000", "sellingGeneralAndAdministrative": "67551000", "researchAndDevelopment": "0", "operatingExpenses": "74951000", "investmentIncomeNet": "None", "netInterestIncome": "None", "interestIncome": "None", "interestExpense": "248000", "nonInterestIncome": "None", "otherNonOperatingIncome": "None", "depreciation": "None", "depreciationAndAmortization": "6797000", "incomeBeforeTax": "7540000", "incomeTaxExpense": "-3605000", "interestAndDebtExpense": "None", "netIncomeFromContinuingOperations": "0", "comprehensiveIncomeNetOfTax": "None", "ebit": "9908000", "ebitda": "16705000", "netIncome": "11145000"}, {"fiscalDateEnding": "2005-06-30", "reportedCurrency": "USD", "grossProfit": "0", "totalRevenue": "156296000", "costOfRevenue": "125256000", "costofGoodsAndServicesSold": "125256000", "operatingIncome": "10169000", "sellingGeneralAndAdministrative": "14142000", "researchAndDevelopment": "0", "operatingExpenses": "0", "investmentIncomeNet": "None", "netInterestIncome": "None", "interestIncome": "None", "interestExpense": "336000", "nonInterestIncome": "None", "otherNonOperatingIncome": "None", "depreciation": "None", "depreciationAndAmortization": "None", "incomeBeforeTax": "8985000", "incomeTaxExpense": "-1757000", "interestAndDebtExpense": "None", "netIncomeFromContinuingOperations": "0", "comprehensiveIncomeNetOfTax": "None", "ebit": "0", "ebitda": "None", "netIncome": "25725000"}, {"fiscalDateEnding": "2005-03-31", "reportedCurrency": "USD", "grossProfit": "0", "totalRevenue": "133416000", "costOfRevenue": "110584000", "costofGoodsAndServicesSold": "110584000", "operatingIncome": "4707000", "sellingGeneralAndAdministrative": "11668000", "researchAndDevelopment": "0", "operatingExpenses": "0", "investmentIncomeNet": "None", "netInterestIncome": "None", "interestIncome": "None", "interestExpense": "79000", "nonInterestIncome": "None", "otherNonOperatingIncome": "None", "depreciation": "None", "depreciationAndAmortization": "None", "incomeBeforeTax": "4383000", "incomeTaxExpense": "1757000", "interestAndDebtExpense": "None", "netIncomeFromContinuingOperations": "0", "comprehensiveIncomeNetOfTax": "None", "ebit": "0", "ebitda": "None", "netIncome": "2626000"}, {"fiscalDateEnding": "2004-12-31", "reportedCurrency": "USD", "grossProfit": "76615000", "totalRevenue": "127468000", "costOfRevenue": "394106000", "costofGoodsAndServicesSold": "394106000", "operatingIncome": "7784000", "sellingGeneralAndAdministrative": "47029000", "researchAndDevelopment": "0", "operatingExpenses": "0", "investmentIncomeNet": "None", "netInterestIncome": "None", "interestIncome": "None", "interestExpense": "191000", "nonInterestIncome": "None", "otherNonOperatingIncome": "None", "depreciation": "None", "depreciationAndAmortization": "None", "incomeBeforeTax": "1833000", "incomeTaxExpense": "0", "interestAndDebtExpense": "None", "netIncomeFromContinuingOperations": "0", "comprehensiveIncomeNetOfTax": "None", "ebit": "0", "ebitda": "None", "netIncome": "1833000"}]}