{"symbol": "KMX", "annualReports": [{"fiscalDateEnding": "2025-02-28", "reportedCurrency": "USD", "grossProfit": "2897901000", "totalRevenue": "26353420000", "costOfRevenue": "23455519000", "costofGoodsAndServicesSold": "23455519000", "operatingIncome": "462497000", "sellingGeneralAndAdministrative": "2250600000", "researchAndDevelopment": "None", "operatingExpenses": "2435404000", "investmentIncomeNet": "None", "netInterestIncome": "901459000", "interestIncome": "1853900000", "interestExpense": "107941000", "nonInterestIncome": "None", "otherNonOperatingIncome": "None", "depreciation": "None", "depreciationAndAmortization": "255321000", "incomeBeforeTax": "669360000", "incomeTaxExpense": "168804000", "interestAndDebtExpense": "None", "netIncomeFromContinuingOperations": "500556000", "comprehensiveIncomeNetOfTax": "None", "ebit": "777301000", "ebitda": "1032622000", "netIncome": "500556000"}, {"fiscalDateEnding": "2024-02-29", "reportedCurrency": "USD", "grossProfit": "2713209000", "totalRevenue": "26536040000", "costOfRevenue": "23822831000", "costofGoodsAndServicesSold": "23822831000", "operatingIncome": "942202000", "sellingGeneralAndAdministrative": "2021978001", "researchAndDevelopment": "52900000", "operatingExpenses": "2286378000", "investmentIncomeNet": "None", "netInterestIncome": "837050000", "interestIncome": "1677400000", "interestExpense": "840350000", "nonInterestIncome": "None", "otherNonOperatingIncome": "None", "depreciation": "None", "depreciationAndAmortization": "276800000", "incomeBeforeTax": "641595000", "incomeTaxExpense": "162391000", "interestAndDebtExpense": "None", "netIncomeFromContinuingOperations": "479204000", "comprehensiveIncomeNetOfTax": "None", "ebit": "766345000", "ebitda": "1043145000", "netIncome": "479204000"}, {"fiscalDateEnding": "2023-02-28", "reportedCurrency": "USD", "grossProfit": "2800203000", "totalRevenue": "29684873000", "costOfRevenue": "26884670000", "costofGoodsAndServicesSold": "26884670000", "operatingIncome": "1067502000", "sellingGeneralAndAdministrative": "2198900000", "researchAndDevelopment": "13225000", "operatingExpenses": "3032849000", "investmentIncomeNet": "None", "netInterestIncome": "860002000", "interestIncome": "1441500000", "interestExpense": "430698000", "nonInterestIncome": "None", "otherNonOperatingIncome": "None", "depreciation": "None", "depreciationAndAmortization": "265224000", "incomeBeforeTax": "636804000", "incomeTaxExpense": "152042000", "interestAndDebtExpense": "None", "netIncomeFromContinuingOperations": "484762000", "comprehensiveIncomeNetOfTax": "None", "ebit": "757201999", "ebitda": "1022425999", "netIncome": "484762000"}, {"fiscalDateEnding": "2022-02-28", "reportedCurrency": "USD", "grossProfit": "3287542000", "totalRevenue": "31900412000", "costOfRevenue": "28612870000", "costofGoodsAndServicesSold": "28612870000", "operatingIncome": "1815241000", "sellingGeneralAndAdministrative": "1999300000", "researchAndDevelopment": "5668000", "operatingExpenses": "2678856000", "investmentIncomeNet": "None", "netInterestIncome": "849105000", "interestIncome": "1296800000", "interestExpense": "322895000", "nonInterestIncome": "None", "otherNonOperatingIncome": "None", "depreciation": "None", "depreciationAndAmortization": "273188000", "incomeBeforeTax": "1492346000", "incomeTaxExpense": "341049000", "interestAndDebtExpense": "None", "netIncomeFromContinuingOperations": "1151297000", "comprehensiveIncomeNetOfTax": "None", "ebit": "1551873000", "ebitda": "1825061000", "netIncome": "1151297000"}, {"fiscalDateEnding": "2021-02-28", "reportedCurrency": "USD", "grossProfit": "2379125000", "totalRevenue": "18950149000", "costOfRevenue": "16571024000", "costofGoodsAndServicesSold": "16571024000", "operatingIncome": "1051435000", "sellingGeneralAndAdministrative": "1727300000", "researchAndDevelopment": "None", "operatingExpenses": "1898775000", "investmentIncomeNet": "None", "netInterestIncome": "476632000", "interestIncome": "562810000", "interestExpense": "86178000", "nonInterestIncome": "None", "otherNonOperatingIncome": "8275000", "depreciation": "None", "depreciationAndAmortization": "242156000", "incomeBeforeTax": "965257000", "incomeTaxExpense": "218338000", "interestAndDebtExpense": "None", "netIncomeFromContinuingOperations": "746919000", "comprehensiveIncomeNetOfTax": "None", "ebit": "1043160000", "ebitda": "1285316000", "netIncome": "746919000"}, {"fiscalDateEnding": "2020-02-29", "reportedCurrency": "USD", "grossProfit": "2722340000", "totalRevenue": "20319987000", "costOfRevenue": "17597647000", "costofGoodsAndServicesSold": "17597647000", "operatingIncome": "1243993000", "sellingGeneralAndAdministrative": "1748800000", "researchAndDevelopment": "None", "operatingExpenses": "1940067000", "investmentIncomeNet": "None", "netInterestIncome": "373023000", "interestIncome": "456030000", "interestExpense": "83007000", "nonInterestIncome": "None", "otherNonOperatingIncome": "5690000", "depreciation": "None", "depreciationAndAmortization": "215811000", "incomeBeforeTax": "1160986000", "incomeTaxExpense": "272553000", "interestAndDebtExpense": "None", "netIncomeFromContinuingOperations": "888433000", "comprehensiveIncomeNetOfTax": "None", "ebit": "1238303000", "ebitda": "1454114000", "netIncome": "888433000"}, {"fiscalDateEnding": "2019-02-28", "reportedCurrency": "USD", "grossProfit": "2480591000", "totalRevenue": "18173100000", "costOfRevenue": "15692509000", "costofGoodsAndServicesSold": "15692509000", "operatingIncome": "1188598000", "sellingGeneralAndAdministrative": "1563900000", "researchAndDevelopment": "0", "operatingExpenses": "1730275000", "investmentIncomeNet": "None", "netInterestIncome": "362898000", "interestIncome": "438690000", "interestExpense": "75792000", "nonInterestIncome": "None", "otherNonOperatingIncome": "-408000", "depreciation": "None", "depreciationAndAmortization": "182247000", "incomeBeforeTax": "1112806000", "incomeTaxExpense": "270393000", "interestAndDebtExpense": "None", "netIncomeFromContinuingOperations": "842413000", "comprehensiveIncomeNetOfTax": "None", "ebit": "1189006000", "ebitda": "1371253000", "netIncome": "842413000"}, {"fiscalDateEnding": "2018-02-28", "reportedCurrency": "USD", "grossProfit": "2328859000", "totalRevenue": "17120209000", "costOfRevenue": "14791350000", "costofGoodsAndServicesSold": "14791350000", "operatingIncome": "1134353000", "sellingGeneralAndAdministrative": "1459351000", "researchAndDevelopment": "0", "operatingExpenses": "1617051000", "investmentIncomeNet": "None", "netInterestIncome": "350437000", "interestIncome": "421182000", "interestExpense": "70745000", "nonInterestIncome": "None", "otherNonOperatingIncome": "1363000", "depreciation": "None", "depreciationAndAmortization": "179942000", "incomeBeforeTax": "1063608000", "incomeTaxExpense": "399496000", "interestAndDebtExpense": "None", "netIncomeFromContinuingOperations": "664112000", "comprehensiveIncomeNetOfTax": "None", "ebit": "1134353000", "ebitda": "1314295000", "netIncome": "664112000"}, {"fiscalDateEnding": "2017-02-28", "reportedCurrency": "USD", "grossProfit": "2183294000", "totalRevenue": "15875118000", "costOfRevenue": "13691824000", "costofGoodsAndServicesSold": "13691824000", "operatingIncome": "1062821000", "sellingGeneralAndAdministrative": "1344300000", "researchAndDevelopment": "0", "operatingExpenses": "1488500000", "investmentIncomeNet": "None", "netInterestIncome": "312568000", "interestIncome": "368984000", "interestExpense": "56416000", "nonInterestIncome": "None", "otherNonOperatingIncome": "-953000", "depreciation": "None", "depreciationAndAmortization": "168875000", "incomeBeforeTax": "1006405000", "incomeTaxExpense": "379435000", "interestAndDebtExpense": "None", "netIncomeFromContinuingOperations": "626970000", "comprehensiveIncomeNetOfTax": "None", "ebit": "1062821000", "ebitda": "1231696000", "netIncome": "626970000"}, {"fiscalDateEnding": "2016-02-29", "reportedCurrency": "USD", "grossProfit": "2018760000", "totalRevenue": "15149675000", "costOfRevenue": "13130915000", "costofGoodsAndServicesSold": "13130915000", "operatingIncome": "1046302000", "sellingGeneralAndAdministrative": "1211300000", "researchAndDevelopment": "0", "operatingExpenses": "1351900000", "investmentIncomeNet": "None", "netInterestIncome": "None", "interestIncome": "None", "interestExpense": "36358000", "nonInterestIncome": "None", "otherNonOperatingIncome": "-12559000", "depreciation": "None", "depreciationAndAmortization": "137360000", "incomeBeforeTax": "1009944000", "incomeTaxExpense": "386516000", "interestAndDebtExpense": "None", "netIncomeFromContinuingOperations": "623428000", "comprehensiveIncomeNetOfTax": "None", "ebit": "1046302000", "ebitda": "1183662000", "netIncome": "623428000"}, {"fiscalDateEnding": "2015-02-28", "reportedCurrency": "USD", "grossProfit": "1887527000", "totalRevenue": "14268716000", "costOfRevenue": "12381189000", "costofGoodsAndServicesSold": "12381189000", "operatingIncome": "993804000", "sellingGeneralAndAdministrative": "1134900000", "researchAndDevelopment": "0", "operatingExpenses": "1257700000", "investmentIncomeNet": "None", "netInterestIncome": "None", "interestIncome": "None", "interestExpense": "24473000", "nonInterestIncome": "None", "otherNonOperatingIncome": "-3292000", "depreciation": "None", "depreciationAndAmortization": "115173000", "incomeBeforeTax": "969331000", "incomeTaxExpense": "371973000", "interestAndDebtExpense": "None", "netIncomeFromContinuingOperations": "597358000", "comprehensiveIncomeNetOfTax": "None", "ebit": "993804000", "ebitda": "1108977000", "netIncome": "597358000"}, {"fiscalDateEnding": "2014-02-28", "reportedCurrency": "USD", "grossProfit": "1648701000", "totalRevenue": "12574299000", "costOfRevenue": "10925598000", "costofGoodsAndServicesSold": "10925598000", "operatingIncome": "828156000", "sellingGeneralAndAdministrative": "1043000", "researchAndDevelopment": "0", "operatingExpenses": "1155200", "investmentIncomeNet": "None", "netInterestIncome": "None", "interestIncome": "None", "interestExpense": "30834000", "nonInterestIncome": "None", "otherNonOperatingIncome": "-1497000", "depreciation": "None", "depreciationAndAmortization": "101911000", "incomeBeforeTax": "797322000", "incomeTaxExpense": "304736000", "interestAndDebtExpense": "None", "netIncomeFromContinuingOperations": "492586000", "comprehensiveIncomeNetOfTax": "None", "ebit": "828156000", "ebitda": "930067000", "netIncome": "492586000"}, {"fiscalDateEnding": "2013-02-28", "reportedCurrency": "USD", "grossProfit": "1464362000", "totalRevenue": "10962818000", "costOfRevenue": "9498456000", "costofGoodsAndServicesSold": "9498456000", "operatingIncome": "733708000", "sellingGeneralAndAdministrative": "924700000", "researchAndDevelopment": "0", "operatingExpenses": "1031000000", "investmentIncomeNet": "None", "netInterestIncome": "None", "interestIncome": "None", "interestExpense": "32357000", "nonInterestIncome": "None", "otherNonOperatingIncome": "1113000", "depreciation": "None", "depreciationAndAmortization": "95283000", "incomeBeforeTax": "701351000", "incomeTaxExpense": "267067000", "interestAndDebtExpense": "None", "netIncomeFromContinuingOperations": "701351000", "comprehensiveIncomeNetOfTax": "None", "ebit": "733708000", "ebitda": "828991000", "netIncome": "434284000"}, {"fiscalDateEnding": "2012-02-29", "reportedCurrency": "USD", "grossProfit": "1378761000", "totalRevenue": "10003599000", "costOfRevenue": "8624838000", "costofGoodsAndServicesSold": "8624838000", "operatingIncome": "404261000", "sellingGeneralAndAdministrative": "940786000", "researchAndDevelopment": "0", "operatingExpenses": "940786000", "investmentIncomeNet": "None", "netInterestIncome": "None", "interestIncome": "None", "interestExpense": "33714000", "nonInterestIncome": "None", "otherNonOperatingIncome": "464000", "depreciation": "None", "depreciationAndAmortization": "82812000", "incomeBeforeTax": "666910000", "incomeTaxExpense": "253115000", "interestAndDebtExpense": "None", "netIncomeFromContinuingOperations": "413795000", "comprehensiveIncomeNetOfTax": "None", "ebit": "700624000", "ebitda": "783436000", "netIncome": "413795000"}, {"fiscalDateEnding": "2011-02-28", "reportedCurrency": "USD", "grossProfit": "1301228000", "totalRevenue": "8975554000", "costOfRevenue": "7674326000", "costofGoodsAndServicesSold": "7674326000", "operatingIncome": "393507000", "sellingGeneralAndAdministrative": "905091000", "researchAndDevelopment": "0", "operatingExpenses": "905091000", "investmentIncomeNet": "None", "netInterestIncome": "None", "interestIncome": "None", "interestExpense": "3110000", "nonInterestIncome": "None", "otherNonOperatingIncome": "480000", "depreciation": "None", "depreciationAndAmortization": "59421000", "incomeBeforeTax": "613490000", "incomeTaxExpense": "232612000", "interestAndDebtExpense": "None", "netIncomeFromContinuingOperations": "380878000", "comprehensiveIncomeNetOfTax": "None", "ebit": "616600000", "ebitda": "676021000", "netIncome": "380878000"}, {"fiscalDateEnding": "2010-02-28", "reportedCurrency": "USD", "grossProfit": "1098870000", "totalRevenue": "7470193000", "costOfRevenue": "6371323000", "costofGoodsAndServicesSold": "6371323000", "operatingIncome": "455956000", "sellingGeneralAndAdministrative": "818691000", "researchAndDevelopment": "None", "operatingExpenses": "819811000", "investmentIncomeNet": "None", "netInterestIncome": "None", "interestIncome": "None", "interestExpense": "3460000", "nonInterestIncome": "None", "otherNonOperatingIncome": "None", "depreciation": "None", "depreciationAndAmortization": "58328000", "incomeBeforeTax": "452496000", "incomeTaxExpense": "170828000", "interestAndDebtExpense": "None", "netIncomeFromContinuingOperations": "None", "comprehensiveIncomeNetOfTax": "None", "ebit": "455956000", "ebitda": "514284000", "netIncome": "281668000"}, {"fiscalDateEnding": "2009-02-28", "reportedCurrency": "USD", "grossProfit": "968170000", "totalRevenue": "6973966000", "costOfRevenue": "6005796000", "costofGoodsAndServicesSold": "6005796000", "operatingIncome": "81512000", "sellingGeneralAndAdministrative": "882358000", "researchAndDevelopment": "None", "operatingExpenses": "882358000", "investmentIncomeNet": "None", "netInterestIncome": "None", "interestIncome": "None", "interestExpense": "6086000", "nonInterestIncome": "None", "otherNonOperatingIncome": "None", "depreciation": "None", "depreciationAndAmortization": "54741000", "incomeBeforeTax": "96798000", "incomeTaxExpense": "37585000", "interestAndDebtExpense": "None", "netIncomeFromContinuingOperations": "None", "comprehensiveIncomeNetOfTax": "None", "ebit": "102884000", "ebitda": "157625000", "netIncome": "59213000"}, {"fiscalDateEnding": "2008-02-29", "reportedCurrency": "USD", "grossProfit": "1072425000", "totalRevenue": "8199571000", "costOfRevenue": "7127146000", "costofGoodsAndServicesSold": "7127146000", "operatingIncome": "214053000", "sellingGeneralAndAdministrative": "858372000", "researchAndDevelopment": "None", "operatingExpenses": "858372000", "investmentIncomeNet": "None", "netInterestIncome": "None", "interestIncome": "None", "interestExpense": "4955000", "nonInterestIncome": "None", "otherNonOperatingIncome": "None", "depreciation": "None", "depreciationAndAmortization": "46615000", "incomeBeforeTax": "297069000", "incomeTaxExpense": "115044000", "interestAndDebtExpense": "None", "netIncomeFromContinuingOperations": "None", "comprehensiveIncomeNetOfTax": "None", "ebit": "302024000", "ebitda": "348639000", "netIncome": "182025000"}, {"fiscalDateEnding": "2007-02-28", "reportedCurrency": "USD", "grossProfit": "971062000", "totalRevenue": "7465656000", "costOfRevenue": "6494594000", "costofGoodsAndServicesSold": "6494594000", "operatingIncome": "323349000", "sellingGeneralAndAdministrative": "776168000", "researchAndDevelopment": "None", "operatingExpenses": "776168000", "investmentIncomeNet": "None", "netInterestIncome": "None", "interestIncome": "None", "interestExpense": "0", "nonInterestIncome": "None", "otherNonOperatingIncome": "None", "depreciation": "None", "depreciationAndAmortization": "34551000", "incomeBeforeTax": "323349000", "incomeTaxExpense": "124752000", "interestAndDebtExpense": "None", "netIncomeFromContinuingOperations": "None", "comprehensiveIncomeNetOfTax": "None", "ebit": "194894000", "ebitda": "229445000", "netIncome": "198597000"}, {"fiscalDateEnding": "2006-02-28", "reportedCurrency": "USD", "grossProfit": "790714000", "totalRevenue": "6259967000", "costOfRevenue": "5469253000", "costofGoodsAndServicesSold": "5469253000", "operatingIncome": "239983000", "sellingGeneralAndAdministrative": "651988000", "researchAndDevelopment": "None", "operatingExpenses": "651988000", "investmentIncomeNet": "None", "netInterestIncome": "None", "interestIncome": "None", "interestExpense": "0", "nonInterestIncome": "None", "otherNonOperatingIncome": "None", "depreciation": "None", "depreciationAndAmortization": "26746000", "incomeBeforeTax": "239983000", "incomeTaxExpense": "91928000", "interestAndDebtExpense": "None", "netIncomeFromContinuingOperations": "None", "comprehensiveIncomeNetOfTax": "None", "ebit": "138672000", "ebitda": "165418000", "netIncome": "148055000"}], "quarterlyReports": [{"fiscalDateEnding": "2025-02-28", "reportedCurrency": "USD", "grossProfit": "667893000", "totalRevenue": "6003123000", "costOfRevenue": "5335230000", "costofGoodsAndServicesSold": "5335230000", "operatingIncome": "-99551000", "sellingGeneralAndAdministrative": "557700000", "researchAndDevelopment": "None", "operatingExpenses": "767444000", "investmentIncomeNet": "None", "netInterestIncome": "227060000", "interestIncome": "467700000", "interestExpense": "218140000", "nonInterestIncome": "None", "otherNonOperatingIncome": "None", "depreciation": "None", "depreciationAndAmortization": "77469000", "incomeBeforeTax": "118404000", "incomeTaxExpense": "28538000", "interestAndDebtExpense": "None", "netIncomeFromContinuingOperations": "89866000", "comprehensiveIncomeNetOfTax": "None", "ebit": "336544000", "ebitda": "414013000", "netIncome": "89866000"}, {"fiscalDateEnding": "2024-11-30", "reportedCurrency": "USD", "grossProfit": "677646000", "totalRevenue": "6223371000", "costOfRevenue": "5545725000", "costofGoodsAndServicesSold": "5545725000", "operatingIncome": "-58561000", "sellingGeneralAndAdministrative": "541000000", "researchAndDevelopment": "None", "operatingExpenses": "736207000", "investmentIncomeNet": "None", "netInterestIncome": "230382000", "interestIncome": "469200000", "interestExpense": "218618000", "nonInterestIncome": "None", "otherNonOperatingIncome": "None", "depreciation": "None", "depreciationAndAmortization": "75368000", "incomeBeforeTax": "166472000", "incomeTaxExpense": "41031000", "interestAndDebtExpense": "None", "netIncomeFromContinuingOperations": "125441000", "comprehensiveIncomeNetOfTax": "None", "ebit": "385090000", "ebitda": "460458000", "netIncome": "125441000"}, {"fiscalDateEnding": "2024-08-31", "reportedCurrency": "USD", "grossProfit": "760467000", "totalRevenue": "7013529000", "costOfRevenue": "6253062000", "costofGoodsAndServicesSold": "6253062000", "operatingIncome": "149905000", "sellingGeneralAndAdministrative": "547562000", "researchAndDevelopment": "None", "operatingExpenses": "610562000", "investmentIncomeNet": "None", "netInterestIncome": "224479000", "interestIncome": "464500000", "interestExpense": "240021000", "nonInterestIncome": "None", "otherNonOperatingIncome": "None", "depreciation": "None", "depreciationAndAmortization": "72720000", "incomeBeforeTax": "177844000", "incomeTaxExpense": "45035000", "interestAndDebtExpense": "None", "netIncomeFromContinuingOperations": "132809000", "comprehensiveIncomeNetOfTax": "None", "ebit": "201584000", "ebitda": "274304000", "netIncome": "132809000"}, {"fiscalDateEnding": "2024-05-31", "reportedCurrency": "USD", "grossProfit": "725826000", "totalRevenue": "7113397000", "costOfRevenue": "6387571000", "costofGoodsAndServicesSold": "6387571000", "operatingIncome": "10248000", "sellingGeneralAndAdministrative": "585500000", "researchAndDevelopment": "None", "operatingExpenses": "715578000", "investmentIncomeNet": "None", "netInterestIncome": "219638000", "interestIncome": "452500000", "interestExpense": "213662000", "nonInterestIncome": "None", "otherNonOperatingIncome": "None", "depreciation": "None", "depreciationAndAmortization": "69244000", "incomeBeforeTax": "206640000", "incomeTaxExpense": "54200000", "interestAndDebtExpense": "None", "netIncomeFromContinuingOperations": "152440000", "comprehensiveIncomeNetOfTax": "None", "ebit": "238418000", "ebitda": "307662000", "netIncome": "152440000"}, {"fiscalDateEnding": "2024-02-29", "reportedCurrency": "USD", "grossProfit": "520822000", "totalRevenue": "5626603000", "costOfRevenue": "5105781000", "costofGoodsAndServicesSold": "5105781000", "operatingIncome": "-127463000", "sellingGeneralAndAdministrative": "534900000", "researchAndDevelopment": "52900000", "operatingExpenses": "648285000", "investmentIncomeNet": "None", "netInterestIncome": "208466000", "interestIncome": "433100000", "interestExpense": "205334000", "nonInterestIncome": "None", "otherNonOperatingIncome": "None", "depreciation": "None", "depreciationAndAmortization": "83272000", "incomeBeforeTax": "65510999", "incomeTaxExpense": "15243000", "interestAndDebtExpense": "None", "netIncomeFromContinuingOperations": "50268000", "comprehensiveIncomeNetOfTax": "None", "ebit": "96945000", "ebitda": "180217000", "netIncome": "50268000"}, {"fiscalDateEnding": "2023-11-30", "reportedCurrency": "USD", "grossProfit": "612863000", "totalRevenue": "6148538000", "costOfRevenue": "5535675000", "costofGoodsAndServicesSold": "5535675000", "operatingIncome": "52901000", "sellingGeneralAndAdministrative": "496700000", "researchAndDevelopment": "None", "operatingExpenses": "688923000", "investmentIncomeNet": "None", "netInterestIncome": "185735000", "interestIncome": "426900000", "interestExpense": "201465000", "nonInterestIncome": "None", "otherNonOperatingIncome": "None", "depreciation": "None", "depreciationAndAmortization": "66557000", "incomeBeforeTax": "110558000", "incomeTaxExpense": "28555000", "interestAndDebtExpense": "None", "netIncomeFromContinuingOperations": "82003000", "comprehensiveIncomeNetOfTax": "None", "ebit": "140937000", "ebitda": "207494000", "netIncome": "82003000"}, {"fiscalDateEnding": "2023-08-31", "reportedCurrency": "USD", "grossProfit": "696765000", "totalRevenue": "7073836000", "costOfRevenue": "6377071000", "costofGoodsAndServicesSold": "6377071000", "operatingIncome": "111071000", "sellingGeneralAndAdministrative": "519400000", "researchAndDevelopment": "None", "operatingExpenses": "734317000", "investmentIncomeNet": "None", "netInterestIncome": "193202000", "interestIncome": "416987000", "interestExpense": "183585000", "nonInterestIncome": "None", "otherNonOperatingIncome": "None", "depreciation": "None", "depreciationAndAmortization": "63973000", "incomeBeforeTax": "158286000", "incomeTaxExpense": "39651000", "interestAndDebtExpense": "None", "netIncomeFromContinuingOperations": "118635000", "comprehensiveIncomeNetOfTax": "None", "ebit": "187241000", "ebitda": "251214000", "netIncome": "118635000"}, {"fiscalDateEnding": "2023-05-31", "reportedCurrency": "USD", "grossProfit": "817390000", "totalRevenue": "7687063000", "costOfRevenue": "6869673000", "costofGoodsAndServicesSold": "6869673000", "operatingIncome": "480306000", "sellingGeneralAndAdministrative": "487900000", "researchAndDevelopment": "None", "operatingExpenses": "699119000", "investmentIncomeNet": "None", "netInterestIncome": "187834000", "interestIncome": "400500000", "interestExpense": "173066000", "nonInterestIncome": "None", "otherNonOperatingIncome": "1214000", "depreciation": "None", "depreciationAndAmortization": "62998000", "incomeBeforeTax": "307240000", "incomeTaxExpense": "78942000", "interestAndDebtExpense": "None", "netIncomeFromContinuingOperations": "228298000", "comprehensiveIncomeNetOfTax": "None", "ebit": "277192000", "ebitda": "340190000", "netIncome": "228298000"}, {"fiscalDateEnding": "2023-02-28", "reportedCurrency": "USD", "grossProfit": "610979000", "totalRevenue": "5722493000", "costOfRevenue": "5111514000", "costofGoodsAndServicesSold": "5111514000", "operatingIncome": "221562000", "sellingGeneralAndAdministrative": "514800000", "researchAndDevelopment": "13225000", "operatingExpenses": "728532000", "investmentIncomeNet": "None", "netInterestIncome": "193172000", "interestIncome": "372200000", "interestExpense": "138928000", "nonInterestIncome": "None", "otherNonOperatingIncome": "None", "depreciation": "None", "depreciationAndAmortization": "62569000", "incomeBeforeTax": "82634000", "incomeTaxExpense": "13622000", "interestAndDebtExpense": "None", "netIncomeFromContinuingOperations": "69012000", "comprehensiveIncomeNetOfTax": "None", "ebit": "111362000", "ebitda": "173931000", "netIncome": "69012000"}, {"fiscalDateEnding": "2022-11-30", "reportedCurrency": "USD", "grossProfit": "576688000", "totalRevenue": "6505956000", "costOfRevenue": "5929268000", "costofGoodsAndServicesSold": "5929268000", "operatingIncome": "-178189000", "sellingGeneralAndAdministrative": "549100000", "researchAndDevelopment": "None", "operatingExpenses": "754877000", "investmentIncomeNet": "None", "netInterestIncome": "207650000", "interestIncome": "365400000", "interestExpense": "137650000", "nonInterestIncome": "None", "otherNonOperatingIncome": "363000", "depreciation": "None", "depreciationAndAmortization": "64752000", "incomeBeforeTax": "49993000", "incomeTaxExpense": "12413000", "interestAndDebtExpense": "None", "netIncomeFromContinuingOperations": "37580000", "comprehensiveIncomeNetOfTax": "None", "ebit": "168943000", "ebitda": "233695000", "netIncome": "37580000"}, {"fiscalDateEnding": "2022-08-31", "reportedCurrency": "USD", "grossProfit": "737145000", "totalRevenue": "8144803000", "costOfRevenue": "7407658000", "costofGoodsAndServicesSold": "7407658000", "operatingIncome": "262820000", "sellingGeneralAndAdministrative": "599000000", "researchAndDevelopment": "None", "operatingExpenses": "818892000", "investmentIncomeNet": "None", "netInterestIncome": "225655000", "interestIncome": "357200000", "interestExpense": "95245000", "nonInterestIncome": "None", "otherNonOperatingIncome": "None", "depreciation": "None", "depreciationAndAmortization": "67430000", "incomeBeforeTax": "167575000", "incomeTaxExpense": "41670000", "interestAndDebtExpense": "None", "netIncomeFromContinuingOperations": "125905000", "comprehensiveIncomeNetOfTax": "None", "ebit": "196281000", "ebitda": "263711000", "netIncome": "125905000"}, {"fiscalDateEnding": "2022-05-31", "reportedCurrency": "USD", "grossProfit": "875391000", "totalRevenue": "9311621000", "costOfRevenue": "8436230000", "costofGoodsAndServicesSold": "8436230000", "operatingIncome": "414177000", "sellingGeneralAndAdministrative": "582500000", "researchAndDevelopment": "None", "operatingExpenses": "788648000", "investmentIncomeNet": "None", "netInterestIncome": "252025000", "interestIncome": "346700000", "interestExpense": "77575000", "nonInterestIncome": "None", "otherNonOperatingIncome": "-2099000", "depreciation": "None", "depreciationAndAmortization": "70473000", "incomeBeforeTax": "336602000", "incomeTaxExpense": "84337000", "interestAndDebtExpense": "None", "netIncomeFromContinuingOperations": "252265000", "comprehensiveIncomeNetOfTax": "None", "ebit": "367476000", "ebitda": "437949000", "netIncome": "252265000"}, {"fiscalDateEnding": "2022-02-28", "reportedCurrency": "USD", "grossProfit": "710989000", "totalRevenue": "7686695000", "costOfRevenue": "6975706000", "costofGoodsAndServicesSold": "6975706000", "operatingIncome": "276895000", "sellingGeneralAndAdministrative": "528600000", "researchAndDevelopment": "5668000", "operatingExpenses": "730149000", "investmentIncomeNet": "None", "netInterestIncome": "221352000", "interestIncome": "332400000", "interestExpense": "75648000", "nonInterestIncome": "None", "otherNonOperatingIncome": "None", "depreciation": "None", "depreciationAndAmortization": "72369000", "incomeBeforeTax": "201247000", "incomeTaxExpense": "41411000", "interestAndDebtExpense": "None", "netIncomeFromContinuingOperations": "159836000", "comprehensiveIncomeNetOfTax": "None", "ebit": "228095000", "ebitda": "300464000", "netIncome": "159836000"}, {"fiscalDateEnding": "2021-11-30", "reportedCurrency": "USD", "grossProfit": "836560000", "totalRevenue": "8527759000", "costOfRevenue": "7691199000", "costofGoodsAndServicesSold": "7691199000", "operatingIncome": "433864000", "sellingGeneralAndAdministrative": "499800000", "researchAndDevelopment": "None", "operatingExpenses": "706528000", "investmentIncomeNet": "None", "netInterestIncome": "232897000", "interestIncome": "330000000", "interestExpense": "77903000", "nonInterestIncome": "None", "otherNonOperatingIncome": "8094000", "depreciation": "None", "depreciationAndAmortization": "71519000", "incomeBeforeTax": "355961000", "incomeTaxExpense": "86523000", "interestAndDebtExpense": "None", "netIncomeFromContinuingOperations": "269438000", "comprehensiveIncomeNetOfTax": "None", "ebit": "349570000", "ebitda": "421089000", "netIncome": "269438000"}, {"fiscalDateEnding": "2021-08-31", "reportedCurrency": "USD", "grossProfit": "815484000", "totalRevenue": "7988359000", "costOfRevenue": "7172875000", "costofGoodsAndServicesSold": "7172875000", "operatingIncome": "450824000", "sellingGeneralAndAdministrative": "489300000", "researchAndDevelopment": "None", "operatingExpenses": "662589000", "investmentIncomeNet": "None", "netInterestIncome": "225790000", "interestIncome": "324100000", "interestExpense": "83010000", "nonInterestIncome": "None", "otherNonOperatingIncome": "1782000", "depreciation": "None", "depreciationAndAmortization": "66944000", "incomeBeforeTax": "367814000", "incomeTaxExpense": "82547000", "interestAndDebtExpense": "None", "netIncomeFromContinuingOperations": "285267000", "comprehensiveIncomeNetOfTax": "None", "ebit": "396442000", "ebitda": "463386000", "netIncome": "285267000"}, {"fiscalDateEnding": "2021-05-31", "reportedCurrency": "USD", "grossProfit": "924509000", "totalRevenue": "7697599000", "costOfRevenue": "6773090000", "costofGoodsAndServicesSold": "6773090000", "operatingIncome": "587858000", "sellingGeneralAndAdministrative": "481600000", "researchAndDevelopment": "None", "operatingExpenses": "603990000", "investmentIncomeNet": "None", "netInterestIncome": "221197000", "interestIncome": "241731000", "interestExpense": "20534000", "nonInterestIncome": "None", "otherNonOperatingIncome": "25577000", "depreciation": "None", "depreciationAndAmortization": "62356000", "incomeBeforeTax": "567324000", "incomeTaxExpense": "130568000", "interestAndDebtExpense": "None", "netIncomeFromContinuingOperations": "436756000", "comprehensiveIncomeNetOfTax": "None", "ebit": "562281000", "ebitda": "624637000", "netIncome": "436756000"}, {"fiscalDateEnding": "2021-02-28", "reportedCurrency": "USD", "grossProfit": "641369000", "totalRevenue": "5164257000", "costOfRevenue": "4522888000", "costofGoodsAndServicesSold": "4522888000", "operatingIncome": "596638000", "sellingGeneralAndAdministrative": "494200000", "researchAndDevelopment": "None", "operatingExpenses": "556054000", "investmentIncomeNet": "None", "netInterestIncome": "167931000", "interestIncome": "188220000", "interestExpense": "20289000", "nonInterestIncome": "None", "otherNonOperatingIncome": "9003000", "depreciation": "None", "depreciationAndAmortization": "61661000", "incomeBeforeTax": "262249000", "incomeTaxExpense": "52304000", "interestAndDebtExpense": "None", "netIncomeFromContinuingOperations": "209945000", "comprehensiveIncomeNetOfTax": "None", "ebit": "273535000", "ebitda": "335196000", "netIncome": "209945000"}, {"fiscalDateEnding": "2020-11-30", "reportedCurrency": "USD", "grossProfit": "631430000", "totalRevenue": "5184944000", "costOfRevenue": "4553514000", "costofGoodsAndServicesSold": "4553514000", "operatingIncome": "329965000", "sellingGeneralAndAdministrative": "420000000", "researchAndDevelopment": "None", "operatingExpenses": "487000000", "investmentIncomeNet": "None", "netInterestIncome": "156983000", "interestIncome": "176445000", "interestExpense": "96562000", "nonInterestIncome": "None", "otherNonOperatingIncome": "887000", "depreciation": "None", "depreciationAndAmortization": "61528000", "incomeBeforeTax": "310503000", "incomeTaxExpense": "75203000", "interestAndDebtExpense": "None", "netIncomeFromContinuingOperations": "235300000", "comprehensiveIncomeNetOfTax": "None", "ebit": "329078000", "ebitda": "390606000", "netIncome": "235300000"}, {"fiscalDateEnding": "2020-08-31", "reportedCurrency": "USD", "grossProfit": "752143000", "totalRevenue": "5372166000", "costOfRevenue": "4620023000", "costofGoodsAndServicesSold": "4620023000", "operatingIncome": "267969000", "sellingGeneralAndAdministrative": "439700000", "researchAndDevelopment": "None", "operatingExpenses": "516200000", "investmentIncomeNet": "None", "netInterestIncome": "124726000", "interestIncome": "147195000", "interestExpense": "103769000", "nonInterestIncome": "None", "otherNonOperatingIncome": "1680000", "depreciation": "None", "depreciationAndAmortization": "60627000", "incomeBeforeTax": "388341000", "incomeTaxExpense": "91645000", "interestAndDebtExpense": "None", "netIncomeFromContinuingOperations": "296696000", "comprehensiveIncomeNetOfTax": "None", "ebit": "409130000", "ebitda": "469757000", "netIncome": "296696000"}, {"fiscalDateEnding": "2020-05-31", "reportedCurrency": "USD", "grossProfit": "354183000", "totalRevenue": "3228782000", "costOfRevenue": "2874599000", "costofGoodsAndServicesSold": "2874599000", "operatingIncome": "28122000", "sellingGeneralAndAdministrative": "339216000", "researchAndDevelopment": "None", "operatingExpenses": "373716000", "investmentIncomeNet": "None", "netInterestIncome": "26992000", "interestIncome": "50950000", "interestExpense": "23958000", "nonInterestIncome": "None", "otherNonOperatingIncome": "-3295000", "depreciation": "None", "depreciationAndAmortization": "58340000", "incomeBeforeTax": "4164000", "incomeTaxExpense": "-814000", "interestAndDebtExpense": "None", "netIncomeFromContinuingOperations": "4978000", "comprehensiveIncomeNetOfTax": "None", "ebit": "-8883000", "ebitda": "49457000", "netIncome": "4978000"}, {"fiscalDateEnding": "2020-02-29", "reportedCurrency": "USD", "grossProfit": "672857000", "totalRevenue": "4962490000", "costOfRevenue": "4289633000", "costofGoodsAndServicesSold": "4289633000", "operatingIncome": "298940000", "sellingGeneralAndAdministrative": "402800000", "researchAndDevelopment": "None", "operatingExpenses": "484728000", "investmentIncomeNet": "None", "netInterestIncome": "89600000", "interestIncome": "111907000", "interestExpense": "22307000", "nonInterestIncome": "None", "otherNonOperatingIncome": "-1096000", "depreciation": "None", "depreciationAndAmortization": "57585000", "incomeBeforeTax": "276633000", "incomeTaxExpense": "61699000", "interestAndDebtExpense": "None", "netIncomeFromContinuingOperations": "214934000", "comprehensiveIncomeNetOfTax": "None", "ebit": "300036000", "ebitda": "357621000", "netIncome": "214934000"}, {"fiscalDateEnding": "2019-11-30", "reportedCurrency": "USD", "grossProfit": "613647000", "totalRevenue": "4790028000", "costOfRevenue": "4176381000", "costofGoodsAndServicesSold": "4176381000", "operatingIncome": "249402000", "sellingGeneralAndAdministrative": "433000000", "researchAndDevelopment": "None", "operatingExpenses": "533800000", "investmentIncomeNet": "None", "netInterestIncome": "92190000", "interestIncome": "114033000", "interestExpense": "112243000", "nonInterestIncome": "None", "otherNonOperatingIncome": "6570000", "depreciation": "None", "depreciationAndAmortization": "54758000", "incomeBeforeTax": "227559000", "incomeTaxExpense": "54403000", "interestAndDebtExpense": "None", "netIncomeFromContinuingOperations": "173156000", "comprehensiveIncomeNetOfTax": "None", "ebit": "242832000", "ebitda": "297590000", "netIncome": "173156000"}, {"fiscalDateEnding": "2019-08-31", "reportedCurrency": "USD", "grossProfit": "693453000", "totalRevenue": "5201151000", "costOfRevenue": "4507698000", "costofGoodsAndServicesSold": "4507698000", "operatingIncome": "326610000", "sellingGeneralAndAdministrative": "434000000", "researchAndDevelopment": "None", "operatingExpenses": "526300000", "investmentIncomeNet": "None", "netInterestIncome": "93058000", "interestIncome": "114131000", "interestExpense": "111673000", "nonInterestIncome": "None", "otherNonOperatingIncome": "-143000", "depreciation": "None", "depreciationAndAmortization": "51962000", "incomeBeforeTax": "305537000", "incomeTaxExpense": "71938000", "interestAndDebtExpense": "None", "netIncomeFromContinuingOperations": "233599000", "comprehensiveIncomeNetOfTax": "None", "ebit": "326753000", "ebitda": "378715000", "netIncome": "233599000"}, {"fiscalDateEnding": "2019-05-31", "reportedCurrency": "USD", "grossProfit": "742383000", "totalRevenue": "5366318000", "costOfRevenue": "4623935000", "costofGoodsAndServicesSold": "4623935000", "operatingIncome": "369041000", "sellingGeneralAndAdministrative": "447800000", "researchAndDevelopment": "None", "operatingExpenses": "489700000", "investmentIncomeNet": "None", "netInterestIncome": "98175000", "interestIncome": "115959000", "interestExpense": "17784000", "nonInterestIncome": "None", "otherNonOperatingIncome": "359000", "depreciation": "None", "depreciationAndAmortization": "51506000", "incomeBeforeTax": "351257000", "incomeTaxExpense": "84513000", "interestAndDebtExpense": "None", "netIncomeFromContinuingOperations": "266744000", "comprehensiveIncomeNetOfTax": "None", "ebit": "369041000", "ebitda": "420547000", "netIncome": "266744000"}, {"fiscalDateEnding": "2019-02-28", "reportedCurrency": "USD", "grossProfit": "599378000", "totalRevenue": "4318602000", "costOfRevenue": "3719224000", "costofGoodsAndServicesSold": "3719224000", "operatingIncome": "276805000", "sellingGeneralAndAdministrative": "356500000", "researchAndDevelopment": "0", "operatingExpenses": "428967000", "investmentIncomeNet": "None", "netInterestIncome": "82729000", "interestIncome": "103705000", "interestExpense": "20976000", "nonInterestIncome": "None", "otherNonOperatingIncome": "2689000", "depreciation": "None", "depreciationAndAmortization": "46638000", "incomeBeforeTax": "255829000", "incomeTaxExpense": "63273000", "interestAndDebtExpense": "None", "netIncomeFromContinuingOperations": "192556000", "comprehensiveIncomeNetOfTax": "None", "ebit": "274116000", "ebitda": "320754000", "netIncome": "192556000"}, {"fiscalDateEnding": "2018-11-30", "reportedCurrency": "USD", "grossProfit": "569237000", "totalRevenue": "4295871000", "costOfRevenue": "3726634000", "costofGoodsAndServicesSold": "3726634000", "operatingIncome": "266622000", "sellingGeneralAndAdministrative": "372100000", "researchAndDevelopment": "0", "operatingExpenses": "450300000", "investmentIncomeNet": "None", "netInterestIncome": "None", "interestIncome": "None", "interestExpense": "94114000", "nonInterestIncome": "None", "otherNonOperatingIncome": "-2820000", "depreciation": "None", "depreciationAndAmortization": "45298000", "incomeBeforeTax": "247808000", "incomeTaxExpense": "57497000", "interestAndDebtExpense": "None", "netIncomeFromContinuingOperations": "190311000", "comprehensiveIncomeNetOfTax": "None", "ebit": "269442000", "ebitda": "314740000", "netIncome": "190311000"}, {"fiscalDateEnding": "2018-08-31", "reportedCurrency": "USD", "grossProfit": "650636000", "totalRevenue": "4766035000", "costOfRevenue": "4115399000", "costofGoodsAndServicesSold": "4115399000", "operatingIncome": "307435000", "sellingGeneralAndAdministrative": "406900000", "researchAndDevelopment": "0", "operatingExpenses": "493600000", "investmentIncomeNet": "None", "netInterestIncome": "None", "interestIncome": "None", "interestExpense": "87050000", "nonInterestIncome": "None", "otherNonOperatingIncome": "686000", "depreciation": "None", "depreciationAndAmortization": "44968000", "incomeBeforeTax": "289485000", "incomeTaxExpense": "68595000", "interestAndDebtExpense": "None", "netIncomeFromContinuingOperations": "220890000", "comprehensiveIncomeNetOfTax": "None", "ebit": "306749000", "ebitda": "351717000", "netIncome": "220890000"}, {"fiscalDateEnding": "2018-05-31", "reportedCurrency": "USD", "grossProfit": "661340000", "totalRevenue": "4792592000", "costOfRevenue": "4131252000", "costofGoodsAndServicesSold": "4131252000", "operatingIncome": "337736000", "sellingGeneralAndAdministrative": "399700000", "researchAndDevelopment": "0", "operatingExpenses": "438200000", "investmentIncomeNet": "None", "netInterestIncome": "None", "interestIncome": "None", "interestExpense": "18052000", "nonInterestIncome": "None", "otherNonOperatingIncome": "-963000", "depreciation": "None", "depreciationAndAmortization": "45343000", "incomeBeforeTax": "319684000", "incomeTaxExpense": "81028000", "interestAndDebtExpense": "None", "netIncomeFromContinuingOperations": "238656000", "comprehensiveIncomeNetOfTax": "None", "ebit": "337736000", "ebitda": "383079000", "netIncome": "238656000"}, {"fiscalDateEnding": "2018-02-28", "reportedCurrency": "USD", "grossProfit": "536728000", "totalRevenue": "4084218000", "costOfRevenue": "3547490000", "costofGoodsAndServicesSold": "3547490000", "operatingIncome": "229789000", "sellingGeneralAndAdministrative": "1093937000", "researchAndDevelopment": "0", "operatingExpenses": "408814000", "investmentIncomeNet": "None", "netInterestIncome": "None", "interestIncome": "None", "interestExpense": "19666000", "nonInterestIncome": "None", "otherNonOperatingIncome": "802000", "depreciation": "None", "depreciationAndAmortization": "46767000", "incomeBeforeTax": "210123000", "incomeTaxExpense": "87977000", "interestAndDebtExpense": "None", "netIncomeFromContinuingOperations": "122146000", "comprehensiveIncomeNetOfTax": "None", "ebit": "228987000", "ebitda": "275754000", "netIncome": "122146000"}, {"fiscalDateEnding": "2017-11-30", "reportedCurrency": "USD", "grossProfit": "539188000", "totalRevenue": "4107017000", "costOfRevenue": "3567829000", "costofGoodsAndServicesSold": "3567829000", "operatingIncome": "242605000", "sellingGeneralAndAdministrative": "363200000", "researchAndDevelopment": "0", "operatingExpenses": "437200000", "investmentIncomeNet": "None", "netInterestIncome": "None", "interestIncome": "None", "interestExpense": "72805000", "nonInterestIncome": "None", "otherNonOperatingIncome": "279000", "depreciation": "None", "depreciationAndAmortization": "45097000", "incomeBeforeTax": "225200000", "incomeTaxExpense": "76360000", "interestAndDebtExpense": "None", "netIncomeFromContinuingOperations": "148840000", "comprehensiveIncomeNetOfTax": "None", "ebit": "242326000", "ebitda": "287423000", "netIncome": "148840000"}, {"fiscalDateEnding": "2017-08-31", "reportedCurrency": "USD", "grossProfit": "604005000", "totalRevenue": "4386640000", "costOfRevenue": "3782635000", "costofGoodsAndServicesSold": "3782635000", "operatingIncome": "307068000", "sellingGeneralAndAdministrative": "365500000", "researchAndDevelopment": "0", "operatingExpenses": "438000000", "investmentIncomeNet": "None", "netInterestIncome": "None", "interestIncome": "None", "interestExpense": "69036000", "nonInterestIncome": "None", "otherNonOperatingIncome": "189000", "depreciation": "None", "depreciationAndAmortization": "44184000", "incomeBeforeTax": "290232000", "incomeTaxExpense": "108808000", "interestAndDebtExpense": "None", "netIncomeFromContinuingOperations": "181424000", "comprehensiveIncomeNetOfTax": "None", "ebit": "306879000", "ebitda": "351063000", "netIncome": "181424000"}, {"fiscalDateEnding": "2017-05-31", "reportedCurrency": "USD", "grossProfit": "648938000", "totalRevenue": "4542334000", "costOfRevenue": "3893396000", "costofGoodsAndServicesSold": "3893396000", "operatingIncome": "354891000", "sellingGeneralAndAdministrative": "365300000", "researchAndDevelopment": "0", "operatingExpenses": "403503000", "investmentIncomeNet": "None", "netInterestIncome": "None", "interestIncome": "None", "interestExpense": "16838000", "nonInterestIncome": "None", "otherNonOperatingIncome": "93000", "depreciation": "None", "depreciationAndAmortization": "43894000", "incomeBeforeTax": "338053000", "incomeTaxExpense": "126351000", "interestAndDebtExpense": "None", "netIncomeFromContinuingOperations": "211702000", "comprehensiveIncomeNetOfTax": "None", "ebit": "354891000", "ebitda": "398785000", "netIncome": "211702000"}, {"fiscalDateEnding": "2017-02-28", "reportedCurrency": "USD", "grossProfit": "562160000", "totalRevenue": "4049960000", "costOfRevenue": "3487800000", "costofGoodsAndServicesSold": "3487800000", "operatingIncome": "258668000", "sellingGeneralAndAdministrative": "345300000", "researchAndDevelopment": "0", "operatingExpenses": "385400000", "investmentIncomeNet": "None", "netInterestIncome": "None", "interestIncome": "None", "interestExpense": "16353000", "nonInterestIncome": "None", "otherNonOperatingIncome": "-977000", "depreciation": "None", "depreciationAndAmortization": "43221000", "incomeBeforeTax": "242315000", "incomeTaxExpense": "89712000", "interestAndDebtExpense": "None", "netIncomeFromContinuingOperations": "152603000", "comprehensiveIncomeNetOfTax": "None", "ebit": "258668000", "ebitda": "301889000", "netIncome": "152603000"}, {"fiscalDateEnding": "2016-11-30", "reportedCurrency": "USD", "grossProfit": "503135000", "totalRevenue": "3701524000", "costOfRevenue": "3198389000", "costofGoodsAndServicesSold": "3198389000", "operatingIncome": "234732000", "sellingGeneralAndAdministrative": "321900000", "researchAndDevelopment": "0", "operatingExpenses": "398600000", "investmentIncomeNet": "None", "netInterestIncome": "None", "interestIncome": "None", "interestExpense": "59171000", "nonInterestIncome": "None", "otherNonOperatingIncome": "-1027000", "depreciation": "None", "depreciationAndAmortization": "42641000", "incomeBeforeTax": "219661000", "incomeTaxExpense": "83016000", "interestAndDebtExpense": "None", "netIncomeFromContinuingOperations": "136645000", "comprehensiveIncomeNetOfTax": "None", "ebit": "235759000", "ebitda": "278400000", "netIncome": "136645000"}, {"fiscalDateEnding": "2016-08-31", "reportedCurrency": "USD", "grossProfit": "545362000", "totalRevenue": "3997248000", "costOfRevenue": "3451886000", "costofGoodsAndServicesSold": "3451886000", "operatingIncome": "275640000", "sellingGeneralAndAdministrative": "331600000", "researchAndDevelopment": "0", "operatingExpenses": "401800000", "investmentIncomeNet": "None", "netInterestIncome": "None", "interestIncome": "None", "interestExpense": "55704000", "nonInterestIncome": "None", "otherNonOperatingIncome": "435000", "depreciation": "None", "depreciationAndAmortization": "42212000", "incomeBeforeTax": "261736000", "incomeTaxExpense": "99374000", "interestAndDebtExpense": "None", "netIncomeFromContinuingOperations": "162362000", "comprehensiveIncomeNetOfTax": "None", "ebit": "275640000", "ebitda": "317852000", "netIncome": "162362000"}, {"fiscalDateEnding": "2016-05-31", "reportedCurrency": "USD", "grossProfit": "572637000", "totalRevenue": "4126386000", "costOfRevenue": "3553749000", "costofGoodsAndServicesSold": "3553749000", "operatingIncome": "293781000", "sellingGeneralAndAdministrative": "345400000", "researchAndDevelopment": "0", "operatingExpenses": "380200000", "investmentIncomeNet": "None", "netInterestIncome": "None", "interestIncome": "None", "interestExpense": "11088000", "nonInterestIncome": "None", "otherNonOperatingIncome": "616000", "depreciation": "None", "depreciationAndAmortization": "40801000", "incomeBeforeTax": "282693000", "incomeTaxExpense": "107333000", "interestAndDebtExpense": "None", "netIncomeFromContinuingOperations": "175360000", "comprehensiveIncomeNetOfTax": "None", "ebit": "293781000", "ebitda": "334582000", "netIncome": "175360000"}, {"fiscalDateEnding": "2016-02-29", "reportedCurrency": "USD", "grossProfit": "489265000", "totalRevenue": "3705805000", "costOfRevenue": "3216540000", "costofGoodsAndServicesSold": "3216540000", "operatingIncome": "237970000", "sellingGeneralAndAdministrative": "299200000", "researchAndDevelopment": "0", "operatingExpenses": "333900000", "investmentIncomeNet": "None", "netInterestIncome": "None", "interestIncome": "None", "interestExpense": "11784000", "nonInterestIncome": "None", "otherNonOperatingIncome": "-9768000", "depreciation": "None", "depreciationAndAmortization": "36856000", "incomeBeforeTax": "226186000", "incomeTaxExpense": "85159000", "interestAndDebtExpense": "None", "netIncomeFromContinuingOperations": "141027000", "comprehensiveIncomeNetOfTax": "None", "ebit": "247738000", "ebitda": "284594000", "netIncome": "141027000"}, {"fiscalDateEnding": "2015-11-30", "reportedCurrency": "USD", "grossProfit": "464331000", "totalRevenue": "3544069000", "costOfRevenue": "3079738000", "costofGoodsAndServicesSold": "3079738000", "operatingIncome": "217978000", "sellingGeneralAndAdministrative": "300000000", "researchAndDevelopment": "0", "operatingExpenses": "368400000", "investmentIncomeNet": "None", "netInterestIncome": "None", "interestIncome": "None", "interestExpense": "43021000", "nonInterestIncome": "None", "otherNonOperatingIncome": "-1157000", "depreciation": "None", "depreciationAndAmortization": "35316000", "incomeBeforeTax": "207957000", "incomeTaxExpense": "79758000", "interestAndDebtExpense": "None", "netIncomeFromContinuingOperations": "128199000", "comprehensiveIncomeNetOfTax": "None", "ebit": "219135000", "ebitda": "254451000", "netIncome": "128199000"}, {"fiscalDateEnding": "2015-08-31", "reportedCurrency": "USD", "grossProfit": "521370000", "totalRevenue": "3884913000", "costOfRevenue": "3363543000", "costofGoodsAndServicesSold": "3363543000", "operatingIncome": "287272000", "sellingGeneralAndAdministrative": "296000000", "researchAndDevelopment": "0", "operatingExpenses": "356400000", "investmentIncomeNet": "None", "netInterestIncome": "None", "interestIncome": "None", "interestExpense": "38250000", "nonInterestIncome": "None", "otherNonOperatingIncome": "-1593000", "depreciation": "None", "depreciationAndAmortization": "33122000", "incomeBeforeTax": "279822000", "incomeTaxExpense": "107594000", "interestAndDebtExpense": "None", "netIncomeFromContinuingOperations": "172228000", "comprehensiveIncomeNetOfTax": "None", "ebit": "288865000", "ebitda": "321987000", "netIncome": "172228000"}, {"fiscalDateEnding": "2015-05-31", "reportedCurrency": "USD", "grossProfit": "543794000", "totalRevenue": "4014888000", "costOfRevenue": "3471094000", "costofGoodsAndServicesSold": "3471094000", "operatingIncome": "303082000", "sellingGeneralAndAdministrative": "316100000", "researchAndDevelopment": "0", "operatingExpenses": "349800000", "investmentIncomeNet": "None", "netInterestIncome": "None", "interestIncome": "None", "interestExpense": "7103000", "nonInterestIncome": "None", "otherNonOperatingIncome": "-41000", "depreciation": "None", "depreciationAndAmortization": "32066000", "incomeBeforeTax": "295979000", "incomeTaxExpense": "114005000", "interestAndDebtExpense": "None", "netIncomeFromContinuingOperations": "181974000", "comprehensiveIncomeNetOfTax": "None", "ebit": "303123000", "ebitda": "335189000", "netIncome": "181974000"}, {"fiscalDateEnding": "2015-02-28", "reportedCurrency": "USD", "grossProfit": "475837000", "totalRevenue": "3514092000", "costOfRevenue": "3038255000", "costofGoodsAndServicesSold": "3038255000", "operatingIncome": "235015000", "sellingGeneralAndAdministrative": "295600000", "researchAndDevelopment": "0", "operatingExpenses": "330000000", "investmentIncomeNet": "None", "netInterestIncome": "None", "interestIncome": "None", "interestExpense": "2184000", "nonInterestIncome": "None", "otherNonOperatingIncome": "-1196000", "depreciation": "None", "depreciationAndAmortization": "30179000", "incomeBeforeTax": "232831000", "incomeTaxExpense": "89693000", "interestAndDebtExpense": "None", "netIncomeFromContinuingOperations": "143138000", "comprehensiveIncomeNetOfTax": "None", "ebit": "235015000", "ebitda": "265194000", "netIncome": "143138000"}, {"fiscalDateEnding": "2014-11-30", "reportedCurrency": "USD", "grossProfit": "446620000", "totalRevenue": "3405234000", "costOfRevenue": "2958614000", "costofGoodsAndServicesSold": "2958614000", "operatingIncome": "218174000", "sellingGeneralAndAdministrative": "288300000", "researchAndDevelopment": "0", "operatingExpenses": "340700000", "investmentIncomeNet": "None", "netInterestIncome": "None", "interestIncome": "None", "interestExpense": "32138000", "nonInterestIncome": "None", "otherNonOperatingIncome": "-1536000", "depreciation": "None", "depreciationAndAmortization": "29228000", "incomeBeforeTax": "210836000", "incomeTaxExpense": "80787000", "interestAndDebtExpense": "None", "netIncomeFromContinuingOperations": "130049000", "comprehensiveIncomeNetOfTax": "None", "ebit": "219710000", "ebitda": "248938000", "netIncome": "130049000"}, {"fiscalDateEnding": "2014-08-31", "reportedCurrency": "USD", "grossProfit": "463339000", "totalRevenue": "3599194000", "costOfRevenue": "3135855000", "costofGoodsAndServicesSold": "3135855000", "operatingIncome": "257992000", "sellingGeneralAndAdministrative": "268200000", "researchAndDevelopment": "0", "operatingExpenses": "318000000", "investmentIncomeNet": "None", "netInterestIncome": "None", "interestIncome": "None", "interestExpense": "31251000", "nonInterestIncome": "None", "otherNonOperatingIncome": "-283000", "depreciation": "None", "depreciationAndAmortization": "28423000", "incomeBeforeTax": "250641000", "incomeTaxExpense": "96123000", "interestAndDebtExpense": "None", "netIncomeFromContinuingOperations": "154518000", "comprehensiveIncomeNetOfTax": "None", "ebit": "257992000", "ebitda": "286415000", "netIncome": "154518000"}, {"fiscalDateEnding": "2014-05-31", "reportedCurrency": "USD", "grossProfit": "501731000", "totalRevenue": "3750196000", "costOfRevenue": "3248465000", "costofGoodsAndServicesSold": "3248465000", "operatingIncome": "282623000", "sellingGeneralAndAdministrative": "282700000", "researchAndDevelopment": "0", "operatingExpenses": "313400000", "investmentIncomeNet": "None", "netInterestIncome": "None", "interestIncome": "None", "interestExpense": "7601000", "nonInterestIncome": "None", "otherNonOperatingIncome": "-277000", "depreciation": "None", "depreciationAndAmortization": "27343000", "incomeBeforeTax": "275022000", "incomeTaxExpense": "105369000", "interestAndDebtExpense": "None", "netIncomeFromContinuingOperations": "169653000", "comprehensiveIncomeNetOfTax": "None", "ebit": "282623000", "ebitda": "309966000", "netIncome": "169653000"}, {"fiscalDateEnding": "2014-02-28", "reportedCurrency": "USD", "grossProfit": "384141000", "totalRevenue": "3076283000", "costOfRevenue": "2692142000", "costofGoodsAndServicesSold": "2692142000", "operatingIncome": "167254000", "sellingGeneralAndAdministrative": "262200", "researchAndDevelopment": "0", "operatingExpenses": "297500", "investmentIncomeNet": "None", "netInterestIncome": "None", "interestIncome": "None", "interestExpense": "7546000", "nonInterestIncome": "None", "otherNonOperatingIncome": "-254000", "depreciation": "None", "depreciationAndAmortization": "27928000", "incomeBeforeTax": "159708000", "incomeTaxExpense": "60499000", "interestAndDebtExpense": "None", "netIncomeFromContinuingOperations": "99209000", "comprehensiveIncomeNetOfTax": "None", "ebit": "167254000", "ebitda": "195182000", "netIncome": "99209000"}, {"fiscalDateEnding": "2013-11-30", "reportedCurrency": "USD", "grossProfit": "381721000", "totalRevenue": "2941407000", "costOfRevenue": "2559686000", "costofGoodsAndServicesSold": "2559686000", "operatingIncome": "180849000", "sellingGeneralAndAdministrative": "261000000", "researchAndDevelopment": "0", "operatingExpenses": "304100000", "investmentIncomeNet": "None", "netInterestIncome": "None", "interestIncome": "None", "interestExpense": "29849000", "nonInterestIncome": "None", "otherNonOperatingIncome": "-411000", "depreciation": "None", "depreciationAndAmortization": "24823000", "incomeBeforeTax": "173200000", "incomeTaxExpense": "66748000", "interestAndDebtExpense": "None", "netIncomeFromContinuingOperations": "106452000", "comprehensiveIncomeNetOfTax": "None", "ebit": "181260000", "ebitda": "206083000", "netIncome": "106452000"}, {"fiscalDateEnding": "2013-08-31", "reportedCurrency": "USD", "grossProfit": "434743000", "totalRevenue": "3245552000", "costOfRevenue": "2810809000", "costofGoodsAndServicesSold": "2810809000", "operatingIncome": "234886000", "sellingGeneralAndAdministrative": "256700000", "researchAndDevelopment": "0", "operatingExpenses": "301200000", "investmentIncomeNet": "None", "netInterestIncome": "None", "interestIncome": "None", "interestExpense": "30361000", "nonInterestIncome": "None", "otherNonOperatingIncome": "-1073000", "depreciation": "None", "depreciationAndAmortization": "24825000", "incomeBeforeTax": "227125000", "incomeTaxExpense": "86851000", "interestAndDebtExpense": "None", "netIncomeFromContinuingOperations": "140274000", "comprehensiveIncomeNetOfTax": "None", "ebit": "234886000", "ebitda": "259711000", "netIncome": "140274000"}, {"fiscalDateEnding": "2013-05-31", "reportedCurrency": "USD", "grossProfit": "448096000", "totalRevenue": "3311057000", "costOfRevenue": "2862961000", "costofGoodsAndServicesSold": "2862961000", "operatingIncome": "245167000", "sellingGeneralAndAdministrative": "263100000", "researchAndDevelopment": "0", "operatingExpenses": "290200000", "investmentIncomeNet": "None", "netInterestIncome": "None", "interestIncome": "None", "interestExpense": "7878000", "nonInterestIncome": "None", "otherNonOperatingIncome": "241000", "depreciation": "None", "depreciationAndAmortization": "24335000", "incomeBeforeTax": "237289000", "incomeTaxExpense": "90638000", "interestAndDebtExpense": "None", "netIncomeFromContinuingOperations": "146651000", "comprehensiveIncomeNetOfTax": "None", "ebit": "245167000", "ebitda": "269502000", "netIncome": "146651000"}, {"fiscalDateEnding": "2013-02-28", "reportedCurrency": "USD", "grossProfit": "369235000", "totalRevenue": "2827948000", "costOfRevenue": "2458713000", "costofGoodsAndServicesSold": "2458713000", "operatingIncome": "180148000", "sellingGeneralAndAdministrative": "235900000", "researchAndDevelopment": "0", "operatingExpenses": "265500000", "investmentIncomeNet": "None", "netInterestIncome": "None", "interestIncome": "None", "interestExpense": "7997000", "nonInterestIncome": "None", "otherNonOperatingIncome": "430000", "depreciation": "None", "depreciationAndAmortization": "24562000", "incomeBeforeTax": "172151000", "incomeTaxExpense": "64930000", "interestAndDebtExpense": "None", "netIncomeFromContinuingOperations": "374288000", "comprehensiveIncomeNetOfTax": "None", "ebit": "180148000", "ebitda": "204710000", "netIncome": "107221000"}, {"fiscalDateEnding": "2012-11-30", "reportedCurrency": "USD", "grossProfit": "345219000", "totalRevenue": "2602446000", "costOfRevenue": "2257227000", "costofGoodsAndServicesSold": "2257227000", "operatingIncome": "160530000", "sellingGeneralAndAdministrative": "234800000", "researchAndDevelopment": "0", "operatingExpenses": "275400000", "investmentIncomeNet": "None", "netInterestIncome": "None", "interestIncome": "None", "interestExpense": "31365000", "nonInterestIncome": "None", "otherNonOperatingIncome": "139000", "depreciation": "None", "depreciationAndAmortization": "24279000", "incomeBeforeTax": "152465000", "incomeTaxExpense": "57784000", "interestAndDebtExpense": "None", "netIncomeFromContinuingOperations": "94681000", "comprehensiveIncomeNetOfTax": "None", "ebit": "183830000", "ebitda": "208109000", "netIncome": "94681000"}, {"fiscalDateEnding": "2012-08-31", "reportedCurrency": "USD", "grossProfit": "367993000", "totalRevenue": "2758004000", "costOfRevenue": "2390011000", "costofGoodsAndServicesSold": "2390011000", "operatingIncome": "189254000", "sellingGeneralAndAdministrative": "254674000", "researchAndDevelopment": "0", "operatingExpenses": "254674000", "investmentIncomeNet": "None", "netInterestIncome": "None", "interestIncome": "None", "interestExpense": "8152000", "nonInterestIncome": "None", "otherNonOperatingIncome": "259000", "depreciation": "None", "depreciationAndAmortization": "23460000", "incomeBeforeTax": "181102000", "incomeTaxExpense": "69466000", "interestAndDebtExpense": "None", "netIncomeFromContinuingOperations": "111636000", "comprehensiveIncomeNetOfTax": "None", "ebit": "189254000", "ebitda": "212714000", "netIncome": "111636000"}, {"fiscalDateEnding": "2012-05-31", "reportedCurrency": "USD", "grossProfit": "381915000", "totalRevenue": "2774420000", "costOfRevenue": "2392505000", "costofGoodsAndServicesSold": "2392505000", "operatingIncome": "203776000", "sellingGeneralAndAdministrative": "253603000", "researchAndDevelopment": "0", "operatingExpenses": "253603000", "investmentIncomeNet": "None", "netInterestIncome": "None", "interestIncome": "None", "interestExpense": "8143000", "nonInterestIncome": "None", "otherNonOperatingIncome": "285000", "depreciation": "None", "depreciationAndAmortization": "22982000", "incomeBeforeTax": "195633000", "incomeTaxExpense": "74887000", "interestAndDebtExpense": "None", "netIncomeFromContinuingOperations": "120746000", "comprehensiveIncomeNetOfTax": "None", "ebit": "203776000", "ebitda": "226758000", "netIncome": "120746000"}, {"fiscalDateEnding": "2012-02-29", "reportedCurrency": "USD", "grossProfit": "338172000", "totalRevenue": "2475849000", "costOfRevenue": "2137677000", "costofGoodsAndServicesSold": "2137677000", "operatingIncome": "180748000", "sellingGeneralAndAdministrative": "223842000", "researchAndDevelopment": "0", "operatingExpenses": "223842000", "investmentIncomeNet": "None", "netInterestIncome": "None", "interestIncome": "None", "interestExpense": "31356000", "nonInterestIncome": "None", "otherNonOperatingIncome": "345000", "depreciation": "None", "depreciationAndAmortization": "34791000", "incomeBeforeTax": "149392000", "incomeTaxExpense": "56574000", "interestAndDebtExpense": "None", "netIncomeFromContinuingOperations": "92818000", "comprehensiveIncomeNetOfTax": "None", "ebit": "97936000", "ebitda": "132727000", "netIncome": "92818000"}, {"fiscalDateEnding": "2011-11-30", "reportedCurrency": "USD", "grossProfit": "303219000", "totalRevenue": "2260514000", "costOfRevenue": "1957295000", "costofGoodsAndServicesSold": "1957295000", "operatingIncome": "133446000", "sellingGeneralAndAdministrative": "232304000", "researchAndDevelopment": "0", "operatingExpenses": "232304000", "investmentIncomeNet": "None", "netInterestIncome": "None", "interestIncome": "None", "interestExpense": "780000", "nonInterestIncome": "None", "otherNonOperatingIncome": "-94000", "depreciation": "None", "depreciationAndAmortization": "17017000", "incomeBeforeTax": "132666000", "incomeTaxExpense": "49872000", "interestAndDebtExpense": "None", "netIncomeFromContinuingOperations": "82794000", "comprehensiveIncomeNetOfTax": "None", "ebit": "144210000", "ebitda": "161227000", "netIncome": "82794000"}, {"fiscalDateEnding": "2011-08-31", "reportedCurrency": "USD", "grossProfit": "354275000", "totalRevenue": "2587819000", "costOfRevenue": "2233544000", "costofGoodsAndServicesSold": "2233544000", "operatingIncome": "117163000", "sellingGeneralAndAdministrative": "236435000", "researchAndDevelopment": "0", "operatingExpenses": "236435000", "investmentIncomeNet": "None", "netInterestIncome": "None", "interestIncome": "None", "interestExpense": "787000", "nonInterestIncome": "None", "otherNonOperatingIncome": "110000", "depreciation": "None", "depreciationAndAmortization": "15600000", "incomeBeforeTax": "180989000", "incomeTaxExpense": "69094000", "interestAndDebtExpense": "None", "netIncomeFromContinuingOperations": "111895000", "comprehensiveIncomeNetOfTax": "None", "ebit": "192549000", "ebitda": "208149000", "netIncome": "111895000"}, {"fiscalDateEnding": "2011-05-31", "reportedCurrency": "USD", "grossProfit": "383095000", "totalRevenue": "2679417000", "costOfRevenue": "2296322000", "costofGoodsAndServicesSold": "2296322000", "operatingIncome": "134202000", "sellingGeneralAndAdministrative": "248205000", "researchAndDevelopment": "0", "operatingExpenses": "248205000", "investmentIncomeNet": "None", "netInterestIncome": "None", "interestIncome": "None", "interestExpense": "791000", "nonInterestIncome": "None", "otherNonOperatingIncome": "103000", "depreciation": "None", "depreciationAndAmortization": "15404000", "incomeBeforeTax": "203863000", "incomeTaxExpense": "77575000", "interestAndDebtExpense": "None", "netIncomeFromContinuingOperations": "126288000", "comprehensiveIncomeNetOfTax": "None", "ebit": "215429000", "ebitda": "230833000", "netIncome": "126288000"}, {"fiscalDateEnding": "2011-02-28", "reportedCurrency": "USD", "grossProfit": "320652000", "totalRevenue": "2252633000", "costOfRevenue": "1931981000", "costofGoodsAndServicesSold": "1931981000", "operatingIncome": "141435000", "sellingGeneralAndAdministrative": "233456000", "researchAndDevelopment": "0", "operatingExpenses": "233456000", "investmentIncomeNet": "None", "netInterestIncome": "None", "interestIncome": "None", "interestExpense": "824000", "nonInterestIncome": "None", "otherNonOperatingIncome": "None", "depreciation": "None", "depreciationAndAmortization": "15764000", "incomeBeforeTax": "140611000", "incomeTaxExpense": "51101000", "interestAndDebtExpense": "None", "netIncomeFromContinuingOperations": "0", "comprehensiveIncomeNetOfTax": "None", "ebit": "82014000", "ebitda": "97778000", "netIncome": "89510000"}, {"fiscalDateEnding": "2010-11-30", "reportedCurrency": "USD", "grossProfit": "297910000", "totalRevenue": "2119129000", "costOfRevenue": "1821219000", "costofGoodsAndServicesSold": "1821219000", "operatingIncome": "134146000", "sellingGeneralAndAdministrative": "219707000", "researchAndDevelopment": "0", "operatingExpenses": "219707000", "investmentIncomeNet": "None", "netInterestIncome": "None", "interestIncome": "None", "interestExpense": "801000", "nonInterestIncome": "None", "otherNonOperatingIncome": "198000", "depreciation": "None", "depreciationAndAmortization": "14609000", "incomeBeforeTax": "133345000", "incomeTaxExpense": "50981000", "interestAndDebtExpense": "None", "netIncomeFromContinuingOperations": "82364000", "comprehensiveIncomeNetOfTax": "None", "ebit": "134146000", "ebitda": "148755000", "netIncome": "82364000"}, {"fiscalDateEnding": "2010-08-31", "reportedCurrency": "USD", "grossProfit": "349118000", "totalRevenue": "2341880000", "costOfRevenue": "1992762000", "costofGoodsAndServicesSold": "1992762000", "operatingIncome": "176588000", "sellingGeneralAndAdministrative": "226692000", "researchAndDevelopment": "0", "operatingExpenses": "225440000", "investmentIncomeNet": "None", "netInterestIncome": "None", "interestIncome": "None", "interestExpense": "1413000", "nonInterestIncome": "None", "otherNonOperatingIncome": "102000", "depreciation": "None", "depreciationAndAmortization": "14616000", "incomeBeforeTax": "175175000", "incomeTaxExpense": "67290000", "interestAndDebtExpense": "None", "netIncomeFromContinuingOperations": "107885000", "comprehensiveIncomeNetOfTax": "None", "ebit": "176588000", "ebitda": "191204000", "netIncome": "107885000"}, {"fiscalDateEnding": "2010-05-31", "reportedCurrency": "USD", "grossProfit": "333548000", "totalRevenue": "2261912000", "costOfRevenue": "1928364000", "costofGoodsAndServicesSold": "1928364000", "operatingIncome": "106864000", "sellingGeneralAndAdministrative": "226692000", "researchAndDevelopment": "0", "operatingExpenses": "169197000", "investmentIncomeNet": "None", "netInterestIncome": "None", "interestIncome": "None", "interestExpense": "72000", "nonInterestIncome": "None", "otherNonOperatingIncome": "None", "depreciation": "None", "depreciationAndAmortization": "14432000", "incomeBeforeTax": "164359000", "incomeTaxExpense": "63240000", "interestAndDebtExpense": "None", "netIncomeFromContinuingOperations": "0", "comprehensiveIncomeNetOfTax": "None", "ebit": "164431000", "ebitda": "178863000", "netIncome": "101119000"}, {"fiscalDateEnding": "2010-02-28", "reportedCurrency": "USD", "grossProfit": "265221000", "totalRevenue": "1833245000", "costOfRevenue": "1568024000", "costofGoodsAndServicesSold": "1568024000", "operatingIncome": "122076000", "sellingGeneralAndAdministrative": "394344000", "researchAndDevelopment": "0", "operatingExpenses": "378541000", "investmentIncomeNet": "None", "netInterestIncome": "None", "interestIncome": "None", "interestExpense": "372000", "nonInterestIncome": "None", "otherNonOperatingIncome": "None", "depreciation": "None", "depreciationAndAmortization": "14381000", "incomeBeforeTax": "121704000", "incomeTaxExpense": "46344000", "interestAndDebtExpense": "None", "netIncomeFromContinuingOperations": "0", "comprehensiveIncomeNetOfTax": "None", "ebit": "63748000", "ebitda": "78129000", "netIncome": "75360000"}, {"fiscalDateEnding": "2009-11-30", "reportedCurrency": "USD", "grossProfit": "242863000", "totalRevenue": "1725977000", "costOfRevenue": "1483114000", "costofGoodsAndServicesSold": "1483114000", "operatingIncome": "116574000", "sellingGeneralAndAdministrative": "192140000", "researchAndDevelopment": "0", "operatingExpenses": "192230000", "investmentIncomeNet": "None", "netInterestIncome": "None", "interestIncome": "None", "interestExpense": "674000", "nonInterestIncome": "None", "otherNonOperatingIncome": "None", "depreciation": "None", "depreciationAndAmortization": "14368000", "incomeBeforeTax": "115900000", "incomeTaxExpense": "41311000", "interestAndDebtExpense": "None", "netIncomeFromContinuingOperations": "0", "comprehensiveIncomeNetOfTax": "None", "ebit": "116574000", "ebitda": "130942000", "netIncome": "74589000"}, {"fiscalDateEnding": "2009-08-31", "reportedCurrency": "USD", "grossProfit": "314549000", "totalRevenue": "2076671000", "costOfRevenue": "1762122000", "costofGoodsAndServicesSold": "1762122000", "operatingIncome": "168747000", "sellingGeneralAndAdministrative": "218122000", "researchAndDevelopment": "0", "operatingExpenses": "290632000", "investmentIncomeNet": "None", "netInterestIncome": "None", "interestIncome": "None", "interestExpense": "1348000", "nonInterestIncome": "None", "otherNonOperatingIncome": "None", "depreciation": "None", "depreciationAndAmortization": "14547000", "incomeBeforeTax": "167399000", "incomeTaxExpense": "64428000", "interestAndDebtExpense": "None", "netIncomeFromContinuingOperations": "0", "comprehensiveIncomeNetOfTax": "None", "ebit": "168747000", "ebitda": "183294000", "netIncome": "102971000"}, {"fiscalDateEnding": "2009-05-31", "reportedCurrency": "USD", "grossProfit": "276237000", "totalRevenue": "1834300000", "costOfRevenue": "1558063000", "costofGoodsAndServicesSold": "1558063000", "operatingIncome": "70012000", "sellingGeneralAndAdministrative": "206225000", "researchAndDevelopment": "0", "operatingExpenses": "184955000", "investmentIncomeNet": "None", "netInterestIncome": "None", "interestIncome": "None", "interestExpense": "1066000", "nonInterestIncome": "None", "otherNonOperatingIncome": "None", "depreciation": "None", "depreciationAndAmortization": "15032000", "incomeBeforeTax": "47493000", "incomeTaxExpense": "18745000", "interestAndDebtExpense": "None", "netIncomeFromContinuingOperations": "0", "comprehensiveIncomeNetOfTax": "None", "ebit": "48559000", "ebitda": "63591000", "netIncome": "28748000"}, {"fiscalDateEnding": "2009-02-28", "reportedCurrency": "USD", "grossProfit": "230307000", "totalRevenue": "1470517000", "costOfRevenue": "1240210000", "costofGoodsAndServicesSold": "1240210000", "operatingIncome": "33563000", "sellingGeneralAndAdministrative": "882358000", "researchAndDevelopment": "0", "operatingExpenses": "196744000", "investmentIncomeNet": "None", "netInterestIncome": "None", "interestIncome": "None", "interestExpense": "6086000", "nonInterestIncome": "None", "otherNonOperatingIncome": "None", "depreciation": "None", "depreciationAndAmortization": "13362000", "incomeBeforeTax": "60938000", "incomeTaxExpense": "23415000", "interestAndDebtExpense": "None", "netIncomeFromContinuingOperations": "0", "comprehensiveIncomeNetOfTax": "None", "ebit": "22667000", "ebitda": "36029000", "netIncome": "37523000"}, {"fiscalDateEnding": "2008-11-30", "reportedCurrency": "USD", "grossProfit": "199236000", "totalRevenue": "1455632000", "costOfRevenue": "1256396000", "costofGoodsAndServicesSold": "1256396000", "operatingIncome": "-34396000", "sellingGeneralAndAdministrative": "217482000", "researchAndDevelopment": "0", "operatingExpenses": "217482000", "investmentIncomeNet": "None", "netInterestIncome": "None", "interestIncome": "None", "interestExpense": "1525000", "nonInterestIncome": "None", "otherNonOperatingIncome": "None", "depreciation": "None", "depreciationAndAmortization": "13885000", "incomeBeforeTax": "-34396000", "incomeTaxExpense": "-12522000", "interestAndDebtExpense": "None", "netIncomeFromContinuingOperations": "0", "comprehensiveIncomeNetOfTax": "None", "ebit": "-32871000", "ebitda": "-18986000", "netIncome": "-21874000"}, {"fiscalDateEnding": "2008-08-31", "reportedCurrency": "USD", "grossProfit": "255913000", "totalRevenue": "1839054000", "costOfRevenue": "1583141000", "costofGoodsAndServicesSold": "1583141000", "operatingIncome": "22501000", "sellingGeneralAndAdministrative": "225148000", "researchAndDevelopment": "0", "operatingExpenses": "225148000", "investmentIncomeNet": "None", "netInterestIncome": "None", "interestIncome": "None", "interestExpense": "1477000", "nonInterestIncome": "None", "otherNonOperatingIncome": "None", "depreciation": "None", "depreciationAndAmortization": "14246000", "incomeBeforeTax": "22501000", "incomeTaxExpense": "8495000", "interestAndDebtExpense": "None", "netIncomeFromContinuingOperations": "0", "comprehensiveIncomeNetOfTax": "None", "ebit": "23978000", "ebitda": "38224000", "netIncome": "14006000"}, {"fiscalDateEnding": "2008-05-31", "reportedCurrency": "USD", "grossProfit": "282714000", "totalRevenue": "2208763000", "costOfRevenue": "1926049000", "costofGoodsAndServicesSold": "1926049000", "operatingIncome": "39730000", "sellingGeneralAndAdministrative": "242984000", "researchAndDevelopment": "0", "operatingExpenses": "242984000", "investmentIncomeNet": "None", "netInterestIncome": "None", "interestIncome": "None", "interestExpense": "2058000", "nonInterestIncome": "None", "otherNonOperatingIncome": "None", "depreciation": "None", "depreciationAndAmortization": "13248000", "incomeBeforeTax": "47755000", "incomeTaxExpense": "18197000", "interestAndDebtExpense": "None", "netIncomeFromContinuingOperations": "0", "comprehensiveIncomeNetOfTax": "None", "ebit": "29911000", "ebitda": "43159000", "netIncome": "29558000"}, {"fiscalDateEnding": "2008-02-29", "reportedCurrency": "USD", "grossProfit": "257127000", "totalRevenue": "2044607000", "costOfRevenue": "1787480000", "costofGoodsAndServicesSold": "1787480000", "operatingIncome": "34824000", "sellingGeneralAndAdministrative": "219854000", "researchAndDevelopment": "0", "operatingExpenses": "219854000", "investmentIncomeNet": "None", "netInterestIncome": "None", "interestIncome": "None", "interestExpense": "4955000", "nonInterestIncome": "None", "otherNonOperatingIncome": "None", "depreciation": "None", "depreciationAndAmortization": "12447000", "incomeBeforeTax": "34824000", "incomeTaxExpense": "12995000", "interestAndDebtExpense": "None", "netIncomeFromContinuingOperations": "0", "comprehensiveIncomeNetOfTax": "None", "ebit": "37273000", "ebitda": "49720000", "netIncome": "21829000"}, {"fiscalDateEnding": "2007-11-30", "reportedCurrency": "USD", "grossProfit": "242883000", "totalRevenue": "1885300000", "costOfRevenue": "1642417000", "costofGoodsAndServicesSold": "1642417000", "operatingIncome": "32375000", "sellingGeneralAndAdministrative": "210508000", "researchAndDevelopment": "0", "operatingExpenses": "210508000", "investmentIncomeNet": "None", "netInterestIncome": "None", "interestIncome": "None", "interestExpense": "44000", "nonInterestIncome": "None", "otherNonOperatingIncome": "None", "depreciation": "None", "depreciationAndAmortization": "12142000", "incomeBeforeTax": "48963000", "incomeTaxExpense": "19117000", "interestAndDebtExpense": "None", "netIncomeFromContinuingOperations": "0", "comprehensiveIncomeNetOfTax": "None", "ebit": "20233000", "ebitda": "32375000", "netIncome": "29846000"}, {"fiscalDateEnding": "2007-08-31", "reportedCurrency": "USD", "grossProfit": "288194000", "totalRevenue": "2122530000", "costOfRevenue": "1834336000", "costofGoodsAndServicesSold": "1834336000", "operatingIncome": "107445000", "sellingGeneralAndAdministrative": "214196000", "researchAndDevelopment": "0", "operatingExpenses": "214196000", "investmentIncomeNet": "None", "netInterestIncome": "None", "interestIncome": "None", "interestExpense": "950000", "nonInterestIncome": "None", "otherNonOperatingIncome": "None", "depreciation": "None", "depreciationAndAmortization": "11191000", "incomeBeforeTax": "107445000", "incomeTaxExpense": "42450000", "interestAndDebtExpense": "None", "netIncomeFromContinuingOperations": "0", "comprehensiveIncomeNetOfTax": "None", "ebit": "73998000", "ebitda": "85189000", "netIncome": "64995000"}, {"fiscalDateEnding": "2007-05-31", "reportedCurrency": "USD", "grossProfit": "284221000", "totalRevenue": "2147134000", "costOfRevenue": "1862913000", "costofGoodsAndServicesSold": "1862913000", "operatingIncome": "70407000", "sellingGeneralAndAdministrative": "213814000", "researchAndDevelopment": "0", "operatingExpenses": "213814000", "investmentIncomeNet": "None", "netInterestIncome": "None", "interestIncome": "None", "interestExpense": "2016000", "nonInterestIncome": "None", "otherNonOperatingIncome": "None", "depreciation": "None", "depreciationAndAmortization": "10835000", "incomeBeforeTax": "105837000", "incomeTaxExpense": "40482000", "interestAndDebtExpense": "None", "netIncomeFromContinuingOperations": "0", "comprehensiveIncomeNetOfTax": "None", "ebit": "59572000", "ebitda": "70407000", "netIncome": "65355000"}, {"fiscalDateEnding": "2007-02-28", "reportedCurrency": "USD", "grossProfit": "240833000", "totalRevenue": "1882828000", "costOfRevenue": "1641995000", "costofGoodsAndServicesSold": "1641995000", "operatingIncome": "70049000", "sellingGeneralAndAdministrative": "201835000", "researchAndDevelopment": "0", "operatingExpenses": "201835000", "investmentIncomeNet": "None", "netInterestIncome": "None", "interestIncome": "None", "interestExpense": "5373000", "nonInterestIncome": "None", "otherNonOperatingIncome": "None", "depreciation": "None", "depreciationAndAmortization": "9374000", "incomeBeforeTax": "70049000", "incomeTaxExpense": "27911000", "interestAndDebtExpense": "None", "netIncomeFromContinuingOperations": "0", "comprehensiveIncomeNetOfTax": "None", "ebit": "38998000", "ebitda": "48372000", "netIncome": "42138000"}, {"fiscalDateEnding": "2006-11-30", "reportedCurrency": "USD", "grossProfit": "228609000", "totalRevenue": "1768147000", "costOfRevenue": "1539538000", "costofGoodsAndServicesSold": "1539538000", "operatingIncome": "41291000", "sellingGeneralAndAdministrative": "187318000", "researchAndDevelopment": "0", "operatingExpenses": "187318000", "investmentIncomeNet": "None", "netInterestIncome": "None", "interestIncome": "None", "interestExpense": "167000", "nonInterestIncome": "None", "otherNonOperatingIncome": "None", "depreciation": "None", "depreciationAndAmortization": "8450000", "incomeBeforeTax": "73504000", "incomeTaxExpense": "28085000", "interestAndDebtExpense": "None", "netIncomeFromContinuingOperations": "0", "comprehensiveIncomeNetOfTax": "None", "ebit": "32841000", "ebitda": "41291000", "netIncome": "45419000"}, {"fiscalDateEnding": "2006-08-31", "reportedCurrency": "USD", "grossProfit": "253365000", "totalRevenue": "1929542000", "costOfRevenue": "1676177000", "costofGoodsAndServicesSold": "1676177000", "operatingIncome": "53316000", "sellingGeneralAndAdministrative": "200049000", "researchAndDevelopment": "0", "operatingExpenses": "200049000", "investmentIncomeNet": "None", "netInterestIncome": "None", "interestIncome": "None", "interestExpense": "2335000", "nonInterestIncome": "None", "otherNonOperatingIncome": "None", "depreciation": "None", "depreciationAndAmortization": "8652000", "incomeBeforeTax": "87793000", "incomeTaxExpense": "33529000", "interestAndDebtExpense": "None", "netIncomeFromContinuingOperations": "0", "comprehensiveIncomeNetOfTax": "None", "ebit": "53316000", "ebitda": "61968000", "netIncome": "54264000"}, {"fiscalDateEnding": "2006-05-31", "reportedCurrency": "USD", "grossProfit": "248255000", "totalRevenue": "1885139000", "costOfRevenue": "1636884000", "costofGoodsAndServicesSold": "1636884000", "operatingIncome": "61289000", "sellingGeneralAndAdministrative": "186966000", "researchAndDevelopment": "0", "operatingExpenses": "186966000", "investmentIncomeNet": "None", "netInterestIncome": "None", "interestIncome": "None", "interestExpense": "1947000", "nonInterestIncome": "None", "otherNonOperatingIncome": "None", "depreciation": "None", "depreciationAndAmortization": "8075000", "incomeBeforeTax": "92003000", "incomeTaxExpense": "35227000", "interestAndDebtExpense": "None", "netIncomeFromContinuingOperations": "0", "comprehensiveIncomeNetOfTax": "None", "ebit": "53214000", "ebitda": "61289000", "netIncome": "56776000"}, {"fiscalDateEnding": "2006-02-28", "reportedCurrency": "USD", "grossProfit": "207198000", "totalRevenue": "1623774000", "costOfRevenue": "1416576000", "costofGoodsAndServicesSold": "1416576000", "operatingIncome": "65248000", "sellingGeneralAndAdministrative": "165752000", "researchAndDevelopment": "0", "operatingExpenses": "165752000", "investmentIncomeNet": "None", "netInterestIncome": "None", "interestIncome": "None", "interestExpense": "2094000", "nonInterestIncome": "None", "otherNonOperatingIncome": "None", "depreciation": "None", "depreciationAndAmortization": "7500000", "incomeBeforeTax": "65248000", "incomeTaxExpense": "24845000", "interestAndDebtExpense": "None", "netIncomeFromContinuingOperations": "0", "comprehensiveIncomeNetOfTax": "None", "ebit": "41446000", "ebitda": "48946000", "netIncome": "40403000"}, {"fiscalDateEnding": "2005-11-30", "reportedCurrency": "USD", "grossProfit": "177173000", "totalRevenue": "1423980000", "costOfRevenue": "1246807000", "costofGoodsAndServicesSold": "1246807000", "operatingIncome": "43249000", "sellingGeneralAndAdministrative": "161727000", "researchAndDevelopment": "0", "operatingExpenses": "161727000", "investmentIncomeNet": "None", "netInterestIncome": "None", "interestIncome": "None", "interestExpense": "430000", "nonInterestIncome": "None", "otherNonOperatingIncome": "None", "depreciation": "None", "depreciationAndAmortization": "7008000", "incomeBeforeTax": "43249000", "incomeTaxExpense": "16837000", "interestAndDebtExpense": "None", "netIncomeFromContinuingOperations": "0", "comprehensiveIncomeNetOfTax": "None", "ebit": "9813000", "ebitda": "16821000", "netIncome": "26412000"}, {"fiscalDateEnding": "2005-08-31", "reportedCurrency": "USD", "grossProfit": "208584000", "totalRevenue": "1633853000", "costOfRevenue": "1425269000", "costofGoodsAndServicesSold": "1425269000", "operatingIncome": "66950000", "sellingGeneralAndAdministrative": "165274000", "researchAndDevelopment": "0", "operatingExpenses": "165274000", "investmentIncomeNet": "None", "netInterestIncome": "None", "interestIncome": "None", "interestExpense": "375000", "nonInterestIncome": "None", "otherNonOperatingIncome": "None", "depreciation": "None", "depreciationAndAmortization": "6292000", "incomeBeforeTax": "66950000", "incomeTaxExpense": "25528000", "interestAndDebtExpense": "None", "netIncomeFromContinuingOperations": "0", "comprehensiveIncomeNetOfTax": "None", "ebit": "37159000", "ebitda": "43451000", "netIncome": "41422000"}, {"fiscalDateEnding": "2005-05-31", "reportedCurrency": "USD", "grossProfit": "197759000", "totalRevenue": "1578360000", "costOfRevenue": "1380601000", "costofGoodsAndServicesSold": "1380601000", "operatingIncome": "64536000", "sellingGeneralAndAdministrative": "159235000", "researchAndDevelopment": "0", "operatingExpenses": "159235000", "investmentIncomeNet": "None", "netInterestIncome": "None", "interestIncome": "None", "interestExpense": "1194000", "nonInterestIncome": "None", "otherNonOperatingIncome": "None", "depreciation": "None", "depreciationAndAmortization": "5946000", "incomeBeforeTax": "64536000", "incomeTaxExpense": "24718000", "interestAndDebtExpense": "None", "netIncomeFromContinuingOperations": "0", "comprehensiveIncomeNetOfTax": "None", "ebit": "33974000", "ebitda": "39920000", "netIncome": "39818000"}, {"fiscalDateEnding": "2005-02-28", "reportedCurrency": "USD", "grossProfit": "174320000", "totalRevenue": "1396054000", "costOfRevenue": "1221734000", "costofGoodsAndServicesSold": "1221734000", "operatingIncome": "48074000", "sellingGeneralAndAdministrative": "143993000", "researchAndDevelopment": "0", "operatingExpenses": "143993000", "investmentIncomeNet": "None", "netInterestIncome": "None", "interestIncome": "None", "interestExpense": "1989000", "nonInterestIncome": "None", "otherNonOperatingIncome": "None", "depreciation": "None", "depreciationAndAmortization": "6840000", "incomeBeforeTax": "48074000", "incomeTaxExpense": "18380000", "interestAndDebtExpense": "None", "netIncomeFromContinuingOperations": "0", "comprehensiveIncomeNetOfTax": "None", "ebit": "30327000", "ebitda": "37167000", "netIncome": "29694000"}]}