{"symbol": "EXR", "annualReports": [{"fiscalDateEnding": "2024-12-31", "reportedCurrency": "USD", "grossProfit": "2351450000", "totalRevenue": "3256902000", "costOfRevenue": "905452000", "costofGoodsAndServicesSold": "905452000", "operatingIncome": "1323360000", "sellingGeneralAndAdministrative": "167398000", "researchAndDevelopment": "None", "operatingExpenses": "1028090000", "investmentIncomeNet": "None", "netInterestIncome": "-470652000", "interestIncome": "124422000", "interestExpense": "595074000", "nonInterestIncome": "None", "otherNonOperatingIncome": "None", "depreciation": "None", "depreciationAndAmortization": "783023000", "incomeBeforeTax": "933710000", "incomeTaxExpense": "33478000", "interestAndDebtExpense": "None", "netIncomeFromContinuingOperations": "900232000", "comprehensiveIncomeNetOfTax": "None", "ebit": "1528784000", "ebitda": "2311807000", "netIncome": "854681000"}, {"fiscalDateEnding": "2023-12-31", "reportedCurrency": "USD", "grossProfit": "1889334000", "totalRevenue": "2560244000", "costOfRevenue": "670910000", "costofGoodsAndServicesSold": "670910000", "operatingIncome": "1170141000", "sellingGeneralAndAdministrative": "146408000", "researchAndDevelopment": "0.34", "operatingExpenses": "719193000", "investmentIncomeNet": "None", "netInterestIncome": "-290665000", "interestIncome": "79855000", "interestExpense": "437821000", "nonInterestIncome": "None", "otherNonOperatingIncome": "None", "depreciation": "None", "depreciationAndAmortization": "506053000", "incomeBeforeTax": "872012000", "incomeTaxExpense": "21559000", "interestAndDebtExpense": "None", "netIncomeFromContinuingOperations": "842525000", "comprehensiveIncomeNetOfTax": "None", "ebit": "1286331000", "ebitda": "1792384000", "netIncome": "803198000"}, {"fiscalDateEnding": "2022-12-31", "reportedCurrency": "USD", "grossProfit": "1455268000", "totalRevenue": "1924170000", "costOfRevenue": "468902000", "costofGoodsAndServicesSold": "468902000", "operatingIncome": "1050402000", "sellingGeneralAndAdministrative": "129251000", "researchAndDevelopment": "0.49", "operatingExpenses": "417567000", "investmentIncomeNet": "None", "netInterestIncome": "-149749000", "interestIncome": "108321000", "interestExpense": "219171000", "nonInterestIncome": "None", "otherNonOperatingIncome": "None", "depreciation": "None", "depreciationAndAmortization": "886469000", "incomeBeforeTax": "942081000", "incomeTaxExpense": "20925000", "interestAndDebtExpense": "None", "netIncomeFromContinuingOperations": "921156000", "comprehensiveIncomeNetOfTax": "None", "ebit": "439548000", "ebitda": "1326017000", "netIncome": "860688000"}, {"fiscalDateEnding": "2021-12-31", "reportedCurrency": "USD", "grossProfit": "1179266000", "totalRevenue": "1577362000", "costOfRevenue": "398096000", "costofGoodsAndServicesSold": "398096000", "operatingIncome": "975953000", "sellingGeneralAndAdministrative": "102194000", "researchAndDevelopment": "0.55", "operatingExpenses": "344073000", "investmentIncomeNet": "None", "netInterestIncome": "-116480000", "interestIncome": "49703000", "interestExpense": "166183000", "nonInterestIncome": "None", "otherNonOperatingIncome": "49703000", "depreciation": "None", "depreciationAndAmortization": "771657000", "incomeBeforeTax": "898082000", "incomeTaxExpense": "20324000", "interestAndDebtExpense": "None", "netIncomeFromContinuingOperations": "877758000", "comprehensiveIncomeNetOfTax": "None", "ebit": "337773000", "ebitda": "1109430000", "netIncome": "827649000"}, {"fiscalDateEnding": "2020-12-31", "reportedCurrency": "USD", "grossProfit": "969103000", "totalRevenue": "1356212000", "costOfRevenue": "387109000", "costofGoodsAndServicesSold": "387109000", "operatingIncome": "666140000", "sellingGeneralAndAdministrative": "96594000", "researchAndDevelopment": "0.41", "operatingExpenses": "321038000", "investmentIncomeNet": "None", "netInterestIncome": "-157109000", "interestIncome": "15192000", "interestExpense": "172301000", "nonInterestIncome": "None", "otherNonOperatingIncome": "11517000", "depreciation": "None", "depreciationAndAmortization": "734641000", "incomeBeforeTax": "531392000", "incomeTaxExpense": "13810000", "interestAndDebtExpense": "None", "netIncomeFromContinuingOperations": "495221000", "comprehensiveIncomeNetOfTax": "None", "ebit": "160229000", "ebitda": "894870000", "netIncome": "481779000"}, {"fiscalDateEnding": "2019-12-31", "reportedCurrency": "USD", "grossProfit": "943028000", "totalRevenue": "1308454000", "costOfRevenue": "365426000", "costofGoodsAndServicesSold": "365426000", "operatingIncome": "634958000", "sellingGeneralAndAdministrative": "89418000", "researchAndDevelopment": "0.33", "operatingExpenses": "309275000", "investmentIncomeNet": "None", "netInterestIncome": "-183801000", "interestIncome": "7467000", "interestExpense": "191268000", "nonInterestIncome": "None", "otherNonOperatingIncome": "13999000", "depreciation": "None", "depreciationAndAmortization": "704077000", "incomeBeforeTax": "462431000", "incomeTaxExpense": "11308000", "interestAndDebtExpense": "None", "netIncomeFromContinuingOperations": "439849000", "comprehensiveIncomeNetOfTax": "None", "ebit": "160807000", "ebitda": "864884000", "netIncome": "419967000"}, {"fiscalDateEnding": "2018-12-31", "reportedCurrency": "USD", "grossProfit": "879202000", "totalRevenue": "1196604000", "costOfRevenue": "317402000", "costofGoodsAndServicesSold": "317402000", "operatingIncome": "619703000", "sellingGeneralAndAdministrative": "81256000", "researchAndDevelopment": "0.39", "operatingExpenses": "290306000", "investmentIncomeNet": "None", "netInterestIncome": "-177831000", "interestIncome": "5292000", "interestExpense": "183123000", "nonInterestIncome": "None", "otherNonOperatingIncome": "15057000", "depreciation": "None", "depreciationAndAmortization": "633415000", "incomeBeforeTax": "456324000", "incomeTaxExpense": "9244000", "interestAndDebtExpense": "None", "netIncomeFromContinuingOperations": "432628000", "comprehensiveIncomeNetOfTax": "None", "ebit": "178983000", "ebitda": "812398000", "netIncome": "415289000"}, {"fiscalDateEnding": "2017-12-31", "reportedCurrency": "USD", "grossProfit": "813862000", "totalRevenue": "1105009000", "costOfRevenue": "291147000", "costofGoodsAndServicesSold": "291147000", "operatingIncome": "541605000", "sellingGeneralAndAdministrative": "78961000", "researchAndDevelopment": "0.45", "operatingExpenses": "272257000", "investmentIncomeNet": "None", "netInterestIncome": "-151878000", "interestIncome": "6736000", "interestExpense": "158614000", "nonInterestIncome": "None", "otherNonOperatingIncome": "14029000", "depreciation": "None", "depreciationAndAmortization": "582577000", "incomeBeforeTax": "517847000", "incomeTaxExpense": "3625000", "interestAndDebtExpense": "None", "netIncomeFromContinuingOperations": "498891000", "comprehensiveIncomeNetOfTax": "None", "ebit": "167655000", "ebitda": "750232000", "netIncome": "479013000"}, {"fiscalDateEnding": "2016-12-31", "reportedCurrency": "USD", "grossProfit": "726315000", "totalRevenue": "991875000", "costOfRevenue": "265560000", "costofGoodsAndServicesSold": "265560000", "operatingIncome": "449838000", "sellingGeneralAndAdministrative": "81806000", "researchAndDevelopment": "0.44", "operatingExpenses": "264366000", "investmentIncomeNet": "None", "netInterestIncome": "-127461000", "interestIncome": "10998000", "interestExpense": "138459000", "nonInterestIncome": "None", "otherNonOperatingIncome": "14063000", "depreciation": "None", "depreciationAndAmortization": "542793000", "incomeBeforeTax": "412936000", "incomeTaxExpense": "15847000", "interestAndDebtExpense": "None", "netIncomeFromContinuingOperations": "314995000", "comprehensiveIncomeNetOfTax": "None", "ebit": "118611000", "ebitda": "661404000", "netIncome": "366127000"}, {"fiscalDateEnding": "2015-12-31", "reportedCurrency": "USD", "grossProfit": "565272000", "totalRevenue": "782270000", "costOfRevenue": "216998000", "costofGoodsAndServicesSold": "216998000", "operatingIncome": "294656000", "sellingGeneralAndAdministrative": "67758000", "researchAndDevelopment": "0", "operatingExpenses": "201215000", "investmentIncomeNet": "None", "netInterestIncome": "None", "interestIncome": "75473000", "interestExpense": "98992000", "nonInterestIncome": "None", "otherNonOperatingIncome": "12502000", "depreciation": "None", "depreciationAndAmortization": "133457000", "incomeBeforeTax": "220684000", "incomeTaxExpense": "11148000", "interestAndDebtExpense": "None", "netIncomeFromContinuingOperations": "194328000", "comprehensiveIncomeNetOfTax": "None", "ebit": "376408000", "ebitda": "509865000", "netIncome": "189474000"}, {"fiscalDateEnding": "2014-12-31", "reportedCurrency": "USD", "grossProfit": "464312000", "totalRevenue": "647155000", "costOfRevenue": "182843000", "costofGoodsAndServicesSold": "182843000", "operatingIncome": "278468000", "sellingGeneralAndAdministrative": "60942000", "researchAndDevelopment": "0", "operatingExpenses": "176018000", "investmentIncomeNet": "None", "netInterestIncome": "None", "interestIncome": "None", "interestExpense": "84013000", "nonInterestIncome": "None", "otherNonOperatingIncome": "9465000", "depreciation": "None", "depreciationAndAmortization": "115076000", "incomeBeforeTax": "203466000", "incomeTaxExpense": "7570000", "interestAndDebtExpense": "None", "netIncomeFromContinuingOperations": "181333000", "comprehensiveIncomeNetOfTax": "None", "ebit": "289009000", "ebitda": "404085000", "netIncome": "178355000"}, {"fiscalDateEnding": "2013-12-31", "reportedCurrency": "USD", "grossProfit": "371579000", "totalRevenue": "520613000", "costOfRevenue": "149034000", "costofGoodsAndServicesSold": "149034000", "operatingIncome": "213483000", "sellingGeneralAndAdministrative": "54246000", "researchAndDevelopment": "0", "operatingExpenses": "149478000", "investmentIncomeNet": "None", "netInterestIncome": "None", "interestIncome": "None", "interestExpense": "73034000", "nonInterestIncome": "None", "otherNonOperatingIncome": "2805000", "depreciation": "None", "depreciationAndAmortization": "95232000", "incomeBeforeTax": "195540000", "incomeTaxExpense": "9984000", "interestAndDebtExpense": "None", "netIncomeFromContinuingOperations": "127871000", "comprehensiveIncomeNetOfTax": "None", "ebit": "225136000", "ebitda": "320368000", "netIncome": "172076000"}, {"fiscalDateEnding": "2012-12-31", "reportedCurrency": "USD", "grossProfit": "287499000", "totalRevenue": "409396000", "costOfRevenue": "121897000", "costofGoodsAndServicesSold": "121897000", "operatingIncome": "157241000", "sellingGeneralAndAdministrative": "50454000", "researchAndDevelopment": "0", "operatingExpenses": "124907000", "investmentIncomeNet": "None", "netInterestIncome": "None", "interestIncome": "None", "interestExpense": "72294000", "nonInterestIncome": "None", "otherNonOperatingIncome": "12231000", "depreciation": "None", "depreciationAndAmortization": "74453000", "incomeBeforeTax": "133102000", "incomeTaxExpense": "5413000", "interestAndDebtExpense": "None", "netIncomeFromContinuingOperations": "86200000", "comprehensiveIncomeNetOfTax": "None", "ebit": "150483000", "ebitda": "224936000", "netIncome": "117309000"}, {"fiscalDateEnding": "2011-12-31", "reportedCurrency": "USD", "grossProfit": "228206000", "totalRevenue": "329830000", "costOfRevenue": "101624000", "costofGoodsAndServicesSold": "101624000", "operatingIncome": "115476000", "sellingGeneralAndAdministrative": "49683000", "researchAndDevelopment": "2896000", "operatingExpenses": "112730000", "investmentIncomeNet": "None", "netInterestIncome": "None", "interestIncome": "None", "interestExpense": "69062000", "nonInterestIncome": "None", "otherNonOperatingIncome": "6553000", "depreciation": "None", "depreciationAndAmortization": "58014000", "incomeBeforeTax": "52291000", "incomeTaxExpense": "1155000", "interestAndDebtExpense": "None", "netIncomeFromContinuingOperations": "51136000", "comprehensiveIncomeNetOfTax": "None", "ebit": "116738000", "ebitda": "174752000", "netIncome": "50449000"}, {"fiscalDateEnding": "2010-12-31", "reportedCurrency": "USD", "grossProfit": "188827000", "totalRevenue": "281497000", "costOfRevenue": "92670000", "costofGoodsAndServicesSold": "92670000", "operatingIncome": "90815000", "sellingGeneralAndAdministrative": "44428000", "researchAndDevelopment": "1235000", "operatingExpenses": "98012000", "investmentIncomeNet": "None", "netInterestIncome": "None", "interestIncome": "None", "interestExpense": "65780000", "nonInterestIncome": "None", "otherNonOperatingIncome": "5987000", "depreciation": "None", "depreciationAndAmortization": "50349000", "incomeBeforeTax": "30783000", "incomeTaxExpense": "4162000", "interestAndDebtExpense": "None", "netIncomeFromContinuingOperations": "26621000", "comprehensiveIncomeNetOfTax": "None", "ebit": "94050000", "ebitda": "144399000", "netIncome": "26331000"}, {"fiscalDateEnding": "2009-12-31", "reportedCurrency": "USD", "grossProfit": "191541000", "totalRevenue": "280476000", "costOfRevenue": "88935000", "costofGoodsAndServicesSold": "88935000", "operatingIncome": "71887000", "sellingGeneralAndAdministrative": "46015000", "researchAndDevelopment": "19011000", "operatingExpenses": "119654000", "investmentIncomeNet": "None", "netInterestIncome": "None", "interestIncome": "None", "interestExpense": "69818000", "nonInterestIncome": "None", "otherNonOperatingIncome": "None", "depreciation": "None", "depreciationAndAmortization": "52403000", "incomeBeforeTax": "36429000", "incomeTaxExpense": "4300000", "interestAndDebtExpense": "None", "netIncomeFromContinuingOperations": "None", "comprehensiveIncomeNetOfTax": "None", "ebit": "92995000", "ebitda": "145398000", "netIncome": "31977000"}, {"fiscalDateEnding": "2008-12-31", "reportedCurrency": "USD", "grossProfit": "183663000", "totalRevenue": "273251000", "costOfRevenue": "89588000", "costofGoodsAndServicesSold": "89588000", "operatingIncome": "91943000", "sellingGeneralAndAdministrative": "40427000", "researchAndDevelopment": "1727000", "operatingExpenses": "181308000", "investmentIncomeNet": "None", "netInterestIncome": "None", "interestIncome": "None", "interestExpense": "64611000", "nonInterestIncome": "None", "otherNonOperatingIncome": "None", "depreciation": "None", "depreciationAndAmortization": "49566000", "incomeBeforeTax": "46888000", "incomeTaxExpense": "51987000", "interestAndDebtExpense": "None", "netIncomeFromContinuingOperations": "None", "comprehensiveIncomeNetOfTax": "None", "ebit": "4850000", "ebitda": "54416000", "netIncome": "46888000"}, {"fiscalDateEnding": "2007-12-31", "reportedCurrency": "USD", "grossProfit": "238866000", "totalRevenue": "238866000", "costOfRevenue": "155068000", "costofGoodsAndServicesSold": "155068000", "operatingIncome": "83798000", "sellingGeneralAndAdministrative": "36722000", "researchAndDevelopment": "None", "operatingExpenses": "155068000", "investmentIncomeNet": "None", "netInterestIncome": "None", "interestIncome": "None", "interestExpense": "61015000", "nonInterestIncome": "None", "otherNonOperatingIncome": "None", "depreciation": "None", "depreciationAndAmortization": "39801000", "incomeBeforeTax": "34584000", "incomeTaxExpense": "-1510000", "interestAndDebtExpense": "None", "netIncomeFromContinuingOperations": "None", "comprehensiveIncomeNetOfTax": "None", "ebit": "0", "ebitda": "39801000", "netIncome": "36094000"}, {"fiscalDateEnding": "2006-12-31", "reportedCurrency": "USD", "grossProfit": "132919000", "totalRevenue": "197264000", "costOfRevenue": "64345000", "costofGoodsAndServicesSold": "64345000", "operatingIncome": "59652000", "sellingGeneralAndAdministrative": "35600000", "researchAndDevelopment": "None", "operatingExpenses": "137612000", "investmentIncomeNet": "None", "netInterestIncome": "None", "interestIncome": "None", "interestExpense": "50953000", "nonInterestIncome": "None", "otherNonOperatingIncome": "None", "depreciation": "None", "depreciationAndAmortization": "37172000", "incomeBeforeTax": "14876000", "incomeTaxExpense": "-37667000", "interestAndDebtExpense": "None", "netIncomeFromContinuingOperations": "None", "comprehensiveIncomeNetOfTax": "None", "ebit": "59652000", "ebitda": "96824000", "netIncome": "14876000"}, {"fiscalDateEnding": "2005-12-31", "reportedCurrency": "USD", "grossProfit": "104170000", "totalRevenue": "134728000", "costOfRevenue": "30558000", "costofGoodsAndServicesSold": "30558000", "operatingIncome": "32354000", "sellingGeneralAndAdministrative": "24081000", "researchAndDevelopment": "None", "operatingExpenses": "102374000", "investmentIncomeNet": "None", "netInterestIncome": "None", "interestIncome": "None", "interestExpense": "42549000", "nonInterestIncome": "None", "otherNonOperatingIncome": "None", "depreciation": "None", "depreciationAndAmortization": "31005000", "incomeBeforeTax": "-4966000", "incomeTaxExpense": "-47735000", "interestAndDebtExpense": "None", "netIncomeFromContinuingOperations": "None", "comprehensiveIncomeNetOfTax": "None", "ebit": "32354000", "ebitda": "63359000", "netIncome": "-4966000"}], "quarterlyReports": [{"fiscalDateEnding": "2024-12-31", "reportedCurrency": "USD", "grossProfit": "582545000", "totalRevenue": "821896000", "costOfRevenue": "239351000", "costofGoodsAndServicesSold": "239351000", "operatingIncome": "380032000", "sellingGeneralAndAdministrative": "44025000", "researchAndDevelopment": "None", "operatingExpenses": "202513000", "investmentIncomeNet": "None", "netInterestIncome": "-114960000", "interestIncome": "34676000", "interestExpense": "149636000", "nonInterestIncome": "None", "otherNonOperatingIncome": "None", "depreciation": "None", "depreciationAndAmortization": "196202000", "incomeBeforeTax": "283836000", "incomeTaxExpense": "6035000", "interestAndDebtExpense": "None", "netIncomeFromContinuingOperations": "277801000", "comprehensiveIncomeNetOfTax": "None", "ebit": "433472000", "ebitda": "629674000", "netIncome": "262487000"}, {"fiscalDateEnding": "2024-09-30", "reportedCurrency": "USD", "grossProfit": "598259000", "totalRevenue": "824804000", "costOfRevenue": "226545000", "costofGoodsAndServicesSold": "226545000", "operatingIncome": "302739000", "sellingGeneralAndAdministrative": "39750000", "researchAndDevelopment": "None", "operatingExpenses": "295520000", "investmentIncomeNet": "None", "netInterestIncome": "-118913000", "interestIncome": "34947000", "interestExpense": "153860000", "nonInterestIncome": "None", "otherNonOperatingIncome": "None", "depreciation": "None", "depreciationAndAmortization": "195046000", "incomeBeforeTax": "213802000", "incomeTaxExpense": "10857000", "interestAndDebtExpense": "None", "netIncomeFromContinuingOperations": "202945000", "comprehensiveIncomeNetOfTax": "None", "ebit": "354502000", "ebitda": "549548000", "netIncome": "192818000"}, {"fiscalDateEnding": "2024-06-30", "reportedCurrency": "USD", "grossProfit": "399321000", "totalRevenue": "810663000", "costOfRevenue": "411342000", "costofGoodsAndServicesSold": "411342000", "operatingIncome": "359420000", "sellingGeneralAndAdministrative": "39901000", "researchAndDevelopment": "None", "operatingExpenses": "234710000", "investmentIncomeNet": "None", "netInterestIncome": "-116760000", "interestIncome": "31226000", "interestExpense": "147986000", "nonInterestIncome": "None", "otherNonOperatingIncome": "None", "depreciation": "None", "depreciationAndAmortization": "194809000", "incomeBeforeTax": "-480989000", "incomeTaxExpense": "9844000", "interestAndDebtExpense": "None", "netIncomeFromContinuingOperations": "195412000", "comprehensiveIncomeNetOfTax": "None", "ebit": "376675000", "ebitda": "571484000", "netIncome": "185872000"}, {"fiscalDateEnding": "2024-03-31", "reportedCurrency": "USD", "grossProfit": "379550000", "totalRevenue": "799539000", "costOfRevenue": "419989000", "costofGoodsAndServicesSold": "419989000", "operatingIncome": "335828000", "sellingGeneralAndAdministrative": "43722000", "researchAndDevelopment": "None", "operatingExpenses": "43722000", "investmentIncomeNet": "None", "netInterestIncome": "-120019000", "interestIncome": "23573000", "interestExpense": "143592000", "nonInterestIncome": "None", "otherNonOperatingIncome": "None", "depreciation": "None", "depreciationAndAmortization": "196966000", "incomeBeforeTax": "241521000", "incomeTaxExpense": "6742000", "interestAndDebtExpense": "None", "netIncomeFromContinuingOperations": "224074000", "comprehensiveIncomeNetOfTax": "None", "ebit": "335828000", "ebitda": "532794000", "netIncome": "213112000"}, {"fiscalDateEnding": "2023-12-31", "reportedCurrency": "USD", "grossProfit": "781541000", "totalRevenue": "797774000", "costOfRevenue": "16233000", "costofGoodsAndServicesSold": "16233000", "operatingIncome": "346026000", "sellingGeneralAndAdministrative": "39397000", "researchAndDevelopment": "None", "operatingExpenses": "39397000", "investmentIncomeNet": "None", "netInterestIncome": "-117973000", "interestIncome": "22250000", "interestExpense": "140223000", "nonInterestIncome": "None", "otherNonOperatingIncome": "None", "depreciation": "None", "depreciationAndAmortization": "196139000", "incomeBeforeTax": "231728000", "incomeTaxExpense": "4321000", "interestAndDebtExpense": "None", "netIncomeFromContinuingOperations": "227407000", "comprehensiveIncomeNetOfTax": "None", "ebit": "346026000", "ebitda": "542165000", "netIncome": "216134000"}, {"fiscalDateEnding": "2023-09-30", "reportedCurrency": "USD", "grossProfit": "732991000", "totalRevenue": "748034000", "costOfRevenue": "15043000", "costofGoodsAndServicesSold": "15043000", "operatingIncome": "353966000", "sellingGeneralAndAdministrative": "37406000", "researchAndDevelopment": "None", "operatingExpenses": "37406000", "investmentIncomeNet": "None", "netInterestIncome": "-109035000", "interestIncome": "22092000", "interestExpense": "131127000", "nonInterestIncome": "None", "otherNonOperatingIncome": "None", "depreciation": "None", "depreciationAndAmortization": "152338000", "incomeBeforeTax": "205800000", "incomeTaxExpense": "6944000", "interestAndDebtExpense": "None", "netIncomeFromContinuingOperations": "198856000", "comprehensiveIncomeNetOfTax": "None", "ebit": "369009000", "ebitda": "521347000", "netIncome": "188350000"}, {"fiscalDateEnding": "2023-06-30", "reportedCurrency": "USD", "grossProfit": "387267000", "totalRevenue": "511386000", "costOfRevenue": "124119000", "costofGoodsAndServicesSold": "124119000", "operatingIncome": "273339000", "sellingGeneralAndAdministrative": "34842000", "researchAndDevelopment": "None", "operatingExpenses": "113928000", "investmentIncomeNet": "None", "netInterestIncome": "-65295000", "interestIncome": "21077000", "interestExpense": "86372000", "nonInterestIncome": "None", "otherNonOperatingIncome": "34331000", "depreciation": "None", "depreciationAndAmortization": "79086000", "incomeBeforeTax": "221298000", "incomeTaxExpense": "5986000", "interestAndDebtExpense": "None", "netIncomeFromContinuingOperations": "215312000", "comprehensiveIncomeNetOfTax": "None", "ebit": "273339000", "ebitda": "352425000", "netIncome": "202410000"}, {"fiscalDateEnding": "2023-03-31", "reportedCurrency": "USD", "grossProfit": "376795000", "totalRevenue": "503050000", "costOfRevenue": "126255000", "costofGoodsAndServicesSold": "126255000", "operatingIncome": "263541999", "sellingGeneralAndAdministrative": "34763000", "researchAndDevelopment": "None", "operatingExpenses": "113253000", "investmentIncomeNet": "None", "netInterestIncome": "-60661000", "interestIncome": "19438000", "interestExpense": "80099000", "nonInterestIncome": "None", "otherNonOperatingIncome": "29743000", "depreciation": "None", "depreciationAndAmortization": "78490000", "incomeBeforeTax": "213186000", "incomeTaxExpense": "4308000", "interestAndDebtExpense": "None", "netIncomeFromContinuingOperations": "208878000", "comprehensiveIncomeNetOfTax": "None", "ebit": "263542000", "ebitda": "342032000", "netIncome": "196304000"}, {"fiscalDateEnding": "2022-12-31", "reportedCurrency": "USD", "grossProfit": "385536000", "totalRevenue": "506718000", "costOfRevenue": "121182000", "costofGoodsAndServicesSold": "121182000", "operatingIncome": "269570000", "sellingGeneralAndAdministrative": "35963000", "researchAndDevelopment": "None", "operatingExpenses": "115883000", "investmentIncomeNet": "None", "netInterestIncome": "-55674000", "interestIncome": "44682000", "interestExpense": "72922000", "nonInterestIncome": "None", "otherNonOperatingIncome": "None", "depreciation": "None", "depreciationAndAmortization": "79920000", "incomeBeforeTax": "224888000", "incomeTaxExpense": "5409000", "interestAndDebtExpense": "None", "netIncomeFromContinuingOperations": "219479000", "comprehensiveIncomeNetOfTax": "None", "ebit": "269653000", "ebitda": "349573000", "netIncome": "204260000"}, {"fiscalDateEnding": "2022-09-30", "reportedCurrency": "USD", "grossProfit": "373555000", "totalRevenue": "498902000", "costOfRevenue": "125347000", "costofGoodsAndServicesSold": "125347000", "operatingIncome": "269857000", "sellingGeneralAndAdministrative": "32275000", "researchAndDevelopment": "None", "operatingExpenses": "103698000", "investmentIncomeNet": "None", "netInterestIncome": "-38120000", "interestIncome": "18125000", "interestExpense": "56245000", "nonInterestIncome": "None", "otherNonOperatingIncome": "29274000", "depreciation": "None", "depreciationAndAmortization": "71423000", "incomeBeforeTax": "242886000", "incomeTaxExpense": "6760000", "interestAndDebtExpense": "None", "netIncomeFromContinuingOperations": "236126000", "comprehensiveIncomeNetOfTax": "None", "ebit": "281006000", "ebitda": "352429000", "netIncome": "220406000"}, {"fiscalDateEnding": "2022-06-30", "reportedCurrency": "USD", "grossProfit": "363199000", "totalRevenue": "474988000", "costOfRevenue": "111789000", "costofGoodsAndServicesSold": "111789000", "operatingIncome": "275665000", "sellingGeneralAndAdministrative": "31251000", "researchAndDevelopment": "None", "operatingExpenses": "100318000", "investmentIncomeNet": "None", "netInterestIncome": "-32406000", "interestIncome": "15060000", "interestExpense": "47466000", "nonInterestIncome": "None", "otherNonOperatingIncome": "25250000", "depreciation": "None", "depreciationAndAmortization": "69067000", "incomeBeforeTax": "253449000", "incomeTaxExpense": "5615000", "interestAndDebtExpense": "None", "netIncomeFromContinuingOperations": "247834000", "comprehensiveIncomeNetOfTax": "None", "ebit": "271606000", "ebitda": "340673000", "netIncome": "231817000"}, {"fiscalDateEnding": "2022-03-31", "reportedCurrency": "USD", "grossProfit": "332978000", "totalRevenue": "443562000", "costOfRevenue": "110584000", "costofGoodsAndServicesSold": "110584000", "operatingIncome": "235310000", "sellingGeneralAndAdministrative": "29762000", "researchAndDevelopment": "None", "operatingExpenses": "97668000", "investmentIncomeNet": "None", "netInterestIncome": "-23549000", "interestIncome": "18989000", "interestExpense": "42538000", "nonInterestIncome": "None", "otherNonOperatingIncome": "28086000", "depreciation": "None", "depreciationAndAmortization": "67906000", "incomeBeforeTax": "220858000", "incomeTaxExpense": "3141000", "interestAndDebtExpense": "None", "netIncomeFromContinuingOperations": "217717000", "comprehensiveIncomeNetOfTax": "None", "ebit": "244407000", "ebitda": "312313000", "netIncome": "203293000"}, {"fiscalDateEnding": "2021-12-31", "reportedCurrency": "USD", "grossProfit": "325008000", "totalRevenue": "427383000", "costOfRevenue": "102375000", "costofGoodsAndServicesSold": "102375000", "operatingIncome": "311773000", "sellingGeneralAndAdministrative": "27918000", "researchAndDevelopment": "None", "operatingExpenses": "90112000", "investmentIncomeNet": "None", "netInterestIncome": "-32746000", "interestIncome": "12832000", "interestExpense": "45578000", "nonInterestIncome": "None", "otherNonOperatingIncome": "-10701000", "depreciation": "None", "depreciationAndAmortization": "62194000", "incomeBeforeTax": "287852000", "incomeTaxExpense": "3994000", "interestAndDebtExpense": "None", "netIncomeFromContinuingOperations": "283858000", "comprehensiveIncomeNetOfTax": "None", "ebit": "234896000", "ebitda": "297090000", "netIncome": "268044000"}, {"fiscalDateEnding": "2021-09-30", "reportedCurrency": "USD", "grossProfit": "312189000", "totalRevenue": "412492000", "costOfRevenue": "100303000", "costofGoodsAndServicesSold": "100303000", "operatingIncome": "226278000", "sellingGeneralAndAdministrative": "24395000", "researchAndDevelopment": "None", "operatingExpenses": "85911000", "investmentIncomeNet": "None", "netInterestIncome": "-27941000", "interestIncome": "11729000", "interestExpense": "39670000", "nonInterestIncome": "None", "otherNonOperatingIncome": "19984000", "depreciation": "None", "depreciationAndAmortization": "61516000", "incomeBeforeTax": "206592000", "incomeTaxExpense": "6772000", "interestAndDebtExpense": "None", "netIncomeFromContinuingOperations": "199820000", "comprehensiveIncomeNetOfTax": "None", "ebit": "234533000", "ebitda": "296049000", "netIncome": "188016000"}, {"fiscalDateEnding": "2021-06-30", "reportedCurrency": "USD", "grossProfit": "282740000", "totalRevenue": "378630000", "costOfRevenue": "95890000", "costofGoodsAndServicesSold": "95890000", "operatingIncome": "196829000", "sellingGeneralAndAdministrative": "26341000", "researchAndDevelopment": "None", "operatingExpenses": "85911000", "investmentIncomeNet": "None", "netInterestIncome": "-27402000", "interestIncome": "12838000", "interestExpense": "40240000", "nonInterestIncome": "None", "otherNonOperatingIncome": "21160000", "depreciation": "None", "depreciationAndAmortization": "59570000", "incomeBeforeTax": "184000000", "incomeTaxExpense": "5421000", "interestAndDebtExpense": "None", "netIncomeFromContinuingOperations": "178579000", "comprehensiveIncomeNetOfTax": "None", "ebit": "205151000", "ebitda": "264721000", "netIncome": "167716000"}, {"fiscalDateEnding": "2021-03-31", "reportedCurrency": "USD", "grossProfit": "259329000", "totalRevenue": "358857000", "costOfRevenue": "99528000", "costofGoodsAndServicesSold": "99528000", "operatingIncome": "241073000", "sellingGeneralAndAdministrative": "23540000", "researchAndDevelopment": "None", "operatingExpenses": "82139000", "investmentIncomeNet": "None", "netInterestIncome": "-28391000", "interestIncome": "12304000", "interestExpense": "40695000", "nonInterestIncome": "None", "otherNonOperatingIncome": "19260000", "depreciation": "None", "depreciationAndAmortization": "58599000", "incomeBeforeTax": "219638000", "incomeTaxExpense": "4137000", "interestAndDebtExpense": "None", "netIncomeFromContinuingOperations": "208545000", "comprehensiveIncomeNetOfTax": "None", "ebit": "184146000", "ebitda": "242745000", "netIncome": "202686000"}, {"fiscalDateEnding": "2020-12-31", "reportedCurrency": "USD", "grossProfit": "258765000", "totalRevenue": "353490000", "costOfRevenue": "94725000", "costofGoodsAndServicesSold": "94725000", "operatingIncome": "195749000", "sellingGeneralAndAdministrative": "24352000", "researchAndDevelopment": "None", "operatingExpenses": "81091000", "investmentIncomeNet": "None", "netInterestIncome": "-32312000", "interestIncome": "8704000", "interestExpense": "41016000", "nonInterestIncome": "None", "otherNonOperatingIncome": "-6988000", "depreciation": "None", "depreciationAndAmortization": "56739000", "incomeBeforeTax": "170106000", "incomeTaxExpense": "3797000", "interestAndDebtExpense": "None", "netIncomeFromContinuingOperations": "159640000", "comprehensiveIncomeNetOfTax": "None", "ebit": "177674000", "ebitda": "234413000", "netIncome": "155863000"}, {"fiscalDateEnding": "2020-09-30", "reportedCurrency": "USD", "grossProfit": "243513000", "totalRevenue": "343024000", "costOfRevenue": "99511000", "costofGoodsAndServicesSold": "99511000", "operatingIncome": "163207000", "sellingGeneralAndAdministrative": "23894000", "researchAndDevelopment": "None", "operatingExpenses": "80306000", "investmentIncomeNet": "None", "netInterestIncome": "-40301000", "interestIncome": "34696000", "interestExpense": "43446000", "nonInterestIncome": "None", "otherNonOperatingIncome": "7517000", "depreciation": "None", "depreciationAndAmortization": "56412000", "incomeBeforeTax": "128511000", "incomeTaxExpense": "4657000", "interestAndDebtExpense": "None", "netIncomeFromContinuingOperations": "118249000", "comprehensiveIncomeNetOfTax": "None", "ebit": "168812000", "ebitda": "225224000", "netIncome": "114456000"}, {"fiscalDateEnding": "2020-06-30", "reportedCurrency": "USD", "grossProfit": "231348000", "totalRevenue": "327246000", "costOfRevenue": "95898000", "costofGoodsAndServicesSold": "95898000", "operatingIncome": "149993000", "sellingGeneralAndAdministrative": "25337000", "researchAndDevelopment": "None", "operatingExpenses": "81355000", "investmentIncomeNet": "None", "netInterestIncome": "-40603000", "interestIncome": "1669000", "interestExpense": "42272000", "nonInterestIncome": "None", "otherNonOperatingIncome": "5480000", "depreciation": "None", "depreciationAndAmortization": "56018000", "incomeBeforeTax": "114434000", "incomeTaxExpense": "3177000", "interestAndDebtExpense": "None", "netIncomeFromContinuingOperations": "106213000", "comprehensiveIncomeNetOfTax": "None", "ebit": "155037000", "ebitda": "211055000", "netIncome": "102738000"}, {"fiscalDateEnding": "2020-03-31", "reportedCurrency": "USD", "grossProfit": "235477000", "totalRevenue": "332452000", "costOfRevenue": "96975000", "costofGoodsAndServicesSold": "96975000", "operatingIncome": "157191000", "sellingGeneralAndAdministrative": "23011000", "researchAndDevelopment": "None", "operatingExpenses": "78286000", "investmentIncomeNet": "None", "netInterestIncome": "-43893000", "interestIncome": "1674000", "interestExpense": "45567000", "nonInterestIncome": "None", "otherNonOperatingIncome": "5508000", "depreciation": "None", "depreciationAndAmortization": "55275000", "incomeBeforeTax": "118341000", "incomeTaxExpense": "2179000", "interestAndDebtExpense": "None", "netIncomeFromContinuingOperations": "111119000", "comprehensiveIncomeNetOfTax": "None", "ebit": "162234000", "ebitda": "217509000", "netIncome": "108016000"}, {"fiscalDateEnding": "2019-12-31", "reportedCurrency": "USD", "grossProfit": "240256000", "totalRevenue": "335801000", "costOfRevenue": "95545000", "costofGoodsAndServicesSold": "95545000", "operatingIncome": "164645000", "sellingGeneralAndAdministrative": "20870000", "researchAndDevelopment": "None", "operatingExpenses": "75611000", "investmentIncomeNet": "None", "netInterestIncome": "-44457000", "interestIncome": "1562000", "interestExpense": "46019000", "nonInterestIncome": "None", "otherNonOperatingIncome": "3172000", "depreciation": "None", "depreciationAndAmortization": "54741000", "incomeBeforeTax": "123007000", "incomeTaxExpense": "2728000", "interestAndDebtExpense": "None", "netIncomeFromContinuingOperations": "117460000", "comprehensiveIncomeNetOfTax": "None", "ebit": "167464000", "ebitda": "222205000", "netIncome": "112110000"}, {"fiscalDateEnding": "2019-09-30", "reportedCurrency": "USD", "grossProfit": "241208000", "totalRevenue": "337505000", "costOfRevenue": "96297000", "costofGoodsAndServicesSold": "96297000", "operatingIncome": "162638000", "sellingGeneralAndAdministrative": "22519000", "researchAndDevelopment": "None", "operatingExpenses": "78570000", "investmentIncomeNet": "None", "netInterestIncome": "-45295000", "interestIncome": "2799000", "interestExpense": "48094000", "nonInterestIncome": "None", "otherNonOperatingIncome": "4317000", "depreciation": "None", "depreciationAndAmortization": "56051000", "incomeBeforeTax": "120047000", "incomeTaxExpense": "4052000", "interestAndDebtExpense": "None", "netIncomeFromContinuingOperations": "113291000", "comprehensiveIncomeNetOfTax": "None", "ebit": "165342000", "ebitda": "221393000", "netIncome": "107922000"}, {"fiscalDateEnding": "2019-06-30", "reportedCurrency": "USD", "grossProfit": "235750000", "totalRevenue": "323602000", "costOfRevenue": "87852000", "costofGoodsAndServicesSold": "87852000", "operatingIncome": "159198000", "sellingGeneralAndAdministrative": "23351000", "researchAndDevelopment": "None", "operatingExpenses": "77757000", "investmentIncomeNet": "None", "netInterestIncome": "-46915000", "interestIncome": "1718000", "interestExpense": "48633000", "nonInterestIncome": "None", "otherNonOperatingIncome": "3654000", "depreciation": "None", "depreciationAndAmortization": "54406000", "incomeBeforeTax": "115404000", "incomeTaxExpense": "2715000", "interestAndDebtExpense": "None", "netIncomeFromContinuingOperations": "109568000", "comprehensiveIncomeNetOfTax": "None", "ebit": "161114000", "ebitda": "215520000", "netIncome": "104652000"}, {"fiscalDateEnding": "2019-03-31", "reportedCurrency": "USD", "grossProfit": "225814000", "totalRevenue": "311546000", "costOfRevenue": "85732000", "costofGoodsAndServicesSold": "85732000", "operatingIncome": "148477000", "sellingGeneralAndAdministrative": "22678000", "researchAndDevelopment": "None", "operatingExpenses": "77337000", "investmentIncomeNet": "None", "netInterestIncome": "-47134000", "interestIncome": "44504000", "interestExpense": "48522000", "nonInterestIncome": "None", "otherNonOperatingIncome": "2856000", "depreciation": "None", "depreciationAndAmortization": "54659000", "incomeBeforeTax": "103973000", "incomeTaxExpense": "1813000", "interestAndDebtExpense": "None", "netIncomeFromContinuingOperations": "99530000", "comprehensiveIncomeNetOfTax": "None", "ebit": "151107000", "ebitda": "205766000", "netIncome": "94603000"}, {"fiscalDateEnding": "2018-12-31", "reportedCurrency": "USD", "grossProfit": "228237000", "totalRevenue": "307353000", "costOfRevenue": "79116000", "costofGoodsAndServicesSold": "79116000", "operatingIncome": "156677000", "sellingGeneralAndAdministrative": "18434000", "researchAndDevelopment": "0", "operatingExpenses": "71560000", "investmentIncomeNet": "None", "netInterestIncome": "None", "interestIncome": "None", "interestExpense": "49359000", "nonInterestIncome": "None", "otherNonOperatingIncome": "3937000", "depreciation": "None", "depreciationAndAmortization": "53126000", "incomeBeforeTax": "112417000", "incomeTaxExpense": "3167000", "interestAndDebtExpense": "None", "netIncomeFromContinuingOperations": "105446000", "comprehensiveIncomeNetOfTax": "None", "ebit": "160481000", "ebitda": "213607000", "netIncome": "101289000"}, {"fiscalDateEnding": "2018-09-30", "reportedCurrency": "USD", "grossProfit": "225581000", "totalRevenue": "306953000", "costOfRevenue": "81372000", "costofGoodsAndServicesSold": "81372000", "operatingIncome": "153591000", "sellingGeneralAndAdministrative": "19707000", "researchAndDevelopment": "0", "operatingExpenses": "71990000", "investmentIncomeNet": "None", "netInterestIncome": "None", "interestIncome": "None", "interestExpense": "47066000", "nonInterestIncome": "None", "otherNonOperatingIncome": "3853000", "depreciation": "None", "depreciationAndAmortization": "52283000", "incomeBeforeTax": "142325000", "incomeTaxExpense": "2638000", "interestAndDebtExpense": "None", "netIncomeFromContinuingOperations": "136065000", "comprehensiveIncomeNetOfTax": "None", "ebit": "157213000", "ebitda": "209496000", "netIncome": "130199000"}, {"fiscalDateEnding": "2018-06-30", "reportedCurrency": "USD", "grossProfit": "218259000", "totalRevenue": "296813000", "costOfRevenue": "78554000", "costofGoodsAndServicesSold": "78554000", "operatingIncome": "144716000", "sellingGeneralAndAdministrative": "21651000", "researchAndDevelopment": "0", "operatingExpenses": "73543000", "investmentIncomeNet": "None", "netInterestIncome": "None", "interestIncome": "None", "interestExpense": "44523000", "nonInterestIncome": "None", "otherNonOperatingIncome": "3441000", "depreciation": "None", "depreciationAndAmortization": "51892000", "incomeBeforeTax": "104810000", "incomeTaxExpense": "2097000", "interestAndDebtExpense": "None", "netIncomeFromContinuingOperations": "99284000", "comprehensiveIncomeNetOfTax": "None", "ebit": "148145000", "ebitda": "200037000", "netIncome": "94960000"}, {"fiscalDateEnding": "2018-03-31", "reportedCurrency": "USD", "grossProfit": "207125000", "totalRevenue": "285485000", "costOfRevenue": "78360000", "costofGoodsAndServicesSold": "78360000", "operatingIncome": "133912000", "sellingGeneralAndAdministrative": "21464000", "researchAndDevelopment": "0", "operatingExpenses": "73213000", "investmentIncomeNet": "None", "netInterestIncome": "None", "interestIncome": "None", "interestExpense": "42175000", "nonInterestIncome": "None", "otherNonOperatingIncome": "3826000", "depreciation": "None", "depreciationAndAmortization": "51749000", "incomeBeforeTax": "96772000", "incomeTaxExpense": "1342000", "interestAndDebtExpense": "None", "netIncomeFromContinuingOperations": "91833000", "comprehensiveIncomeNetOfTax": "None", "ebit": "137509000", "ebitda": "189258000", "netIncome": "88078000"}, {"fiscalDateEnding": "2017-12-31", "reportedCurrency": "USD", "grossProfit": "209061000", "totalRevenue": "281842000", "costOfRevenue": "72781000", "costofGoodsAndServicesSold": "72781000", "operatingIncome": "141114000", "sellingGeneralAndAdministrative": "18790000", "researchAndDevelopment": "0", "operatingExpenses": "67947000", "investmentIncomeNet": "None", "netInterestIncome": "None", "interestIncome": "None", "interestExpense": "41595000", "nonInterestIncome": "None", "otherNonOperatingIncome": "3652000", "depreciation": "None", "depreciationAndAmortization": "49157000", "incomeBeforeTax": "223786000", "incomeTaxExpense": "-5529000", "interestAndDebtExpense": "None", "netIncomeFromContinuingOperations": "225391000", "comprehensiveIncomeNetOfTax": "None", "ebit": "145038000", "ebitda": "194195000", "netIncome": "215581000"}, {"fiscalDateEnding": "2017-09-30", "reportedCurrency": "USD", "grossProfit": "207454000", "totalRevenue": "284156000", "costOfRevenue": "76702000", "costofGoodsAndServicesSold": "76702000", "operatingIncome": "139881000", "sellingGeneralAndAdministrative": "19498000", "researchAndDevelopment": "0", "operatingExpenses": "67573000", "investmentIncomeNet": "None", "netInterestIncome": "None", "interestIncome": "None", "interestExpense": "41034000", "nonInterestIncome": "None", "otherNonOperatingIncome": "3591000", "depreciation": "None", "depreciationAndAmortization": "48075000", "incomeBeforeTax": "104238000", "incomeTaxExpense": "3163000", "interestAndDebtExpense": "None", "netIncomeFromContinuingOperations": "97085000", "comprehensiveIncomeNetOfTax": "None", "ebit": "143871000", "ebitda": "191946000", "netIncome": "93573000"}, {"fiscalDateEnding": "2017-06-30", "reportedCurrency": "USD", "grossProfit": "204904000", "totalRevenue": "276003000", "costOfRevenue": "71099000", "costofGoodsAndServicesSold": "71099000", "operatingIncome": "136407000", "sellingGeneralAndAdministrative": "21865000", "researchAndDevelopment": "0", "operatingExpenses": "68497000", "investmentIncomeNet": "None", "netInterestIncome": "None", "interestIncome": "None", "interestExpense": "38746000", "nonInterestIncome": "None", "otherNonOperatingIncome": "3374000", "depreciation": "None", "depreciationAndAmortization": "46632000", "incomeBeforeTax": "96965000", "incomeTaxExpense": "2867000", "interestAndDebtExpense": "None", "netIncomeFromContinuingOperations": "90260000", "comprehensiveIncomeNetOfTax": "None", "ebit": "140245000", "ebitda": "186877000", "netIncome": "86799000"}, {"fiscalDateEnding": "2017-03-31", "reportedCurrency": "USD", "grossProfit": "192443000", "totalRevenue": "263008000", "costOfRevenue": "70565000", "costofGoodsAndServicesSold": "70565000", "operatingIncome": "124203000", "sellingGeneralAndAdministrative": "18808000", "researchAndDevelopment": "0", "operatingExpenses": "68240000", "investmentIncomeNet": "None", "netInterestIncome": "None", "interestIncome": "None", "interestExpense": "37239000", "nonInterestIncome": "None", "otherNonOperatingIncome": "3412000", "depreciation": "None", "depreciationAndAmortization": "49432000", "incomeBeforeTax": "92858000", "incomeTaxExpense": "3124000", "interestAndDebtExpense": "None", "netIncomeFromContinuingOperations": "86155000", "comprehensiveIncomeNetOfTax": "None", "ebit": "127782000", "ebitda": "177214000", "netIncome": "82085000"}, {"fiscalDateEnding": "2016-12-31", "reportedCurrency": "USD", "grossProfit": "193684000", "totalRevenue": "261016000", "costOfRevenue": "67332000", "costofGoodsAndServicesSold": "67332000", "operatingIncome": "123184000", "sellingGeneralAndAdministrative": "18355000", "researchAndDevelopment": "0", "operatingExpenses": "67513000", "investmentIncomeNet": "None", "netInterestIncome": "None", "interestIncome": "None", "interestExpense": "37088000", "nonInterestIncome": "None", "otherNonOperatingIncome": "3269000", "depreciation": "None", "depreciationAndAmortization": "49158000", "incomeBeforeTax": "95259000", "incomeTaxExpense": "4843000", "interestAndDebtExpense": "None", "netIncomeFromContinuingOperations": "82567000", "comprehensiveIncomeNetOfTax": "None", "ebit": "138377000", "ebitda": "187535000", "netIncome": "82227000"}, {"fiscalDateEnding": "2016-09-30", "reportedCurrency": "USD", "grossProfit": "190749000", "totalRevenue": "257183000", "costOfRevenue": "66434000", "costofGoodsAndServicesSold": "66434000", "operatingIncome": "122724000", "sellingGeneralAndAdministrative": "19537000", "researchAndDevelopment": "0", "operatingExpenses": "66092000", "investmentIncomeNet": "None", "netInterestIncome": "None", "interestIncome": "None", "interestExpense": "34737000", "nonInterestIncome": "None", "otherNonOperatingIncome": "3740000", "depreciation": "None", "depreciationAndAmortization": "46555000", "incomeBeforeTax": "131692000", "incomeTaxExpense": "4466000", "interestAndDebtExpense": "None", "netIncomeFromContinuingOperations": "86092000", "comprehensiveIncomeNetOfTax": "None", "ebit": "126349000", "ebitda": "172904000", "netIncome": "117840000"}, {"fiscalDateEnding": "2016-06-30", "reportedCurrency": "USD", "grossProfit": "177902000", "totalRevenue": "244273000", "costOfRevenue": "66371000", "costofGoodsAndServicesSold": "66371000", "operatingIncome": "110302000", "sellingGeneralAndAdministrative": "20512000", "researchAndDevelopment": "0", "operatingExpenses": "64462000", "investmentIncomeNet": "None", "netInterestIncome": "None", "interestIncome": "None", "interestExpense": "34042000", "nonInterestIncome": "None", "otherNonOperatingIncome": "3743000", "depreciation": "None", "depreciationAndAmortization": "43950000", "incomeBeforeTax": "93813000", "incomeTaxExpense": "3773000", "interestAndDebtExpense": "None", "netIncomeFromContinuingOperations": "86682000", "comprehensiveIncomeNetOfTax": "None", "ebit": "116798000", "ebitda": "160748000", "netIncome": "82830000"}, {"fiscalDateEnding": "2016-03-31", "reportedCurrency": "USD", "grossProfit": "163980000", "totalRevenue": "229403000", "costOfRevenue": "65423000", "costofGoodsAndServicesSold": "65423000", "operatingIncome": "93628000", "sellingGeneralAndAdministrative": "23402000", "researchAndDevelopment": "0", "operatingExpenses": "66299000", "investmentIncomeNet": "None", "netInterestIncome": "None", "interestIncome": "None", "interestExpense": "32592000", "nonInterestIncome": "None", "otherNonOperatingIncome": "3311000", "depreciation": "None", "depreciationAndAmortization": "42897000", "incomeBeforeTax": "92172000", "incomeTaxExpense": "2765000", "interestAndDebtExpense": "None", "netIncomeFromContinuingOperations": "59654000", "comprehensiveIncomeNetOfTax": "None", "ebit": "104511000", "ebitda": "147408000", "netIncome": "82427000"}, {"fiscalDateEnding": "2015-12-31", "reportedCurrency": "USD", "grossProfit": "162911000", "totalRevenue": "225759000", "costOfRevenue": "62848000", "costofGoodsAndServicesSold": "62848000", "operatingIncome": "40309000", "sellingGeneralAndAdministrative": "18138000", "researchAndDevelopment": "0", "operatingExpenses": "58904000", "investmentIncomeNet": "None", "netInterestIncome": "None", "interestIncome": "None", "interestExpense": "31741000", "nonInterestIncome": "None", "otherNonOperatingIncome": "4006000", "depreciation": "None", "depreciationAndAmortization": "40766000", "incomeBeforeTax": "14898000", "incomeTaxExpense": "3154000", "interestAndDebtExpense": "None", "netIncomeFromContinuingOperations": "8447000", "comprehensiveIncomeNetOfTax": "None", "ebit": "43606000", "ebitda": "84372000", "netIncome": "8506000"}, {"fiscalDateEnding": "2015-09-30", "reportedCurrency": "USD", "grossProfit": "145011000", "totalRevenue": "197497000", "costOfRevenue": "52486000", "costofGoodsAndServicesSold": "52486000", "operatingIncome": "97304000", "sellingGeneralAndAdministrative": "16716000", "researchAndDevelopment": "0", "operatingExpenses": "47427000", "investmentIncomeNet": "None", "netInterestIncome": "None", "interestIncome": "None", "interestExpense": "21616000", "nonInterestIncome": "None", "otherNonOperatingIncome": "2954000", "depreciation": "None", "depreciationAndAmortization": "30711000", "incomeBeforeTax": "81761000", "incomeTaxExpense": "3561000", "interestAndDebtExpense": "None", "netIncomeFromContinuingOperations": "74797000", "comprehensiveIncomeNetOfTax": "None", "ebit": "100707000", "ebitda": "131418000", "netIncome": "71545000"}, {"fiscalDateEnding": "2015-06-30", "reportedCurrency": "USD", "grossProfit": "134368000", "totalRevenue": "185860000", "costOfRevenue": "51492000", "costofGoodsAndServicesSold": "51492000", "operatingIncome": "81607000", "sellingGeneralAndAdministrative": "16655000", "researchAndDevelopment": "0", "operatingExpenses": "48207000", "investmentIncomeNet": "None", "netInterestIncome": "None", "interestIncome": "None", "interestExpense": "23507000", "nonInterestIncome": "None", "otherNonOperatingIncome": "2733000", "depreciation": "None", "depreciationAndAmortization": "31552000", "incomeBeforeTax": "63141000", "incomeTaxExpense": "2185000", "interestAndDebtExpense": "None", "netIncomeFromContinuingOperations": "57955000", "comprehensiveIncomeNetOfTax": "None", "ebit": "84608000", "ebitda": "116160000", "netIncome": "55199000"}, {"fiscalDateEnding": "2015-03-31", "reportedCurrency": "USD", "grossProfit": "122982000", "totalRevenue": "173154000", "costOfRevenue": "50172000", "costofGoodsAndServicesSold": "50172000", "operatingIncome": "75436000", "sellingGeneralAndAdministrative": "16249000", "researchAndDevelopment": "0", "operatingExpenses": "46677000", "investmentIncomeNet": "None", "netInterestIncome": "None", "interestIncome": "None", "interestExpense": "22128000", "nonInterestIncome": "None", "otherNonOperatingIncome": "2809000", "depreciation": "None", "depreciationAndAmortization": "30428000", "incomeBeforeTax": "60884000", "incomeTaxExpense": "2248000", "interestAndDebtExpense": "None", "netIncomeFromContinuingOperations": "53129000", "comprehensiveIncomeNetOfTax": "None", "ebit": "78086000", "ebitda": "108514000", "netIncome": "53623000"}, {"fiscalDateEnding": "2014-12-31", "reportedCurrency": "USD", "grossProfit": "121727000", "totalRevenue": "167367000", "costOfRevenue": "45640000", "costofGoodsAndServicesSold": "45640000", "operatingIncome": "69916000", "sellingGeneralAndAdministrative": "16689000", "researchAndDevelopment": "0", "operatingExpenses": "45870000", "investmentIncomeNet": "None", "netInterestIncome": "None", "interestIncome": "None", "interestExpense": "21072000", "nonInterestIncome": "None", "otherNonOperatingIncome": "2502000", "depreciation": "None", "depreciationAndAmortization": "29181000", "incomeBeforeTax": "51719000", "incomeTaxExpense": "2233000", "interestAndDebtExpense": "None", "netIncomeFromContinuingOperations": "46539000", "comprehensiveIncomeNetOfTax": "None", "ebit": "72657000", "ebitda": "101838000", "netIncome": "44998000"}, {"fiscalDateEnding": "2014-09-30", "reportedCurrency": "USD", "grossProfit": "121144000", "totalRevenue": "167368000", "costOfRevenue": "46224000", "costofGoodsAndServicesSold": "46224000", "operatingIncome": "77493000", "sellingGeneralAndAdministrative": "13966000", "researchAndDevelopment": "0", "operatingExpenses": "43215000", "investmentIncomeNet": "None", "netInterestIncome": "None", "interestIncome": "None", "interestExpense": "21360000", "nonInterestIncome": "None", "otherNonOperatingIncome": "2284000", "depreciation": "None", "depreciationAndAmortization": "29249000", "incomeBeforeTax": "58187000", "incomeTaxExpense": "-1006000", "interestAndDebtExpense": "None", "netIncomeFromContinuingOperations": "56038000", "comprehensiveIncomeNetOfTax": "None", "ebit": "80270000", "ebitda": "109519000", "netIncome": "54103000"}, {"fiscalDateEnding": "2014-06-30", "reportedCurrency": "USD", "grossProfit": "115310000", "totalRevenue": "160240000", "costOfRevenue": "44930000", "costofGoodsAndServicesSold": "44930000", "operatingIncome": "70661000", "sellingGeneralAndAdministrative": "14985000", "researchAndDevelopment": "0", "operatingExpenses": "43256000", "investmentIncomeNet": "None", "netInterestIncome": "None", "interestIncome": "None", "interestExpense": "21321000", "nonInterestIncome": "None", "otherNonOperatingIncome": "2653000", "depreciation": "None", "depreciationAndAmortization": "28271000", "incomeBeforeTax": "49521000", "incomeTaxExpense": "3513000", "interestAndDebtExpense": "None", "netIncomeFromContinuingOperations": "39966000", "comprehensiveIncomeNetOfTax": "None", "ebit": "73265000", "ebitda": "101536000", "netIncome": "41540000"}, {"fiscalDateEnding": "2014-03-31", "reportedCurrency": "USD", "grossProfit": "106131000", "totalRevenue": "152180000", "costOfRevenue": "46049000", "costofGoodsAndServicesSold": "46049000", "operatingIncome": "60398000", "sellingGeneralAndAdministrative": "15302000", "researchAndDevelopment": "0", "operatingExpenses": "43677000", "investmentIncomeNet": "None", "netInterestIncome": "None", "interestIncome": "None", "interestExpense": "20260000", "nonInterestIncome": "None", "otherNonOperatingIncome": "2026000", "depreciation": "None", "depreciationAndAmortization": "28375000", "incomeBeforeTax": "44039000", "incomeTaxExpense": "2830000", "interestAndDebtExpense": "None", "netIncomeFromContinuingOperations": "38790000", "comprehensiveIncomeNetOfTax": "None", "ebit": "62817000", "ebitda": "91192000", "netIncome": "37223000"}, {"fiscalDateEnding": "2013-12-31", "reportedCurrency": "USD", "grossProfit": "102160000", "totalRevenue": "141934000", "costOfRevenue": "39774000", "costofGoodsAndServicesSold": "39774000", "operatingIncome": "57315000", "sellingGeneralAndAdministrative": "13795000", "researchAndDevelopment": "0", "operatingExpenses": "39789000", "investmentIncomeNet": "None", "netInterestIncome": "None", "interestIncome": "None", "interestExpense": "20095000", "nonInterestIncome": "None", "otherNonOperatingIncome": "2644000", "depreciation": "None", "depreciationAndAmortization": "25994000", "incomeBeforeTax": "85009000", "incomeTaxExpense": "2837000", "interestAndDebtExpense": "None", "netIncomeFromContinuingOperations": "35985000", "comprehensiveIncomeNetOfTax": "None", "ebit": "60026000", "ebitda": "86020000", "netIncome": "76940000"}, {"fiscalDateEnding": "2013-09-30", "reportedCurrency": "USD", "grossProfit": "95862000", "totalRevenue": "133111000", "costOfRevenue": "37249000", "costofGoodsAndServicesSold": "37249000", "operatingIncome": "56064000", "sellingGeneralAndAdministrative": "13943000", "researchAndDevelopment": "0", "operatingExpenses": "37371000", "investmentIncomeNet": "None", "netInterestIncome": "None", "interestIncome": "None", "interestExpense": "17098000", "nonInterestIncome": "None", "otherNonOperatingIncome": "-6380000", "depreciation": "None", "depreciationAndAmortization": "23428000", "incomeBeforeTax": "34633000", "incomeTaxExpense": "2281000", "interestAndDebtExpense": "None", "netIncomeFromContinuingOperations": "28947000", "comprehensiveIncomeNetOfTax": "None", "ebit": "59469000", "ebitda": "82897000", "netIncome": "29102000"}, {"fiscalDateEnding": "2013-06-30", "reportedCurrency": "USD", "grossProfit": "90582000", "totalRevenue": "126246000", "costOfRevenue": "35664000", "costofGoodsAndServicesSold": "35664000", "operatingIncome": "53375000", "sellingGeneralAndAdministrative": "13739000", "researchAndDevelopment": "0", "operatingExpenses": "36524000", "investmentIncomeNet": "None", "netInterestIncome": "None", "interestIncome": "None", "interestExpense": "18475000", "nonInterestIncome": "None", "otherNonOperatingIncome": "3734000", "depreciation": "None", "depreciationAndAmortization": "22785000", "incomeBeforeTax": "39959000", "incomeTaxExpense": "2858000", "interestAndDebtExpense": "None", "netIncomeFromContinuingOperations": "34187000", "comprehensiveIncomeNetOfTax": "None", "ebit": "58434000", "ebitda": "81219000", "netIncome": "34320000"}, {"fiscalDateEnding": "2013-03-31", "reportedCurrency": "USD", "grossProfit": "82975000", "totalRevenue": "119322000", "costOfRevenue": "36347000", "costofGoodsAndServicesSold": "36347000", "operatingIncome": "46729000", "sellingGeneralAndAdministrative": "12769000", "researchAndDevelopment": "0", "operatingExpenses": "35794000", "investmentIncomeNet": "None", "netInterestIncome": "None", "interestIncome": "None", "interestExpense": "17366000", "nonInterestIncome": "None", "otherNonOperatingIncome": "2807000", "depreciation": "None", "depreciationAndAmortization": "23025000", "incomeBeforeTax": "35939000", "incomeTaxExpense": "2008000", "interestAndDebtExpense": "None", "netIncomeFromContinuingOperations": "28752000", "comprehensiveIncomeNetOfTax": "None", "ebit": "53305000", "ebitda": "76330000", "netIncome": "31305000"}, {"fiscalDateEnding": "2012-12-31", "reportedCurrency": "USD", "grossProfit": "79144000", "totalRevenue": "113667000", "costOfRevenue": "34523000", "costofGoodsAndServicesSold": "34523000", "operatingIncome": "43112000", "sellingGeneralAndAdministrative": "12710000", "researchAndDevelopment": "3564000", "operatingExpenses": "34245000", "investmentIncomeNet": "None", "netInterestIncome": "None", "interestIncome": "None", "interestExpense": "19502000", "nonInterestIncome": "None", "otherNonOperatingIncome": "-1786000", "depreciation": "None", "depreciationAndAmortization": "21535000", "incomeBeforeTax": "40046000", "incomeTaxExpense": "1173000", "interestAndDebtExpense": "None", "netIncomeFromContinuingOperations": "24281000", "comprehensiveIncomeNetOfTax": "None", "ebit": "86445000", "ebitda": "107980000", "netIncome": "36076000"}, {"fiscalDateEnding": "2012-09-30", "reportedCurrency": "USD", "grossProfit": "78297000", "totalRevenue": "109791000", "costOfRevenue": "31494000", "costofGoodsAndServicesSold": "31494000", "operatingIncome": "43484000", "sellingGeneralAndAdministrative": "12559000", "researchAndDevelopment": "2486000", "operatingExpenses": "34813000", "investmentIncomeNet": "None", "netInterestIncome": "None", "interestIncome": "None", "interestExpense": "18423000", "nonInterestIncome": "None", "otherNonOperatingIncome": "3315000", "depreciation": "None", "depreciationAndAmortization": "19768000", "incomeBeforeTax": "26735000", "incomeTaxExpense": "1656000", "interestAndDebtExpense": "None", "netIncomeFromContinuingOperations": "25079000", "comprehensiveIncomeNetOfTax": "None", "ebit": "61632000", "ebitda": "81400000", "netIncome": "38606000"}, {"fiscalDateEnding": "2012-06-30", "reportedCurrency": "USD", "grossProfit": "67515000", "totalRevenue": "94951000", "costOfRevenue": "27436000", "costofGoodsAndServicesSold": "27436000", "operatingIncome": "37875000", "sellingGeneralAndAdministrative": "12545000", "researchAndDevelopment": "469000", "operatingExpenses": "29640000", "investmentIncomeNet": "None", "netInterestIncome": "None", "interestIncome": "None", "interestExpense": "15854000", "nonInterestIncome": "None", "otherNonOperatingIncome": "3146000", "depreciation": "None", "depreciationAndAmortization": "16626000", "incomeBeforeTax": "23681000", "incomeTaxExpense": "1634000", "interestAndDebtExpense": "None", "netIncomeFromContinuingOperations": "22047000", "comprehensiveIncomeNetOfTax": "None", "ebit": "42233000", "ebitda": "58859000", "netIncome": "22413000"}, {"fiscalDateEnding": "2012-03-31", "reportedCurrency": "USD", "grossProfit": "62543000", "totalRevenue": "90987000", "costOfRevenue": "28444000", "costofGoodsAndServicesSold": "28444000", "operatingIncome": "32770000", "sellingGeneralAndAdministrative": "12640000", "researchAndDevelopment": "609000", "operatingExpenses": "29773000", "investmentIncomeNet": "None", "netInterestIncome": "None", "interestIncome": "None", "interestExpense": "18515000", "nonInterestIncome": "None", "otherNonOperatingIncome": "7556000", "depreciation": "None", "depreciationAndAmortization": "16524000", "incomeBeforeTax": "15743000", "incomeTaxExpense": "950000", "interestAndDebtExpense": "None", "netIncomeFromContinuingOperations": "14793000", "comprehensiveIncomeNetOfTax": "None", "ebit": "41983000", "ebitda": "58507000", "netIncome": "20214000"}, {"fiscalDateEnding": "2011-12-31", "reportedCurrency": "USD", "grossProfit": "66507000", "totalRevenue": "93212000", "costOfRevenue": "26705000", "costofGoodsAndServicesSold": "26705000", "operatingIncome": "34379000", "sellingGeneralAndAdministrative": "13287000", "researchAndDevelopment": "731000", "operatingExpenses": "29991000", "investmentIncomeNet": "None", "netInterestIncome": "None", "interestIncome": "None", "interestExpense": "18323000", "nonInterestIncome": "None", "otherNonOperatingIncome": "1245000", "depreciation": "None", "depreciationAndAmortization": "15973000", "incomeBeforeTax": "17739000", "incomeTaxExpense": "552000", "interestAndDebtExpense": "None", "netIncomeFromContinuingOperations": "17187000", "comprehensiveIncomeNetOfTax": "None", "ebit": "36062000", "ebitda": "52035000", "netIncome": "16278000"}, {"fiscalDateEnding": "2011-09-30", "reportedCurrency": "USD", "grossProfit": "58231000", "totalRevenue": "84097000", "costOfRevenue": "25866000", "costofGoodsAndServicesSold": "25866000", "operatingIncome": "31215000", "sellingGeneralAndAdministrative": "12306000", "researchAndDevelopment": "346000", "operatingExpenses": "27016000", "investmentIncomeNet": "None", "netInterestIncome": "None", "interestIncome": "None", "interestExpense": "17196000", "nonInterestIncome": "None", "otherNonOperatingIncome": "1618000", "depreciation": "None", "depreciationAndAmortization": "14364000", "incomeBeforeTax": "15417000", "incomeTaxExpense": "-62000", "interestAndDebtExpense": "None", "netIncomeFromContinuingOperations": "15479000", "comprehensiveIncomeNetOfTax": "None", "ebit": "32613000", "ebitda": "46977000", "netIncome": "15261000"}, {"fiscalDateEnding": "2011-06-30", "reportedCurrency": "USD", "grossProfit": "53946000", "totalRevenue": "78040000", "costOfRevenue": "24094000", "costofGoodsAndServicesSold": "24094000", "operatingIncome": "25852000", "sellingGeneralAndAdministrative": "12432000", "researchAndDevelopment": "1570000", "operatingExpenses": "28094000", "investmentIncomeNet": "None", "netInterestIncome": "None", "interestIncome": "None", "interestExpense": "16701000", "nonInterestIncome": "None", "otherNonOperatingIncome": "2125000", "depreciation": "None", "depreciationAndAmortization": "14092000", "incomeBeforeTax": "10552000", "incomeTaxExpense": "411000", "interestAndDebtExpense": "None", "netIncomeFromContinuingOperations": "10141000", "comprehensiveIncomeNetOfTax": "None", "ebit": "27253000", "ebitda": "41345000", "netIncome": "10609000"}, {"fiscalDateEnding": "2011-03-31", "reportedCurrency": "USD", "grossProfit": "49522000", "totalRevenue": "74481000", "costOfRevenue": "24959000", "costofGoodsAndServicesSold": "24959000", "operatingIncome": "24030000", "sellingGeneralAndAdministrative": "11658000", "researchAndDevelopment": "249000", "operatingExpenses": "25492000", "investmentIncomeNet": "None", "netInterestIncome": "None", "interestIncome": "None", "interestExpense": "16842000", "nonInterestIncome": "None", "otherNonOperatingIncome": "1565000", "depreciation": "None", "depreciationAndAmortization": "13585000", "incomeBeforeTax": "8583000", "incomeTaxExpense": "254000", "interestAndDebtExpense": "None", "netIncomeFromContinuingOperations": "8329000", "comprehensiveIncomeNetOfTax": "None", "ebit": "25425000", "ebitda": "39010000", "netIncome": "8301000"}, {"fiscalDateEnding": "2010-12-31", "reportedCurrency": "USD", "grossProfit": "49131000", "totalRevenue": "73154000", "costOfRevenue": "24023000", "costofGoodsAndServicesSold": "24023000", "operatingIncome": "23585000", "sellingGeneralAndAdministrative": "11525000", "researchAndDevelopment": "812000", "operatingExpenses": "25546000", "investmentIncomeNet": "None", "netInterestIncome": "None", "interestIncome": "None", "interestExpense": "15335000", "nonInterestIncome": "None", "otherNonOperatingIncome": "None", "depreciation": "None", "depreciationAndAmortization": "13209000", "incomeBeforeTax": "9646000", "incomeTaxExpense": "815000", "interestAndDebtExpense": "None", "netIncomeFromContinuingOperations": "0", "comprehensiveIncomeNetOfTax": "None", "ebit": "24981000", "ebitda": "38190000", "netIncome": "8916000"}, {"fiscalDateEnding": "2010-09-30", "reportedCurrency": "USD", "grossProfit": "50645000", "totalRevenue": "71979000", "costOfRevenue": "21334000", "costofGoodsAndServicesSold": "21334000", "operatingIncome": "23561000", "sellingGeneralAndAdministrative": "12354000", "researchAndDevelopment": "211000", "operatingExpenses": "27084000", "investmentIncomeNet": "None", "netInterestIncome": "None", "interestIncome": "None", "interestExpense": "16118000", "nonInterestIncome": "None", "otherNonOperatingIncome": "1498000", "depreciation": "None", "depreciationAndAmortization": "12519000", "incomeBeforeTax": "8834000", "incomeTaxExpense": "1088000", "interestAndDebtExpense": "None", "netIncomeFromContinuingOperations": "7746000", "comprehensiveIncomeNetOfTax": "None", "ebit": "24952000", "ebitda": "37471000", "netIncome": "7667000"}, {"fiscalDateEnding": "2010-06-30", "reportedCurrency": "USD", "grossProfit": "47836000", "totalRevenue": "68777000", "costOfRevenue": "20941000", "costofGoodsAndServicesSold": "20941000", "operatingIncome": "22806000", "sellingGeneralAndAdministrative": "11229000", "researchAndDevelopment": "142000", "operatingExpenses": "25030000", "investmentIncomeNet": "None", "netInterestIncome": "None", "interestIncome": "None", "interestExpense": "16649000", "nonInterestIncome": "None", "otherNonOperatingIncome": "1354000", "depreciation": "None", "depreciationAndAmortization": "12202000", "incomeBeforeTax": "7580000", "incomeTaxExpense": "1214000", "interestAndDebtExpense": "None", "netIncomeFromContinuingOperations": "6366000", "comprehensiveIncomeNetOfTax": "None", "ebit": "24229000", "ebitda": "36431000", "netIncome": "6180000"}, {"fiscalDateEnding": "2010-03-31", "reportedCurrency": "USD", "grossProfit": "45631000", "totalRevenue": "67587000", "costOfRevenue": "21956000", "costofGoodsAndServicesSold": "21956000", "operatingIncome": "20863000", "sellingGeneralAndAdministrative": "12279000", "researchAndDevelopment": "70000", "operatingExpenses": "24768000", "investmentIncomeNet": "None", "netInterestIncome": "None", "interestIncome": "None", "interestExpense": "17678000", "nonInterestIncome": "None", "otherNonOperatingIncome": "None", "depreciation": "None", "depreciationAndAmortization": "12419000", "incomeBeforeTax": "4723000", "incomeTaxExpense": "1045000", "interestAndDebtExpense": "None", "netIncomeFromContinuingOperations": "0", "comprehensiveIncomeNetOfTax": "None", "ebit": "22401000", "ebitda": "34820000", "netIncome": "3568000"}, {"fiscalDateEnding": "2009-12-31", "reportedCurrency": "USD", "grossProfit": "49306000", "totalRevenue": "70850000", "costOfRevenue": "21544000", "costofGoodsAndServicesSold": "21544000", "operatingIncome": "24373000", "sellingGeneralAndAdministrative": "11584000", "researchAndDevelopment": "106000", "operatingExpenses": "24933000", "investmentIncomeNet": "None", "netInterestIncome": "None", "interestIncome": "None", "interestExpense": "18676000", "nonInterestIncome": "None", "otherNonOperatingIncome": "None", "depreciation": "None", "depreciationAndAmortization": "13243000", "incomeBeforeTax": "2457000", "incomeTaxExpense": "1983000", "interestAndDebtExpense": "None", "netIncomeFromContinuingOperations": "0", "comprehensiveIncomeNetOfTax": "None", "ebit": "21133000", "ebitda": "34376000", "netIncome": "5932000"}, {"fiscalDateEnding": "2009-09-30", "reportedCurrency": "USD", "grossProfit": "48282000", "totalRevenue": "71304000", "costOfRevenue": "23022000", "costofGoodsAndServicesSold": "23022000", "operatingIncome": "23217000", "sellingGeneralAndAdministrative": "11246000", "researchAndDevelopment": "22000", "operatingExpenses": "25065000", "investmentIncomeNet": "None", "netInterestIncome": "None", "interestIncome": "None", "interestExpense": "18127000", "nonInterestIncome": "None", "otherNonOperatingIncome": "None", "depreciation": "None", "depreciationAndAmortization": "13797000", "incomeBeforeTax": "8300000", "incomeTaxExpense": "726000", "interestAndDebtExpense": "None", "netIncomeFromContinuingOperations": "0", "comprehensiveIncomeNetOfTax": "None", "ebit": "24675000", "ebitda": "38472000", "netIncome": "5967000"}, {"fiscalDateEnding": "2009-06-30", "reportedCurrency": "USD", "grossProfit": "46101000", "totalRevenue": "69068000", "costOfRevenue": "22967000", "costofGoodsAndServicesSold": "22967000", "operatingIncome": "2374000", "sellingGeneralAndAdministrative": "12086000", "researchAndDevelopment": "18801000", "operatingExpenses": "43727000", "investmentIncomeNet": "None", "netInterestIncome": "None", "interestIncome": "None", "interestExpense": "16379000", "nonInterestIncome": "None", "otherNonOperatingIncome": "None", "depreciation": "None", "depreciationAndAmortization": "12840000", "incomeBeforeTax": "-4878000", "incomeTaxExpense": "943000", "interestAndDebtExpense": "None", "netIncomeFromContinuingOperations": "0", "comprehensiveIncomeNetOfTax": "None", "ebit": "9000000", "ebitda": "21840000", "netIncome": "-6681000"}, {"fiscalDateEnding": "2009-03-31", "reportedCurrency": "USD", "grossProfit": "45126000", "totalRevenue": "69254000", "costOfRevenue": "24128000", "costofGoodsAndServicesSold": "24128000", "operatingIncome": "21275000", "sellingGeneralAndAdministrative": "11246000", "researchAndDevelopment": "82000", "operatingExpenses": "23851000", "investmentIncomeNet": "None", "netInterestIncome": "None", "interestIncome": "None", "interestExpense": "16636000", "nonInterestIncome": "None", "otherNonOperatingIncome": "None", "depreciation": "None", "depreciationAndAmortization": "12523000", "incomeBeforeTax": "27619000", "incomeTaxExpense": "-9250000", "interestAndDebtExpense": "None", "netIncomeFromContinuingOperations": "0", "comprehensiveIncomeNetOfTax": "None", "ebit": "-1208000", "ebitda": "11315000", "netIncome": "26068000"}, {"fiscalDateEnding": "2008-12-31", "reportedCurrency": "USD", "grossProfit": "47601000", "totalRevenue": "70360000", "costOfRevenue": "22759000", "costofGoodsAndServicesSold": "22759000", "operatingIncome": "23713000", "sellingGeneralAndAdministrative": "9859000", "researchAndDevelopment": "96000", "operatingExpenses": "23888000", "investmentIncomeNet": "None", "netInterestIncome": "None", "interestIncome": "None", "interestExpense": "16391000", "nonInterestIncome": "None", "otherNonOperatingIncome": "None", "depreciation": "None", "depreciationAndAmortization": "13933000", "incomeBeforeTax": "46888000", "incomeTaxExpense": "27928000", "interestAndDebtExpense": "None", "netIncomeFromContinuingOperations": "0", "comprehensiveIncomeNetOfTax": "None", "ebit": "23713000", "ebitda": "37646000", "netIncome": "18960000"}, {"fiscalDateEnding": "2008-09-30", "reportedCurrency": "USD", "grossProfit": "47055000", "totalRevenue": "69848000", "costOfRevenue": "22793000", "costofGoodsAndServicesSold": "22793000", "operatingIncome": "24342000", "sellingGeneralAndAdministrative": "10319000", "researchAndDevelopment": "39000", "operatingExpenses": "45506000", "investmentIncomeNet": "None", "netInterestIncome": "None", "interestIncome": "None", "interestExpense": "15904000", "nonInterestIncome": "None", "otherNonOperatingIncome": "None", "depreciation": "None", "depreciationAndAmortization": "12355000", "incomeBeforeTax": "12327000", "incomeTaxExpense": "14030000", "interestAndDebtExpense": "None", "netIncomeFromContinuingOperations": "0", "comprehensiveIncomeNetOfTax": "None", "ebit": "28853000", "ebitda": "41208000", "netIncome": "9916000"}, {"fiscalDateEnding": "2008-06-30", "reportedCurrency": "USD", "grossProfit": "45103000", "totalRevenue": "67336000", "costOfRevenue": "22233000", "costofGoodsAndServicesSold": "22233000", "operatingIncome": "21908000", "sellingGeneralAndAdministrative": "10070000", "researchAndDevelopment": "1428000", "operatingExpenses": "23195000", "investmentIncomeNet": "None", "netInterestIncome": "None", "interestIncome": "None", "interestExpense": "15962000", "nonInterestIncome": "None", "otherNonOperatingIncome": "None", "depreciation": "None", "depreciationAndAmortization": "11697000", "incomeBeforeTax": "8901000", "incomeTaxExpense": "-34602000", "interestAndDebtExpense": "None", "netIncomeFromContinuingOperations": "0", "comprehensiveIncomeNetOfTax": "None", "ebit": "25250000", "ebitda": "36947000", "netIncome": "8901000"}, {"fiscalDateEnding": "2008-03-31", "reportedCurrency": "USD", "grossProfit": "64995000", "totalRevenue": "65707000", "costOfRevenue": "712000", "costofGoodsAndServicesSold": "712000", "operatingIncome": "21980000", "sellingGeneralAndAdministrative": "10179000", "researchAndDevelopment": "164000", "operatingExpenses": "43727000", "investmentIncomeNet": "None", "netInterestIncome": "None", "interestIncome": "None", "interestExpense": "17383000", "nonInterestIncome": "None", "otherNonOperatingIncome": "None", "depreciation": "None", "depreciationAndAmortization": "11581000", "incomeBeforeTax": "6700000", "incomeTaxExpense": "-32836000", "interestAndDebtExpense": "None", "netIncomeFromContinuingOperations": "0", "comprehensiveIncomeNetOfTax": "None", "ebit": "54816000", "ebitda": "66397000", "netIncome": "5671000"}, {"fiscalDateEnding": "2007-12-31", "reportedCurrency": "USD", "grossProfit": "64714000", "totalRevenue": "64714000", "costOfRevenue": "40982000", "costofGoodsAndServicesSold": "40982000", "operatingIncome": "23732000", "sellingGeneralAndAdministrative": "9188000", "researchAndDevelopment": "0", "operatingExpenses": "40982000", "investmentIncomeNet": "None", "netInterestIncome": "None", "interestIncome": "None", "interestExpense": "61015000", "nonInterestIncome": "None", "otherNonOperatingIncome": "None", "depreciation": "None", "depreciationAndAmortization": "11284000", "incomeBeforeTax": "34584000", "incomeTaxExpense": "26503000", "interestAndDebtExpense": "None", "netIncomeFromContinuingOperations": "0", "comprehensiveIncomeNetOfTax": "None", "ebit": "23732000", "ebitda": "35016000", "netIncome": "9591000"}, {"fiscalDateEnding": "2007-09-30", "reportedCurrency": "USD", "grossProfit": "42822000", "totalRevenue": "63826000", "costOfRevenue": "21004000", "costofGoodsAndServicesSold": "21004000", "operatingIncome": "22714000", "sellingGeneralAndAdministrative": "9326000", "researchAndDevelopment": "184000", "operatingExpenses": "41112000", "investmentIncomeNet": "None", "netInterestIncome": "None", "interestIncome": "None", "interestExpense": "16079000", "nonInterestIncome": "None", "otherNonOperatingIncome": "None", "depreciation": "None", "depreciationAndAmortization": "10598000", "incomeBeforeTax": "11338000", "incomeTaxExpense": "0", "interestAndDebtExpense": "None", "netIncomeFromContinuingOperations": "0", "comprehensiveIncomeNetOfTax": "None", "ebit": "0", "ebitda": "10598000", "netIncome": "9828000"}, {"fiscalDateEnding": "2007-06-30", "reportedCurrency": "USD", "grossProfit": "36142000", "totalRevenue": "56550000", "costOfRevenue": "20408000", "costofGoodsAndServicesSold": "20408000", "operatingIncome": "19731000", "sellingGeneralAndAdministrative": "8968000", "researchAndDevelopment": "159000", "operatingExpenses": "36819000", "investmentIncomeNet": "None", "netInterestIncome": "None", "interestIncome": "None", "interestExpense": "15437000", "nonInterestIncome": "None", "otherNonOperatingIncome": "None", "depreciation": "None", "depreciationAndAmortization": "9123000", "incomeBeforeTax": "8695000", "incomeTaxExpense": "-7443000", "interestAndDebtExpense": "None", "netIncomeFromContinuingOperations": "0", "comprehensiveIncomeNetOfTax": "None", "ebit": "27174000", "ebitda": "36297000", "netIncome": "8695000"}, {"fiscalDateEnding": "2007-03-31", "reportedCurrency": "USD", "grossProfit": "35342000", "totalRevenue": "53776000", "costOfRevenue": "18434000", "costofGoodsAndServicesSold": "18434000", "operatingIncome": "17621000", "sellingGeneralAndAdministrative": "9240000", "researchAndDevelopment": "0", "operatingExpenses": "36155000", "investmentIncomeNet": "None", "netInterestIncome": "None", "interestIncome": "None", "interestExpense": "13396000", "nonInterestIncome": "None", "otherNonOperatingIncome": "None", "depreciation": "None", "depreciationAndAmortization": "8796000", "incomeBeforeTax": "6470000", "incomeTaxExpense": "-8481000", "interestAndDebtExpense": "None", "netIncomeFromContinuingOperations": "0", "comprehensiveIncomeNetOfTax": "None", "ebit": "26102000", "ebitda": "34898000", "netIncome": "6470000"}, {"fiscalDateEnding": "2006-12-31", "reportedCurrency": "USD", "grossProfit": "132919000", "totalRevenue": "52175000", "costOfRevenue": "-80744000", "costofGoodsAndServicesSold": "-80744000", "operatingIncome": "17103000", "sellingGeneralAndAdministrative": "9010000", "researchAndDevelopment": "0", "operatingExpenses": "35072000", "investmentIncomeNet": "None", "netInterestIncome": "None", "interestIncome": "None", "interestExpense": "50953000", "nonInterestIncome": "None", "otherNonOperatingIncome": "None", "depreciation": "None", "depreciationAndAmortization": "9586000", "incomeBeforeTax": "14876000", "incomeTaxExpense": "8137000", "interestAndDebtExpense": "None", "netIncomeFromContinuingOperations": "0", "comprehensiveIncomeNetOfTax": "None", "ebit": "17103000", "ebitda": "26689000", "netIncome": "6739000"}, {"fiscalDateEnding": "2006-09-30", "reportedCurrency": "USD", "grossProfit": "33627000", "totalRevenue": "51188000", "costOfRevenue": "17561000", "costofGoodsAndServicesSold": "17561000", "operatingIncome": "16527000", "sellingGeneralAndAdministrative": "8598000", "researchAndDevelopment": "0", "operatingExpenses": "34661000", "investmentIncomeNet": "None", "netInterestIncome": "None", "interestIncome": "None", "interestExpense": "13429000", "nonInterestIncome": "None", "otherNonOperatingIncome": "None", "depreciation": "None", "depreciationAndAmortization": "9253000", "incomeBeforeTax": "4307000", "incomeTaxExpense": "-8502000", "interestAndDebtExpense": "None", "netIncomeFromContinuingOperations": "0", "comprehensiveIncomeNetOfTax": "None", "ebit": "25029000", "ebitda": "34282000", "netIncome": "4307000"}, {"fiscalDateEnding": "2006-06-30", "reportedCurrency": "USD", "grossProfit": "32803000", "totalRevenue": "48531000", "costOfRevenue": "15728000", "costofGoodsAndServicesSold": "15728000", "operatingIncome": "14866000", "sellingGeneralAndAdministrative": "8747000", "researchAndDevelopment": "0", "operatingExpenses": "33665000", "investmentIncomeNet": "None", "netInterestIncome": "None", "interestIncome": "None", "interestExpense": "12784000", "nonInterestIncome": "None", "otherNonOperatingIncome": "None", "depreciation": "None", "depreciationAndAmortization": "9057000", "incomeBeforeTax": "3092000", "incomeTaxExpense": "-9190000", "interestAndDebtExpense": "None", "netIncomeFromContinuingOperations": "0", "comprehensiveIncomeNetOfTax": "None", "ebit": "24056000", "ebitda": "33113000", "netIncome": "3092000"}, {"fiscalDateEnding": "2006-03-31", "reportedCurrency": "USD", "grossProfit": "33129000", "totalRevenue": "45370000", "costOfRevenue": "12241000", "costofGoodsAndServicesSold": "12241000", "operatingIncome": "11156000", "sellingGeneralAndAdministrative": "9245000", "researchAndDevelopment": "0", "operatingExpenses": "34214000", "investmentIncomeNet": "None", "netInterestIncome": "None", "interestIncome": "None", "interestExpense": "11985000", "nonInterestIncome": "None", "otherNonOperatingIncome": "None", "depreciation": "None", "depreciationAndAmortization": "9276000", "incomeBeforeTax": "738000", "incomeTaxExpense": "-12728000", "interestAndDebtExpense": "None", "netIncomeFromContinuingOperations": "0", "comprehensiveIncomeNetOfTax": "None", "ebit": "23884000", "ebitda": "33160000", "netIncome": "738000"}, {"fiscalDateEnding": "2005-12-31", "reportedCurrency": "USD", "grossProfit": "104170000", "totalRevenue": "44058000", "costOfRevenue": "-60112000", "costofGoodsAndServicesSold": "-60112000", "operatingIncome": "11132000", "sellingGeneralAndAdministrative": "8213000", "researchAndDevelopment": "0", "operatingExpenses": "32926000", "investmentIncomeNet": "None", "netInterestIncome": "None", "interestIncome": "None", "interestExpense": "42549000", "nonInterestIncome": "None", "otherNonOperatingIncome": "None", "depreciation": "None", "depreciationAndAmortization": "9527000", "incomeBeforeTax": "-4966000", "incomeTaxExpense": "-4719000", "interestAndDebtExpense": "None", "netIncomeFromContinuingOperations": "0", "comprehensiveIncomeNetOfTax": "None", "ebit": "11132000", "ebitda": "20659000", "netIncome": "-247000"}, {"fiscalDateEnding": "2005-09-30", "reportedCurrency": "USD", "grossProfit": "41884000", "totalRevenue": "43135000", "costOfRevenue": "1251000", "costofGoodsAndServicesSold": "1251000", "operatingIncome": "10121000", "sellingGeneralAndAdministrative": "9591000", "researchAndDevelopment": "0", "operatingExpenses": "33014000", "investmentIncomeNet": "None", "netInterestIncome": "None", "interestIncome": "None", "interestExpense": "10121000", "nonInterestIncome": "None", "otherNonOperatingIncome": "None", "depreciation": "None", "depreciationAndAmortization": "9535000", "incomeBeforeTax": "-2859000", "incomeTaxExpense": "-22172000", "interestAndDebtExpense": "None", "netIncomeFromContinuingOperations": "0", "comprehensiveIncomeNetOfTax": "None", "ebit": "10121000", "ebitda": "19656000", "netIncome": "-2859000"}, {"fiscalDateEnding": "2005-06-30", "reportedCurrency": "USD", "grossProfit": "23795000", "totalRevenue": "24617000", "costOfRevenue": "822000", "costofGoodsAndServicesSold": "822000", "operatingIncome": "5875000", "sellingGeneralAndAdministrative": "3320000", "researchAndDevelopment": "0", "operatingExpenses": "18742000", "investmentIncomeNet": "None", "netInterestIncome": "None", "interestIncome": "None", "interestExpense": "5875000", "nonInterestIncome": "None", "otherNonOperatingIncome": "None", "depreciation": "None", "depreciationAndAmortization": "6213000", "incomeBeforeTax": "-1220000", "incomeTaxExpense": "-14600000", "interestAndDebtExpense": "None", "netIncomeFromContinuingOperations": "0", "comprehensiveIncomeNetOfTax": "None", "ebit": "5875000", "ebitda": "12088000", "netIncome": "-1220000"}, {"fiscalDateEnding": "2005-03-31", "reportedCurrency": "USD", "grossProfit": "22651000", "totalRevenue": "22918000", "costOfRevenue": "267000", "costofGoodsAndServicesSold": "267000", "operatingIncome": "5226000", "sellingGeneralAndAdministrative": "2957000", "researchAndDevelopment": "0", "operatingExpenses": "17692000", "investmentIncomeNet": "None", "netInterestIncome": "None", "interestIncome": "None", "interestExpense": "5226000", "nonInterestIncome": "None", "otherNonOperatingIncome": "None", "depreciation": "None", "depreciationAndAmortization": "5730000", "incomeBeforeTax": "-640000", "incomeTaxExpense": "-14468000", "interestAndDebtExpense": "None", "netIncomeFromContinuingOperations": "0", "comprehensiveIncomeNetOfTax": "None", "ebit": "5226000", "ebitda": "10956000", "netIncome": "-640000"}, {"fiscalDateEnding": "2004-12-31", "reportedCurrency": "USD", "grossProfit": "49099000", "totalRevenue": "22948000", "costOfRevenue": "-26151000", "costofGoodsAndServicesSold": "-26151000", "operatingIncome": "5916000", "sellingGeneralAndAdministrative": "3317000", "researchAndDevelopment": "0", "operatingExpenses": "13509000", "investmentIncomeNet": "None", "netInterestIncome": "None", "interestIncome": "None", "interestExpense": "11149000", "nonInterestIncome": "None", "otherNonOperatingIncome": "None", "depreciation": "None", "depreciationAndAmortization": "4729000", "incomeBeforeTax": "-18462000", "incomeTaxExpense": "-18145000", "interestAndDebtExpense": "None", "netIncomeFromContinuingOperations": "0", "comprehensiveIncomeNetOfTax": "None", "ebit": "9439000", "ebitda": "14168000", "netIncome": "-317000"}]}