{"symbol": "AJG", "annualReports": [{"fiscalDateEnding": "2024-12-31", "reportedCurrency": "USD", "grossProfit": "9801000000", "totalRevenue": "11554900000", "costOfRevenue": "1753900000", "costofGoodsAndServicesSold": "1753900000", "operatingIncome": "2282100000", "sellingGeneralAndAdministrative": "6522300000", "researchAndDevelopment": "None", "operatingExpenses": "6522300000", "investmentIncomeNet": "None", "netInterestIncome": "-381300000", "interestIncome": "None", "interestExpense": "381300000", "nonInterestIncome": "None", "otherNonOperatingIncome": "None", "depreciation": "None", "depreciationAndAmortization": "842300000", "incomeBeforeTax": "1874800000", "incomeTaxExpense": "404400000", "interestAndDebtExpense": "None", "netIncomeFromContinuingOperations": "1470400000", "comprehensiveIncomeNetOfTax": "None", "ebit": "2256100000", "ebitda": "3098400000", "netIncome": "1462700000"}, {"fiscalDateEnding": "2023-12-31", "reportedCurrency": "USD", "grossProfit": "4245300000", "totalRevenue": "10071900000", "costOfRevenue": "5826600000", "costofGoodsAndServicesSold": "5826600000", "operatingIncome": "1859100000", "sellingGeneralAndAdministrative": "5681200000", "researchAndDevelopment": "0.12", "operatingExpenses": "2386200000", "investmentIncomeNet": "None", "netInterestIncome": "-296700000", "interestIncome": "None", "interestExpense": "296700000", "nonInterestIncome": "None", "otherNonOperatingIncome": "None", "depreciation": "None", "depreciationAndAmortization": "696500000", "incomeBeforeTax": "1185100000", "incomeTaxExpense": "219100000", "interestAndDebtExpense": "None", "netIncomeFromContinuingOperations": "966000000", "comprehensiveIncomeNetOfTax": "None", "ebit": "1481800000", "ebitda": "2178300000", "netIncome": "969500000"}, {"fiscalDateEnding": "2022-12-31", "reportedCurrency": "USD", "grossProfit": "3597400000", "totalRevenue": "8550600000", "costOfRevenue": "4953200000", "costofGoodsAndServicesSold": "4953200000", "operatingIncome": "1749900000", "sellingGeneralAndAdministrative": "4799800000", "researchAndDevelopment": "0.16", "operatingExpenses": "1930500000", "investmentIncomeNet": "None", "netInterestIncome": "-256900000", "interestIncome": "256900000", "interestExpense": "256900000", "nonInterestIncome": "None", "otherNonOperatingIncome": "None", "depreciation": "None", "depreciationAndAmortization": "6753200000", "incomeBeforeTax": "1327000000", "incomeTaxExpense": "211000000", "interestAndDebtExpense": "None", "netIncomeFromContinuingOperations": "1116000000", "comprehensiveIncomeNetOfTax": "None", "ebit": "1583900000", "ebitda": "2349500000", "netIncome": "1114200000"}, {"fiscalDateEnding": "2021-12-31", "reportedCurrency": "USD", "grossProfit": "2975700000", "totalRevenue": "8209400000", "costOfRevenue": "5233700000", "costofGoodsAndServicesSold": "5233700000", "operatingIncome": "1472800000", "sellingGeneralAndAdministrative": "3927500000", "researchAndDevelopment": "0.12", "operatingExpenses": "1638700000", "investmentIncomeNet": "None", "netInterestIncome": "-226100000", "interestIncome": "226100000", "interestExpense": "226100000", "nonInterestIncome": "None", "otherNonOperatingIncome": "-16200000", "depreciation": "None", "depreciationAndAmortization": "6739400000", "incomeBeforeTax": "975100000", "incomeTaxExpense": "20100000", "interestAndDebtExpense": "None", "netIncomeFromContinuingOperations": "955000000", "comprehensiveIncomeNetOfTax": "None", "ebit": "1201200000", "ebitda": "2039100000", "netIncome": "906800000"}, {"fiscalDateEnding": "2020-12-31", "reportedCurrency": "USD", "grossProfit": "2503300000", "totalRevenue": "7003600000", "costOfRevenue": "4500300000", "costofGoodsAndServicesSold": "4500300000", "operatingIncome": "1001500000", "sellingGeneralAndAdministrative": "3466500000", "researchAndDevelopment": "0.13", "operatingExpenses": "1468900000", "investmentIncomeNet": "None", "netInterestIncome": "-196400000", "interestIncome": "196400000", "interestExpense": "196400000", "nonInterestIncome": "None", "otherNonOperatingIncome": "None", "depreciation": "None", "depreciationAndAmortization": "5817500000", "incomeBeforeTax": "870900000", "incomeTaxExpense": "12800000", "interestAndDebtExpense": "None", "netIncomeFromContinuingOperations": "858100000", "comprehensiveIncomeNetOfTax": "None", "ebit": "1067300000", "ebitda": "1563900000", "netIncome": "818800000"}, {"fiscalDateEnding": "2019-12-31", "reportedCurrency": "USD", "grossProfit": "2288800000", "totalRevenue": "7119700000", "costOfRevenue": "4830900000", "costofGoodsAndServicesSold": "4830900000", "operatingIncome": "745900000", "sellingGeneralAndAdministrative": "3339500000", "researchAndDevelopment": "None", "operatingExpenses": "1542900000", "investmentIncomeNet": "None", "netInterestIncome": "-179800000", "interestIncome": "179800000", "interestExpense": "179800000", "nonInterestIncome": "None", "otherNonOperatingIncome": "None", "depreciation": "None", "depreciationAndAmortization": "474400000", "incomeBeforeTax": "626100000", "incomeTaxExpense": "-89700000", "interestAndDebtExpense": "None", "netIncomeFromContinuingOperations": "715800000", "comprehensiveIncomeNetOfTax": "None", "ebit": "805900000", "ebitda": "1280300000", "netIncome": "668800000"}, {"fiscalDateEnding": "2018-12-31", "reportedCurrency": "USD", "grossProfit": "1939900000", "totalRevenue": "6923800000", "costOfRevenue": "4983900000", "costofGoodsAndServicesSold": "4983900000", "operatingIncome": "617200000", "sellingGeneralAndAdministrative": "3026300000", "researchAndDevelopment": "0", "operatingExpenses": "1322700000", "investmentIncomeNet": "None", "netInterestIncome": "-138400000", "interestIncome": "138400000", "interestExpense": "138400000", "nonInterestIncome": "None", "otherNonOperatingIncome": "None", "depreciation": "None", "depreciationAndAmortization": "419000000", "incomeBeforeTax": "479400000", "incomeTaxExpense": "-196500000", "interestAndDebtExpense": "None", "netIncomeFromContinuingOperations": "675900000", "comprehensiveIncomeNetOfTax": "None", "ebit": "617800000", "ebitda": "1036800000", "netIncome": "633500000"}, {"fiscalDateEnding": "2017-12-31", "reportedCurrency": "USD", "grossProfit": "1726300000", "totalRevenue": "6245600000", "costOfRevenue": "4519300000", "costofGoodsAndServicesSold": "4519300000", "operatingIncome": "511400000", "sellingGeneralAndAdministrative": "2752300000", "researchAndDevelopment": "0", "operatingExpenses": "1214900000", "investmentIncomeNet": "None", "netInterestIncome": "-124100000", "interestIncome": "124100000", "interestExpense": "124100000", "nonInterestIncome": "None", "otherNonOperatingIncome": "None", "depreciation": "None", "depreciationAndAmortization": "385800000", "incomeBeforeTax": "359800000", "incomeTaxExpense": "-157100000", "interestAndDebtExpense": "None", "netIncomeFromContinuingOperations": "499200000", "comprehensiveIncomeNetOfTax": "None", "ebit": "483900000", "ebitda": "869700000", "netIncome": "481300000"}, {"fiscalDateEnding": "2016-12-31", "reportedCurrency": "USD", "grossProfit": "1602600000", "totalRevenue": "5680500000", "costOfRevenue": "4077900000", "costofGoodsAndServicesSold": "4077900000", "operatingIncome": "475500000", "sellingGeneralAndAdministrative": "2538900000", "researchAndDevelopment": "0", "operatingExpenses": "1127100000", "investmentIncomeNet": "None", "netInterestIncome": "-109800000", "interestIncome": "109800000", "interestExpense": "109800000", "nonInterestIncome": "None", "otherNonOperatingIncome": "None", "depreciation": "None", "depreciationAndAmortization": "350800000", "incomeBeforeTax": "333600000", "incomeTaxExpense": "-96700000", "interestAndDebtExpense": "None", "netIncomeFromContinuingOperations": "445000000", "comprehensiveIncomeNetOfTax": "None", "ebit": "443400000", "ebitda": "794200000", "netIncome": "396800000"}, {"fiscalDateEnding": "2015-12-31", "reportedCurrency": "USD", "grossProfit": "1612000000", "totalRevenue": "5392400000", "costOfRevenue": "3780400000", "costofGoodsAndServicesSold": "3780400000", "operatingIncome": "437100000", "sellingGeneralAndAdministrative": "2428900000", "researchAndDevelopment": "0", "operatingExpenses": "1174900000", "investmentIncomeNet": "None", "netInterestIncome": "None", "interestIncome": "103000000", "interestExpense": "103000000", "nonInterestIncome": "None", "otherNonOperatingIncome": "None", "depreciation": "None", "depreciationAndAmortization": "334200000", "incomeBeforeTax": "293500000", "incomeTaxExpense": "-95600000", "interestAndDebtExpense": "None", "netIncomeFromContinuingOperations": "389100000", "comprehensiveIncomeNetOfTax": "None", "ebit": "396500000", "ebitda": "730700000", "netIncome": "356800000"}, {"fiscalDateEnding": "2014-12-31", "reportedCurrency": "USD", "grossProfit": "1400000000", "totalRevenue": "4626500000", "costOfRevenue": "3226500000", "costofGoodsAndServicesSold": "3226500000", "operatingIncome": "398000000", "sellingGeneralAndAdministrative": "2167600000", "researchAndDevelopment": "0", "operatingExpenses": "1002000000", "investmentIncomeNet": "None", "netInterestIncome": "None", "interestIncome": "None", "interestExpense": "89000000", "nonInterestIncome": "None", "otherNonOperatingIncome": "None", "depreciation": "None", "depreciationAndAmortization": "258900000", "incomeBeforeTax": "291500000", "incomeTaxExpense": "-36000000", "interestAndDebtExpense": "None", "netIncomeFromContinuingOperations": "303400000", "comprehensiveIncomeNetOfTax": "None", "ebit": "380500000", "ebitda": "639400000", "netIncome": "303400000"}, {"fiscalDateEnding": "2013-12-31", "reportedCurrency": "USD", "grossProfit": "1057300000", "totalRevenue": "3179600000", "costOfRevenue": "2122300000", "costofGoodsAndServicesSold": "2122300000", "operatingIncome": "342800000", "sellingGeneralAndAdministrative": "1685000000", "researchAndDevelopment": "0", "operatingExpenses": "714500000", "investmentIncomeNet": "None", "netInterestIncome": "None", "interestIncome": "None", "interestExpense": "50100000", "nonInterestIncome": "None", "otherNonOperatingIncome": "None", "depreciation": "None", "depreciationAndAmortization": "178600000", "incomeBeforeTax": "291000000", "incomeTaxExpense": "6400000", "interestAndDebtExpense": "None", "netIncomeFromContinuingOperations": "268600000", "comprehensiveIncomeNetOfTax": "None", "ebit": "341100000", "ebitda": "519700000", "netIncome": "268600000"}, {"fiscalDateEnding": "2012-12-31", "reportedCurrency": "USD", "grossProfit": "915300000", "totalRevenue": "2520300000", "costOfRevenue": "1605000000", "costofGoodsAndServicesSold": "1605000000", "operatingIncome": "291700000", "sellingGeneralAndAdministrative": "1493400000", "researchAndDevelopment": "0", "operatingExpenses": "623600000", "investmentIncomeNet": "None", "netInterestIncome": "None", "interestIncome": "None", "interestExpense": "43000000", "nonInterestIncome": "None", "otherNonOperatingIncome": "None", "depreciation": "None", "depreciationAndAmortization": "140400000", "incomeBeforeTax": "245300000", "incomeTaxExpense": "50300000", "interestAndDebtExpense": "None", "netIncomeFromContinuingOperations": "195000000", "comprehensiveIncomeNetOfTax": "None", "ebit": "288300000", "ebitda": "428700000", "netIncome": "195000000"}, {"fiscalDateEnding": "2011-12-31", "reportedCurrency": "USD", "grossProfit": "776600000", "totalRevenue": "2134700000", "costOfRevenue": "1358100000", "costofGoodsAndServicesSold": "1358100000", "operatingIncome": "242400000", "sellingGeneralAndAdministrative": "1326100000", "researchAndDevelopment": "0", "operatingExpenses": "534200000", "investmentIncomeNet": "None", "netInterestIncome": "None", "interestIncome": "None", "interestExpense": "40800000", "nonInterestIncome": "None", "otherNonOperatingIncome": "None", "depreciation": "None", "depreciationAndAmortization": "115200000", "incomeBeforeTax": "207800000", "incomeTaxExpense": "63700000", "interestAndDebtExpense": "None", "netIncomeFromContinuingOperations": "144100000", "comprehensiveIncomeNetOfTax": "None", "ebit": "248600000", "ebitda": "363800000", "netIncome": "144100000"}, {"fiscalDateEnding": "2010-12-31", "reportedCurrency": "USD", "grossProfit": "682700000", "totalRevenue": "1864200000", "costOfRevenue": "1181500000", "costofGoodsAndServicesSold": "1181500000", "operatingIncome": "235000000", "sellingGeneralAndAdministrative": "1117500000", "researchAndDevelopment": "0", "operatingExpenses": "447700000", "investmentIncomeNet": "None", "netInterestIncome": "None", "interestIncome": "None", "interestExpense": "34600000", "nonInterestIncome": "None", "otherNonOperatingIncome": "None", "depreciation": "None", "depreciationAndAmortization": "93100000", "incomeBeforeTax": "203000000", "incomeTaxExpense": "39700000", "interestAndDebtExpense": "None", "netIncomeFromContinuingOperations": "163300000", "comprehensiveIncomeNetOfTax": "None", "ebit": "237600000", "ebitda": "330700000", "netIncome": "174100000"}, {"fiscalDateEnding": "2009-12-31", "reportedCurrency": "USD", "grossProfit": "660600000", "totalRevenue": "1729300000", "costOfRevenue": "1068700000", "costofGoodsAndServicesSold": "1068700000", "operatingIncome": "243700000", "sellingGeneralAndAdministrative": "1075700000", "researchAndDevelopment": "None", "operatingExpenses": "416900000", "investmentIncomeNet": "None", "netInterestIncome": "None", "interestIncome": "None", "interestExpense": "28500000", "nonInterestIncome": "None", "otherNonOperatingIncome": "None", "depreciation": "None", "depreciationAndAmortization": "85600000", "incomeBeforeTax": "211100000", "incomeTaxExpense": "78000000", "interestAndDebtExpense": "None", "netIncomeFromContinuingOperations": "None", "comprehensiveIncomeNetOfTax": "None", "ebit": "239600000", "ebitda": "325200000", "netIncome": "128600000"}, {"fiscalDateEnding": "2008-12-31", "reportedCurrency": "USD", "grossProfit": "1263800000", "totalRevenue": "1645000000", "costOfRevenue": "381200000", "costofGoodsAndServicesSold": "381200000", "operatingIncome": "192200000", "sellingGeneralAndAdministrative": "997900000", "researchAndDevelopment": "None", "operatingExpenses": "1071600000", "investmentIncomeNet": "None", "netInterestIncome": "None", "interestIncome": "None", "interestExpense": "28600000", "nonInterestIncome": "None", "otherNonOperatingIncome": "None", "depreciation": "None", "depreciationAndAmortization": "73700000", "incomeBeforeTax": "163600000", "incomeTaxExpense": "52200000", "interestAndDebtExpense": "None", "netIncomeFromContinuingOperations": "None", "comprehensiveIncomeNetOfTax": "None", "ebit": "192200000", "ebitda": "265900000", "netIncome": "77300000"}, {"fiscalDateEnding": "2007-12-31", "reportedCurrency": "USD", "grossProfit": "1186300000", "totalRevenue": "1623300000", "costOfRevenue": "437000000", "costofGoodsAndServicesSold": "437000000", "operatingIncome": "216100000", "sellingGeneralAndAdministrative": "911600000", "researchAndDevelopment": "None", "operatingExpenses": "970200000", "investmentIncomeNet": "None", "netInterestIncome": "None", "interestIncome": "None", "interestExpense": "0", "nonInterestIncome": "None", "otherNonOperatingIncome": "None", "depreciation": "None", "depreciationAndAmortization": "65300000", "incomeBeforeTax": "200100000", "incomeTaxExpense": "45500000", "interestAndDebtExpense": "None", "netIncomeFromContinuingOperations": "None", "comprehensiveIncomeNetOfTax": "None", "ebit": "216100000", "ebitda": "281400000", "netIncome": "138800000"}, {"fiscalDateEnding": "2006-12-31", "reportedCurrency": "USD", "grossProfit": "1053800000", "totalRevenue": "1470100000", "costOfRevenue": "416300000", "costofGoodsAndServicesSold": "416300000", "operatingIncome": "163000000", "sellingGeneralAndAdministrative": "889900000", "researchAndDevelopment": "None", "operatingExpenses": "890800000", "investmentIncomeNet": "None", "netInterestIncome": "None", "interestIncome": "None", "interestExpense": "0", "nonInterestIncome": "None", "otherNonOperatingIncome": "None", "depreciation": "None", "depreciationAndAmortization": "60700000", "incomeBeforeTax": "154500000", "incomeTaxExpense": "26100000", "interestAndDebtExpense": "None", "netIncomeFromContinuingOperations": "None", "comprehensiveIncomeNetOfTax": "None", "ebit": "163000000", "ebitda": "223700000", "netIncome": "128500000"}, {"fiscalDateEnding": "2005-12-31", "reportedCurrency": "USD", "grossProfit": "955500000", "totalRevenue": "1428900000", "costOfRevenue": "473400000", "costofGoodsAndServicesSold": "473400000", "operatingIncome": "155500000", "sellingGeneralAndAdministrative": "894800000", "researchAndDevelopment": "None", "operatingExpenses": "800000000", "investmentIncomeNet": "None", "netInterestIncome": "None", "interestIncome": "None", "interestExpense": "0", "nonInterestIncome": "None", "otherNonOperatingIncome": "None", "depreciation": "None", "depreciationAndAmortization": "56600000", "incomeBeforeTax": "12900000", "incomeTaxExpense": "-26200000", "interestAndDebtExpense": "None", "netIncomeFromContinuingOperations": "None", "comprehensiveIncomeNetOfTax": "None", "ebit": "155500000", "ebitda": "212100000", "netIncome": "30800000"}], "quarterlyReports": [{"fiscalDateEnding": "2024-12-31", "reportedCurrency": "USD", "grossProfit": "1125600000", "totalRevenue": "2716000000", "costOfRevenue": "1590400000", "costofGoodsAndServicesSold": "1590400000", "operatingIncome": "473700000", "sellingGeneralAndAdministrative": "None", "researchAndDevelopment": "None", "operatingExpenses": "651900000", "investmentIncomeNet": "None", "netInterestIncome": "-101900000", "interestIncome": "None", "interestExpense": "None", "nonInterestIncome": "None", "otherNonOperatingIncome": "None", "depreciation": "None", "depreciationAndAmortization": "213000000", "incomeBeforeTax": "333200000", "incomeTaxExpense": "75000000", "interestAndDebtExpense": "None", "netIncomeFromContinuingOperations": "258200000", "comprehensiveIncomeNetOfTax": "None", "ebit": "447700000", "ebitda": "660700000", "netIncome": "258300000"}, {"fiscalDateEnding": "2024-09-30", "reportedCurrency": "USD", "grossProfit": "1144600000", "totalRevenue": "2806800000", "costOfRevenue": "1662200000", "costofGoodsAndServicesSold": "1662200000", "operatingIncome": "480900000", "sellingGeneralAndAdministrative": "1621900000", "researchAndDevelopment": "None", "operatingExpenses": "663700000", "investmentIncomeNet": "None", "netInterestIncome": "-92900000", "interestIncome": "None", "interestExpense": "None", "nonInterestIncome": "None", "otherNonOperatingIncome": "None", "depreciation": "None", "depreciationAndAmortization": "210000000", "incomeBeforeTax": "403300000", "incomeTaxExpense": "89200000", "interestAndDebtExpense": "None", "netIncomeFromContinuingOperations": "314100000", "comprehensiveIncomeNetOfTax": "None", "ebit": "480900000", "ebitda": "690900000", "netIncome": "312600000"}, {"fiscalDateEnding": "2024-06-30", "reportedCurrency": "USD", "grossProfit": "1115900000", "totalRevenue": "2775400000", "costOfRevenue": "1659500000", "costofGoodsAndServicesSold": "1659500000", "operatingIncome": "478700000", "sellingGeneralAndAdministrative": "1620100000", "researchAndDevelopment": "None", "operatingExpenses": "637200000", "investmentIncomeNet": "None", "netInterestIncome": "-94300000", "interestIncome": "None", "interestExpense": "94300000", "nonInterestIncome": "None", "otherNonOperatingIncome": "None", "depreciation": "None", "depreciationAndAmortization": "211600000", "incomeBeforeTax": "365600000", "incomeTaxExpense": "80200000", "interestAndDebtExpense": "None", "netIncomeFromContinuingOperations": "285400000", "comprehensiveIncomeNetOfTax": "None", "ebit": "459900000", "ebitda": "671500000", "netIncome": "283400000"}, {"fiscalDateEnding": "2024-03-31", "reportedCurrency": "USD", "grossProfit": "1492200000", "totalRevenue": "3256700000", "costOfRevenue": "1764500000", "costofGoodsAndServicesSold": "1764500000", "operatingIncome": "848800000", "sellingGeneralAndAdministrative": "1725900000", "researchAndDevelopment": "None", "operatingExpenses": "643400000", "investmentIncomeNet": "None", "netInterestIncome": "-92200000", "interestIncome": "None", "interestExpense": "92200000", "nonInterestIncome": "None", "otherNonOperatingIncome": "None", "depreciation": "None", "depreciationAndAmortization": "207700000", "incomeBeforeTax": "772700000", "incomeTaxExpense": "160000000", "interestAndDebtExpense": "None", "netIncomeFromContinuingOperations": "612700000", "comprehensiveIncomeNetOfTax": "None", "ebit": "864900000", "ebitda": "1072600000", "netIncome": "608400000"}, {"fiscalDateEnding": "2023-12-31", "reportedCurrency": "USD", "grossProfit": "970800000", "totalRevenue": "2437800000", "costOfRevenue": "1467000000", "costofGoodsAndServicesSold": "1467000000", "operatingIncome": "330500000", "sellingGeneralAndAdministrative": "1428200000", "researchAndDevelopment": "None", "operatingExpenses": "640300000", "investmentIncomeNet": "None", "netInterestIncome": "-78200000", "interestIncome": "None", "interestExpense": "78200000", "nonInterestIncome": "None", "otherNonOperatingIncome": "None", "depreciation": "None", "depreciationAndAmortization": "189700000", "incomeBeforeTax": "-82200000", "incomeTaxExpense": "-42600000", "interestAndDebtExpense": "None", "netIncomeFromContinuingOperations": "-39600000", "comprehensiveIncomeNetOfTax": "None", "ebit": "-4000000", "ebitda": "185700000", "netIncome": "-32200000"}, {"fiscalDateEnding": "2023-09-30", "reportedCurrency": "USD", "grossProfit": "1029100000", "totalRevenue": "2492000000", "costOfRevenue": "1462900000", "costofGoodsAndServicesSold": "1462900000", "operatingIncome": "434400000", "sellingGeneralAndAdministrative": "1424500000", "researchAndDevelopment": "None", "operatingExpenses": "594700000", "investmentIncomeNet": "None", "netInterestIncome": "-72800000", "interestIncome": "72800000", "interestExpense": "72800000", "nonInterestIncome": "None", "otherNonOperatingIncome": "None", "depreciation": "None", "depreciationAndAmortization": "171700000", "incomeBeforeTax": "364100000", "incomeTaxExpense": "80900000", "interestAndDebtExpense": "None", "netIncomeFromContinuingOperations": "283200000", "comprehensiveIncomeNetOfTax": "None", "ebit": "434400000", "ebitda": "606100000", "netIncome": "280700000"}, {"fiscalDateEnding": "2023-06-30", "reportedCurrency": "USD", "grossProfit": "993900000", "totalRevenue": "2441900000", "costOfRevenue": "1448000000", "costofGoodsAndServicesSold": "1448000000", "operatingIncome": "384600000", "sellingGeneralAndAdministrative": "1413000000", "researchAndDevelopment": "None", "operatingExpenses": "609300000", "investmentIncomeNet": "None", "netInterestIncome": "-77800000", "interestIncome": "77800000", "interestExpense": "77800000", "nonInterestIncome": "None", "otherNonOperatingIncome": "None", "depreciation": "None", "depreciationAndAmortization": "175700000", "incomeBeforeTax": "297400000", "incomeTaxExpense": "61600000", "interestAndDebtExpense": "None", "netIncomeFromContinuingOperations": "235800000", "comprehensiveIncomeNetOfTax": "None", "ebit": "375200000", "ebitda": "550900000", "netIncome": "234500000"}, {"fiscalDateEnding": "2023-03-31", "reportedCurrency": "USD", "grossProfit": "1257400000", "totalRevenue": "2706100000", "costOfRevenue": "1448700000", "costofGoodsAndServicesSold": "1448700000", "operatingIncome": "715500000", "sellingGeneralAndAdministrative": "1415500000", "researchAndDevelopment": "None", "operatingExpenses": "541900000", "investmentIncomeNet": "None", "netInterestIncome": "-67900000", "interestIncome": "67900000", "interestExpense": "67900000", "nonInterestIncome": "None", "otherNonOperatingIncome": "None", "depreciation": "None", "depreciationAndAmortization": "159400000", "incomeBeforeTax": "605800000", "incomeTaxExpense": "119200000", "interestAndDebtExpense": "None", "netIncomeFromContinuingOperations": "486600000", "comprehensiveIncomeNetOfTax": "None", "ebit": "673700000", "ebitda": "833100000", "netIncome": "486500000"}, {"fiscalDateEnding": "2022-12-31", "reportedCurrency": "USD", "grossProfit": "810200000", "totalRevenue": "2018200000", "costOfRevenue": "1208000000", "costofGoodsAndServicesSold": "1208000000", "operatingIncome": "288000000", "sellingGeneralAndAdministrative": "4799800000", "researchAndDevelopment": "None", "operatingExpenses": "522200000", "investmentIncomeNet": "None", "netInterestIncome": "-64000000", "interestIncome": "64000000", "interestExpense": "64000000", "nonInterestIncome": "None", "otherNonOperatingIncome": "None", "depreciation": "None", "depreciationAndAmortization": "154000000", "incomeBeforeTax": "122000000", "incomeTaxExpense": "-13500000", "interestAndDebtExpense": "None", "netIncomeFromContinuingOperations": "135500000", "comprehensiveIncomeNetOfTax": "None", "ebit": "186000000", "ebitda": "340000000", "netIncome": "135500000"}, {"fiscalDateEnding": "2022-09-30", "reportedCurrency": "USD", "grossProfit": "831500000", "totalRevenue": "2045300000", "costOfRevenue": "1213800000", "costofGoodsAndServicesSold": "1213800000", "operatingIncome": "364500000", "sellingGeneralAndAdministrative": "1181800000", "researchAndDevelopment": "None", "operatingExpenses": "467000000", "investmentIncomeNet": "None", "netInterestIncome": "-64400000", "interestIncome": "64400000", "interestExpense": "64400000", "nonInterestIncome": "None", "otherNonOperatingIncome": "None", "depreciation": "None", "depreciationAndAmortization": "145500000", "incomeBeforeTax": "315000000", "incomeTaxExpense": "58700000", "interestAndDebtExpense": "None", "netIncomeFromContinuingOperations": "256300000", "comprehensiveIncomeNetOfTax": "None", "ebit": "379400000", "ebitda": "524900000", "netIncome": "255800000"}, {"fiscalDateEnding": "2022-06-30", "reportedCurrency": "USD", "grossProfit": "844500000", "totalRevenue": "2040200000", "costOfRevenue": "1195700000", "costofGoodsAndServicesSold": "1195700000", "operatingIncome": "380300000", "sellingGeneralAndAdministrative": "1161100000", "researchAndDevelopment": "None", "operatingExpenses": "464200000", "investmentIncomeNet": "None", "netInterestIncome": "-64600000", "interestIncome": "64600000", "interestExpense": "64600000", "nonInterestIncome": "None", "otherNonOperatingIncome": "None", "depreciation": "None", "depreciationAndAmortization": "140300000", "incomeBeforeTax": "352300000", "incomeTaxExpense": "67200000", "interestAndDebtExpense": "None", "netIncomeFromContinuingOperations": "285100000", "comprehensiveIncomeNetOfTax": "None", "ebit": "416900000", "ebitda": "557200000", "netIncome": "284200000"}, {"fiscalDateEnding": "2022-03-31", "reportedCurrency": "USD", "grossProfit": "1098200000", "totalRevenue": "2433900000", "costOfRevenue": "1335700000", "costofGoodsAndServicesSold": "1335700000", "operatingIncome": "621100000", "sellingGeneralAndAdministrative": "1282000000", "researchAndDevelopment": "None", "operatingExpenses": "477100000", "investmentIncomeNet": "None", "netInterestIncome": "-63900000", "interestIncome": "63900000", "interestExpense": "63900000", "nonInterestIncome": "None", "otherNonOperatingIncome": "None", "depreciation": "None", "depreciationAndAmortization": "159800000", "incomeBeforeTax": "537700000", "incomeTaxExpense": "98600000", "interestAndDebtExpense": "None", "netIncomeFromContinuingOperations": "439100000", "comprehensiveIncomeNetOfTax": "None", "ebit": "601600000", "ebitda": "761400000", "netIncome": "438700000"}, {"fiscalDateEnding": "2021-12-31", "reportedCurrency": "USD", "grossProfit": "688000000", "totalRevenue": "1962800000", "costOfRevenue": "1274800000", "costofGoodsAndServicesSold": "1274800000", "operatingIncome": "221200000", "sellingGeneralAndAdministrative": "3927500000", "researchAndDevelopment": "None", "operatingExpenses": "466800000", "investmentIncomeNet": "None", "netInterestIncome": "-61500000", "interestIncome": "61500000", "interestExpense": "61500000", "nonInterestIncome": "None", "otherNonOperatingIncome": "None", "depreciation": "None", "depreciationAndAmortization": "146500000", "incomeBeforeTax": "113000000", "incomeTaxExpense": "-7900000", "interestAndDebtExpense": "None", "netIncomeFromContinuingOperations": "120900000", "comprehensiveIncomeNetOfTax": "None", "ebit": "174500000", "ebitda": "321000000", "netIncome": "109400000"}, {"fiscalDateEnding": "2021-09-30", "reportedCurrency": "USD", "grossProfit": "734700000", "totalRevenue": "2133900000", "costOfRevenue": "1399200000", "costofGoodsAndServicesSold": "1399200000", "operatingIncome": "337800000", "sellingGeneralAndAdministrative": "1000500000", "researchAndDevelopment": "None", "operatingExpenses": "396900000", "investmentIncomeNet": "None", "netInterestIncome": "-60300000", "interestIncome": "60300000", "interestExpense": "60300000", "nonInterestIncome": "None", "otherNonOperatingIncome": "-16200000", "depreciation": "None", "depreciationAndAmortization": "131300000", "incomeBeforeTax": "231400000", "incomeTaxExpense": "-7200000", "interestAndDebtExpense": "None", "netIncomeFromContinuingOperations": "238600000", "comprehensiveIncomeNetOfTax": "None", "ebit": "291700000", "ebitda": "423000000", "netIncome": "225100000"}, {"fiscalDateEnding": "2021-06-30", "reportedCurrency": "USD", "grossProfit": "690300000", "totalRevenue": "1932900000", "costOfRevenue": "1242600000", "costofGoodsAndServicesSold": "1242600000", "operatingIncome": "291700000", "sellingGeneralAndAdministrative": "937100000", "researchAndDevelopment": "None", "operatingExpenses": "398600000", "investmentIncomeNet": "None", "netInterestIncome": "-56200000", "interestIncome": "57300000", "interestExpense": "56200000", "nonInterestIncome": "None", "otherNonOperatingIncome": "None", "depreciation": "None", "depreciationAndAmortization": "145200000", "incomeBeforeTax": "222300000", "incomeTaxExpense": "20500000", "interestAndDebtExpense": "None", "netIncomeFromContinuingOperations": "201800000", "comprehensiveIncomeNetOfTax": "None", "ebit": "278500000", "ebitda": "423700000", "netIncome": "190200000"}, {"fiscalDateEnding": "2021-03-31", "reportedCurrency": "USD", "grossProfit": "843800000", "totalRevenue": "2160900000", "costOfRevenue": "1317100000", "costofGoodsAndServicesSold": "1317100000", "operatingIncome": "467400000", "sellingGeneralAndAdministrative": "975600000", "researchAndDevelopment": "None", "operatingExpenses": "376400000", "investmentIncomeNet": "None", "netInterestIncome": "-48100000", "interestIncome": "52200000", "interestExpense": "48100000", "nonInterestIncome": "None", "otherNonOperatingIncome": "None", "depreciation": "None", "depreciationAndAmortization": "143300000", "incomeBeforeTax": "408400000", "incomeTaxExpense": "14700000", "interestAndDebtExpense": "None", "netIncomeFromContinuingOperations": "393700000", "comprehensiveIncomeNetOfTax": "None", "ebit": "456500000", "ebitda": "599800000", "netIncome": "382100000"}, {"fiscalDateEnding": "2020-12-31", "reportedCurrency": "USD", "grossProfit": "576500000", "totalRevenue": "1714000000", "costOfRevenue": "1137500000", "costofGoodsAndServicesSold": "1137500000", "operatingIncome": "212200000", "sellingGeneralAndAdministrative": "3466500000", "researchAndDevelopment": "None", "operatingExpenses": "364300000", "investmentIncomeNet": "None", "netInterestIncome": "-47800000", "interestIncome": "47800000", "interestExpense": "47800000", "nonInterestIncome": "None", "otherNonOperatingIncome": "None", "depreciation": "None", "depreciationAndAmortization": "133500000", "incomeBeforeTax": "133700000", "incomeTaxExpense": "-19400000", "interestAndDebtExpense": "None", "netIncomeFromContinuingOperations": "153100000", "comprehensiveIncomeNetOfTax": "None", "ebit": "181500000", "ebitda": "315000000", "netIncome": "142200000"}, {"fiscalDateEnding": "2020-09-30", "reportedCurrency": "USD", "grossProfit": "611400000", "totalRevenue": "1845700000", "costOfRevenue": "1234300000", "costofGoodsAndServicesSold": "1234300000", "operatingIncome": "274300000", "sellingGeneralAndAdministrative": "873500000", "researchAndDevelopment": "None", "operatingExpenses": "337100000", "investmentIncomeNet": "None", "netInterestIncome": "-48100000", "interestIncome": "45500000", "interestExpense": "48100000", "nonInterestIncome": "None", "otherNonOperatingIncome": "None", "depreciation": "None", "depreciationAndAmortization": "133900000", "incomeBeforeTax": "209500000", "incomeTaxExpense": "21700000", "interestAndDebtExpense": "None", "netIncomeFromContinuingOperations": "187800000", "comprehensiveIncomeNetOfTax": "None", "ebit": "257600000", "ebitda": "391500000", "netIncome": "176600000"}, {"fiscalDateEnding": "2020-06-30", "reportedCurrency": "USD", "grossProfit": "573800000", "totalRevenue": "1583000000", "costOfRevenue": "1009200000", "costofGoodsAndServicesSold": "1009200000", "operatingIncome": "236400000", "sellingGeneralAndAdministrative": "815600000", "researchAndDevelopment": "None", "operatingExpenses": "337400000", "investmentIncomeNet": "None", "netInterestIncome": "-50000000", "interestIncome": "55100000", "interestExpense": "50000000", "nonInterestIncome": "None", "otherNonOperatingIncome": "None", "depreciation": "None", "depreciationAndAmortization": "122600000", "incomeBeforeTax": "171700000", "incomeTaxExpense": "9900000", "interestAndDebtExpense": "None", "netIncomeFromContinuingOperations": "161800000", "comprehensiveIncomeNetOfTax": "None", "ebit": "221700000", "ebitda": "344300000", "netIncome": "153700000"}, {"fiscalDateEnding": "2020-03-31", "reportedCurrency": "USD", "grossProfit": "747400000", "totalRevenue": "1866700000", "costOfRevenue": "1119300000", "costofGoodsAndServicesSold": "1119300000", "operatingIncome": "317300000", "sellingGeneralAndAdministrative": "896200000", "researchAndDevelopment": "None", "operatingExpenses": "430100000", "investmentIncomeNet": "None", "netInterestIncome": "-50500000", "interestIncome": "62900000", "interestExpense": "50500000", "nonInterestIncome": "None", "otherNonOperatingIncome": "None", "depreciation": "None", "depreciationAndAmortization": "172400000", "incomeBeforeTax": "356000000", "incomeTaxExpense": "600000", "interestAndDebtExpense": "None", "netIncomeFromContinuingOperations": "355400000", "comprehensiveIncomeNetOfTax": "None", "ebit": "406500000", "ebitda": "578900000", "netIncome": "346300000"}, {"fiscalDateEnding": "2019-12-31", "reportedCurrency": "USD", "grossProfit": "532300000", "totalRevenue": "1708400000", "costOfRevenue": "1176100000", "costofGoodsAndServicesSold": "1176100000", "operatingIncome": "122400000", "sellingGeneralAndAdministrative": "3339500000", "researchAndDevelopment": "None", "operatingExpenses": "409900000", "investmentIncomeNet": "None", "netInterestIncome": "-48100000", "interestIncome": "48100000", "interestExpense": "48100000", "nonInterestIncome": "None", "otherNonOperatingIncome": "None", "depreciation": "None", "depreciationAndAmortization": "129600000", "incomeBeforeTax": "84000000", "incomeTaxExpense": "-21600000", "interestAndDebtExpense": "None", "netIncomeFromContinuingOperations": "105600000", "comprehensiveIncomeNetOfTax": "None", "ebit": "132100000", "ebitda": "261700000", "netIncome": "98500000"}, {"fiscalDateEnding": "2019-09-30", "reportedCurrency": "USD", "grossProfit": "551100000", "totalRevenue": "1821900000", "costOfRevenue": "1270800000", "costofGoodsAndServicesSold": "1270800000", "operatingIncome": "163800000", "sellingGeneralAndAdministrative": "838700000", "researchAndDevelopment": "None", "operatingExpenses": "387300000", "investmentIncomeNet": "None", "netInterestIncome": "-46600000", "interestIncome": "46600000", "interestExpense": "46600000", "nonInterestIncome": "None", "otherNonOperatingIncome": "None", "depreciation": "None", "depreciationAndAmortization": "119300000", "incomeBeforeTax": "114800000", "incomeTaxExpense": "-22300000", "interestAndDebtExpense": "None", "netIncomeFromContinuingOperations": "137100000", "comprehensiveIncomeNetOfTax": "None", "ebit": "161400000", "ebitda": "280700000", "netIncome": "126100000"}, {"fiscalDateEnding": "2019-06-30", "reportedCurrency": "USD", "grossProfit": "524600000", "totalRevenue": "1655900000", "costOfRevenue": "1131300000", "costofGoodsAndServicesSold": "1131300000", "operatingIncome": "151900000", "sellingGeneralAndAdministrative": "806300000", "researchAndDevelopment": "None", "operatingExpenses": "372700000", "investmentIncomeNet": "None", "netInterestIncome": "-44900000", "interestIncome": "44900000", "interestExpense": "44900000", "nonInterestIncome": "None", "otherNonOperatingIncome": "None", "depreciation": "None", "depreciationAndAmortization": "115000000", "incomeBeforeTax": "105500000", "incomeTaxExpense": "-15900000", "interestAndDebtExpense": "None", "netIncomeFromContinuingOperations": "121400000", "comprehensiveIncomeNetOfTax": "None", "ebit": "150400000", "ebitda": "265400000", "netIncome": "110100000"}, {"fiscalDateEnding": "2019-03-31", "reportedCurrency": "USD", "grossProfit": "680800000", "totalRevenue": "1933500000", "costOfRevenue": "1252700000", "costofGoodsAndServicesSold": "1252700000", "operatingIncome": "307800000", "sellingGeneralAndAdministrative": "837100000", "researchAndDevelopment": "None", "operatingExpenses": "373000000", "investmentIncomeNet": "None", "netInterestIncome": "-40200000", "interestIncome": "40200000", "interestExpense": "40200000", "nonInterestIncome": "None", "otherNonOperatingIncome": "None", "depreciation": "None", "depreciationAndAmortization": "110500000", "incomeBeforeTax": "321800000", "incomeTaxExpense": "-29900000", "interestAndDebtExpense": "None", "netIncomeFromContinuingOperations": "351700000", "comprehensiveIncomeNetOfTax": "None", "ebit": "362000000", "ebitda": "472500000", "netIncome": "334100000"}, {"fiscalDateEnding": "2018-12-31", "reportedCurrency": "USD", "grossProfit": "429000000", "totalRevenue": "1657400000", "costOfRevenue": "1228400000", "costofGoodsAndServicesSold": "1228400000", "operatingIncome": "82100000", "sellingGeneralAndAdministrative": "3026300000", "researchAndDevelopment": "0", "operatingExpenses": "346900000", "investmentIncomeNet": "None", "netInterestIncome": "None", "interestIncome": "None", "interestExpense": "36500000", "nonInterestIncome": "None", "otherNonOperatingIncome": "None", "depreciation": "None", "depreciationAndAmortization": "109800000", "incomeBeforeTax": "43200000", "incomeTaxExpense": "-84600000", "interestAndDebtExpense": "None", "netIncomeFromContinuingOperations": "127800000", "comprehensiveIncomeNetOfTax": "None", "ebit": "79700000", "ebitda": "189500000", "netIncome": "117300000"}, {"fiscalDateEnding": "2018-09-30", "reportedCurrency": "USD", "grossProfit": "466100000", "totalRevenue": "1777900000", "costOfRevenue": "1311800000", "costofGoodsAndServicesSold": "1311800000", "operatingIncome": "132200000", "sellingGeneralAndAdministrative": "765700000", "researchAndDevelopment": "0", "operatingExpenses": "333900000", "investmentIncomeNet": "None", "netInterestIncome": "None", "interestIncome": "None", "interestExpense": "36700000", "nonInterestIncome": "None", "otherNonOperatingIncome": "None", "depreciation": "None", "depreciationAndAmortization": "106200000", "incomeBeforeTax": "90300000", "incomeTaxExpense": "-48100000", "interestAndDebtExpense": "None", "netIncomeFromContinuingOperations": "138400000", "comprehensiveIncomeNetOfTax": "None", "ebit": "127000000", "ebitda": "233200000", "netIncome": "127600000"}, {"fiscalDateEnding": "2018-06-30", "reportedCurrency": "USD", "grossProfit": "452400000", "totalRevenue": "1654300000", "costOfRevenue": "1201900000", "costofGoodsAndServicesSold": "1201900000", "operatingIncome": "125400000", "sellingGeneralAndAdministrative": "724700000", "researchAndDevelopment": "0", "operatingExpenses": "327000000", "investmentIncomeNet": "None", "netInterestIncome": "None", "interestIncome": "None", "interestExpense": "33900000", "nonInterestIncome": "None", "otherNonOperatingIncome": "None", "depreciation": "None", "depreciationAndAmortization": "104200000", "incomeBeforeTax": "103600000", "incomeTaxExpense": "-20100000", "interestAndDebtExpense": "None", "netIncomeFromContinuingOperations": "123700000", "comprehensiveIncomeNetOfTax": "None", "ebit": "137500000", "ebitda": "241700000", "netIncome": "114900000"}, {"fiscalDateEnding": "2018-03-31", "reportedCurrency": "USD", "grossProfit": "593000000", "totalRevenue": "1834800000", "costOfRevenue": "1241800000", "costofGoodsAndServicesSold": "1241800000", "operatingIncome": "278100000", "sellingGeneralAndAdministrative": "775800000", "researchAndDevelopment": "0", "operatingExpenses": "314900000", "investmentIncomeNet": "None", "netInterestIncome": "None", "interestIncome": "None", "interestExpense": "31300000", "nonInterestIncome": "None", "otherNonOperatingIncome": "None", "depreciation": "None", "depreciationAndAmortization": "98800000", "incomeBeforeTax": "242300000", "incomeTaxExpense": "-43700000", "interestAndDebtExpense": "None", "netIncomeFromContinuingOperations": "286000000", "comprehensiveIncomeNetOfTax": "None", "ebit": "273600000", "ebitda": "372400000", "netIncome": "273700000"}, {"fiscalDateEnding": "2017-12-31", "reportedCurrency": "USD", "grossProfit": "439600000", "totalRevenue": "1599000000", "costOfRevenue": "1159400000", "costofGoodsAndServicesSold": "1159400000", "operatingIncome": "116700000", "sellingGeneralAndAdministrative": "2752300000", "researchAndDevelopment": "0", "operatingExpenses": "322900000", "investmentIncomeNet": "None", "netInterestIncome": "None", "interestIncome": "None", "interestExpense": "31200000", "nonInterestIncome": "None", "otherNonOperatingIncome": "None", "depreciation": "None", "depreciationAndAmortization": "96600000", "incomeBeforeTax": "82100000", "incomeTaxExpense": "-31100000", "interestAndDebtExpense": "None", "netIncomeFromContinuingOperations": "113200000", "comprehensiveIncomeNetOfTax": "None", "ebit": "113300000", "ebitda": "209900000", "netIncome": "105100000"}, {"fiscalDateEnding": "2017-09-30", "reportedCurrency": "USD", "grossProfit": "428000000", "totalRevenue": "1593700000", "costOfRevenue": "1165700000", "costofGoodsAndServicesSold": "1165700000", "operatingIncome": "118900000", "sellingGeneralAndAdministrative": "680100000", "researchAndDevelopment": "0", "operatingExpenses": "309100000", "investmentIncomeNet": "None", "netInterestIncome": "None", "interestIncome": "None", "interestExpense": "31400000", "nonInterestIncome": "None", "otherNonOperatingIncome": "None", "depreciation": "None", "depreciationAndAmortization": "100100000", "incomeBeforeTax": "76900000", "incomeTaxExpense": "-41200000", "interestAndDebtExpense": "None", "netIncomeFromContinuingOperations": "137800000", "comprehensiveIncomeNetOfTax": "None", "ebit": "108300000", "ebitda": "208400000", "netIncome": "111000000"}, {"fiscalDateEnding": "2017-06-30", "reportedCurrency": "USD", "grossProfit": "390300000", "totalRevenue": "1489500000", "costOfRevenue": "1099200000", "costofGoodsAndServicesSold": "1099200000", "operatingIncome": "90800000", "sellingGeneralAndAdministrative": "675700000", "researchAndDevelopment": "0", "operatingExpenses": "299500000", "investmentIncomeNet": "None", "netInterestIncome": "None", "interestIncome": "None", "interestExpense": "31600000", "nonInterestIncome": "None", "otherNonOperatingIncome": "None", "depreciation": "None", "depreciationAndAmortization": "95300000", "incomeBeforeTax": "54100000", "incomeTaxExpense": "-24200000", "interestAndDebtExpense": "None", "netIncomeFromContinuingOperations": "180400000", "comprehensiveIncomeNetOfTax": "None", "ebit": "85700000", "ebitda": "181000000", "netIncome": "70000000"}, {"fiscalDateEnding": "2017-03-31", "reportedCurrency": "USD", "grossProfit": "534600000", "totalRevenue": "1646400000", "costOfRevenue": "1111800000", "costofGoodsAndServicesSold": "1111800000", "operatingIncome": "241300000", "sellingGeneralAndAdministrative": "657600000", "researchAndDevelopment": "0", "operatingExpenses": "293300000", "investmentIncomeNet": "None", "netInterestIncome": "None", "interestIncome": "None", "interestExpense": "29900000", "nonInterestIncome": "None", "otherNonOperatingIncome": "None", "depreciation": "None", "depreciationAndAmortization": "93800000", "incomeBeforeTax": "199600000", "incomeTaxExpense": "-42400000", "interestAndDebtExpense": "None", "netIncomeFromContinuingOperations": "67800000", "comprehensiveIncomeNetOfTax": "None", "ebit": "229500000", "ebitda": "323300000", "netIncome": "228800000"}, {"fiscalDateEnding": "2016-12-31", "reportedCurrency": "USD", "grossProfit": "396300000", "totalRevenue": "1385000000", "costOfRevenue": "988700000", "costofGoodsAndServicesSold": "988700000", "operatingIncome": "108000000", "sellingGeneralAndAdministrative": "2538900000", "researchAndDevelopment": "0", "operatingExpenses": "288300000", "investmentIncomeNet": "None", "netInterestIncome": "None", "interestIncome": "None", "interestExpense": "28300000", "nonInterestIncome": "None", "otherNonOperatingIncome": "None", "depreciation": "None", "depreciationAndAmortization": "89300000", "incomeBeforeTax": "68800000", "incomeTaxExpense": "-32200000", "interestAndDebtExpense": "None", "netIncomeFromContinuingOperations": "101000000", "comprehensiveIncomeNetOfTax": "None", "ebit": "97100000", "ebitda": "186400000", "netIncome": "95100000"}, {"fiscalDateEnding": "2016-09-30", "reportedCurrency": "USD", "grossProfit": "406000000", "totalRevenue": "1482300000", "costOfRevenue": "1076300000", "costofGoodsAndServicesSold": "1076300000", "operatingIncome": "127500000", "sellingGeneralAndAdministrative": "626600000", "researchAndDevelopment": "0", "operatingExpenses": "278500000", "investmentIncomeNet": "None", "netInterestIncome": "None", "interestIncome": "None", "interestExpense": "28500000", "nonInterestIncome": "None", "otherNonOperatingIncome": "None", "depreciation": "None", "depreciationAndAmortization": "88900000", "incomeBeforeTax": "94900000", "incomeTaxExpense": "-35500000", "interestAndDebtExpense": "None", "netIncomeFromContinuingOperations": "130400000", "comprehensiveIncomeNetOfTax": "None", "ebit": "123400000", "ebitda": "212300000", "netIncome": "122800000"}, {"fiscalDateEnding": "2016-06-30", "reportedCurrency": "USD", "grossProfit": "471100000", "totalRevenue": "1427100000", "costOfRevenue": "956000000", "costofGoodsAndServicesSold": "956000000", "operatingIncome": "177900000", "sellingGeneralAndAdministrative": "631000000", "researchAndDevelopment": "0", "operatingExpenses": "293200000", "investmentIncomeNet": "None", "netInterestIncome": "None", "interestIncome": "None", "interestExpense": "27200000", "nonInterestIncome": "None", "otherNonOperatingIncome": "None", "depreciation": "None", "depreciationAndAmortization": "88600000", "incomeBeforeTax": "137500000", "incomeTaxExpense": "-18200000", "interestAndDebtExpense": "None", "netIncomeFromContinuingOperations": "155700000", "comprehensiveIncomeNetOfTax": "None", "ebit": "164700000", "ebitda": "253300000", "netIncome": "150000000"}, {"fiscalDateEnding": "2016-03-31", "reportedCurrency": "USD", "grossProfit": "373900000", "totalRevenue": "1300400000", "costOfRevenue": "926500000", "costofGoodsAndServicesSold": "926500000", "operatingIncome": "85400000", "sellingGeneralAndAdministrative": "622100000", "researchAndDevelopment": "0", "operatingExpenses": "288500000", "investmentIncomeNet": "None", "netInterestIncome": "None", "interestIncome": "None", "interestExpense": "25800000", "nonInterestIncome": "None", "otherNonOperatingIncome": "None", "depreciation": "None", "depreciationAndAmortization": "84000000", "incomeBeforeTax": "55700000", "incomeTaxExpense": "-2200000", "interestAndDebtExpense": "None", "netIncomeFromContinuingOperations": "57900000", "comprehensiveIncomeNetOfTax": "None", "ebit": "81500000", "ebitda": "165500000", "netIncome": "46500000"}, {"fiscalDateEnding": "2015-12-31", "reportedCurrency": "USD", "grossProfit": "384700000", "totalRevenue": "1334900000", "costOfRevenue": "950200000", "costofGoodsAndServicesSold": "950200000", "operatingIncome": "68900000", "sellingGeneralAndAdministrative": "2428900000", "researchAndDevelopment": "0", "operatingExpenses": "315800000", "investmentIncomeNet": "None", "netInterestIncome": "None", "interestIncome": "None", "interestExpense": "25800000", "nonInterestIncome": "None", "otherNonOperatingIncome": "None", "depreciation": "None", "depreciationAndAmortization": "93800000", "incomeBeforeTax": "28400000", "incomeTaxExpense": "-39800000", "interestAndDebtExpense": "None", "netIncomeFromContinuingOperations": "68200000", "comprehensiveIncomeNetOfTax": "None", "ebit": "54200000", "ebitda": "148000000", "netIncome": "62300000"}, {"fiscalDateEnding": "2015-09-30", "reportedCurrency": "USD", "grossProfit": "431000000", "totalRevenue": "1454800000", "costOfRevenue": "1023800000", "costofGoodsAndServicesSold": "1023800000", "operatingIncome": "141000000", "sellingGeneralAndAdministrative": "604900000", "researchAndDevelopment": "0", "operatingExpenses": "290000000", "investmentIncomeNet": "None", "netInterestIncome": "None", "interestIncome": "None", "interestExpense": "25600000", "nonInterestIncome": "None", "otherNonOperatingIncome": "None", "depreciation": "None", "depreciationAndAmortization": "81900000", "incomeBeforeTax": "105700000", "incomeTaxExpense": "-35200000", "interestAndDebtExpense": "None", "netIncomeFromContinuingOperations": "140900000", "comprehensiveIncomeNetOfTax": "None", "ebit": "131300000", "ebitda": "213200000", "netIncome": "133300000"}, {"fiscalDateEnding": "2015-06-30", "reportedCurrency": "USD", "grossProfit": "449500000", "totalRevenue": "1371400000", "costOfRevenue": "921900000", "costofGoodsAndServicesSold": "921900000", "operatingIncome": "160100000", "sellingGeneralAndAdministrative": "615100000", "researchAndDevelopment": "0", "operatingExpenses": "289400000", "investmentIncomeNet": "None", "netInterestIncome": "None", "interestIncome": "None", "interestExpense": "26000000", "nonInterestIncome": "None", "otherNonOperatingIncome": "None", "depreciation": "None", "depreciationAndAmortization": "82300000", "incomeBeforeTax": "128500000", "incomeTaxExpense": "-19100000", "interestAndDebtExpense": "None", "netIncomeFromContinuingOperations": "147600000", "comprehensiveIncomeNetOfTax": "None", "ebit": "154500000", "ebitda": "236800000", "netIncome": "139300000"}, {"fiscalDateEnding": "2015-03-31", "reportedCurrency": "USD", "grossProfit": "346800000", "totalRevenue": "1231300000", "costOfRevenue": "884500000", "costofGoodsAndServicesSold": "884500000", "operatingIncome": "67100000", "sellingGeneralAndAdministrative": "575200000", "researchAndDevelopment": "0", "operatingExpenses": "279700000", "investmentIncomeNet": "None", "netInterestIncome": "None", "interestIncome": "None", "interestExpense": "25600000", "nonInterestIncome": "None", "otherNonOperatingIncome": "None", "depreciation": "None", "depreciationAndAmortization": "76200000", "incomeBeforeTax": "30900000", "incomeTaxExpense": "-1500000", "interestAndDebtExpense": "None", "netIncomeFromContinuingOperations": "32400000", "comprehensiveIncomeNetOfTax": "None", "ebit": "56500000", "ebitda": "132700000", "netIncome": "21900000"}, {"fiscalDateEnding": "2014-12-31", "reportedCurrency": "USD", "grossProfit": "347500000", "totalRevenue": "1245400000", "costOfRevenue": "897900000", "costofGoodsAndServicesSold": "897900000", "operatingIncome": "52900000", "sellingGeneralAndAdministrative": "2167600000", "researchAndDevelopment": "0", "operatingExpenses": "294600000", "investmentIncomeNet": "None", "netInterestIncome": "None", "interestIncome": "None", "interestExpense": "25700000", "nonInterestIncome": "None", "otherNonOperatingIncome": "None", "depreciation": "None", "depreciationAndAmortization": "73600000", "incomeBeforeTax": "26300000", "incomeTaxExpense": "-25200000", "interestAndDebtExpense": "None", "netIncomeFromContinuingOperations": "51500000", "comprehensiveIncomeNetOfTax": "None", "ebit": "52000000", "ebitda": "125600000", "netIncome": "51500000"}, {"fiscalDateEnding": "2014-09-30", "reportedCurrency": "USD", "grossProfit": "396000000", "totalRevenue": "1286800000", "costOfRevenue": "890800000", "costofGoodsAndServicesSold": "890800000", "operatingIncome": "125800000", "sellingGeneralAndAdministrative": "564600000", "researchAndDevelopment": "0", "operatingExpenses": "270200000", "investmentIncomeNet": "None", "netInterestIncome": "None", "interestIncome": "None", "interestExpense": "25900000", "nonInterestIncome": "None", "otherNonOperatingIncome": "None", "depreciation": "None", "depreciationAndAmortization": "72900000", "incomeBeforeTax": "95400000", "incomeTaxExpense": "-5900000", "interestAndDebtExpense": "None", "netIncomeFromContinuingOperations": "93600000", "comprehensiveIncomeNetOfTax": "None", "ebit": "121300000", "ebitda": "194200000", "netIncome": "93600000"}, {"fiscalDateEnding": "2014-06-30", "reportedCurrency": "USD", "grossProfit": "378800000", "totalRevenue": "1179300000", "costOfRevenue": "800500000", "costofGoodsAndServicesSold": "800500000", "operatingIncome": "140100000", "sellingGeneralAndAdministrative": "530000000", "researchAndDevelopment": "0", "operatingExpenses": "238700000", "investmentIncomeNet": "None", "netInterestIncome": "None", "interestIncome": "None", "interestExpense": "21200000", "nonInterestIncome": "None", "otherNonOperatingIncome": "None", "depreciation": "None", "depreciationAndAmortization": "59500000", "incomeBeforeTax": "111900000", "incomeTaxExpense": "-1800000", "interestAndDebtExpense": "None", "netIncomeFromContinuingOperations": "109000000", "comprehensiveIncomeNetOfTax": "None", "ebit": "133100000", "ebitda": "192600000", "netIncome": "109000000"}, {"fiscalDateEnding": "2014-03-31", "reportedCurrency": "USD", "grossProfit": "277700000", "totalRevenue": "915000000", "costOfRevenue": "637300000", "costofGoodsAndServicesSold": "637300000", "operatingIncome": "76000000", "sellingGeneralAndAdministrative": "466300000", "researchAndDevelopment": "0", "operatingExpenses": "201700000", "investmentIncomeNet": "None", "netInterestIncome": "None", "interestIncome": "None", "interestExpense": "16200000", "nonInterestIncome": "None", "otherNonOperatingIncome": "None", "depreciation": "None", "depreciationAndAmortization": "52900000", "incomeBeforeTax": "54700000", "incomeTaxExpense": "-3100000", "interestAndDebtExpense": "None", "netIncomeFromContinuingOperations": "49300000", "comprehensiveIncomeNetOfTax": "None", "ebit": "70900000", "ebitda": "123800000", "netIncome": "49300000"}, {"fiscalDateEnding": "2013-12-31", "reportedCurrency": "USD", "grossProfit": "261400000", "totalRevenue": "890200000", "costOfRevenue": "628800000", "costofGoodsAndServicesSold": "628800000", "operatingIncome": "63400000", "sellingGeneralAndAdministrative": "1685000000", "researchAndDevelopment": "0", "operatingExpenses": "198000000", "investmentIncomeNet": "None", "netInterestIncome": "None", "interestIncome": "None", "interestExpense": "13900000", "nonInterestIncome": "None", "otherNonOperatingIncome": "None", "depreciation": "None", "depreciationAndAmortization": "50300000", "incomeBeforeTax": "49300000", "incomeTaxExpense": "-10700000", "interestAndDebtExpense": "None", "netIncomeFromContinuingOperations": "60000000", "comprehensiveIncomeNetOfTax": "None", "ebit": "63200000", "ebitda": "113500000", "netIncome": "60000000"}, {"fiscalDateEnding": "2013-09-30", "reportedCurrency": "USD", "grossProfit": "276400000", "totalRevenue": "835800000", "costOfRevenue": "559400000", "costofGoodsAndServicesSold": "559400000", "operatingIncome": "98200000", "sellingGeneralAndAdministrative": "412500000", "researchAndDevelopment": "0", "operatingExpenses": "178200000", "investmentIncomeNet": "None", "netInterestIncome": "None", "interestIncome": "None", "interestExpense": "13100000", "nonInterestIncome": "None", "otherNonOperatingIncome": "None", "depreciation": "None", "depreciationAndAmortization": "45100000", "incomeBeforeTax": "85500000", "incomeTaxExpense": "10900000", "interestAndDebtExpense": "None", "netIncomeFromContinuingOperations": "74600000", "comprehensiveIncomeNetOfTax": "None", "ebit": "98600000", "ebitda": "143700000", "netIncome": "74600000"}, {"fiscalDateEnding": "2013-06-30", "reportedCurrency": "USD", "grossProfit": "287400000", "totalRevenue": "779500000", "costOfRevenue": "492100000", "costofGoodsAndServicesSold": "492100000", "operatingIncome": "106800000", "sellingGeneralAndAdministrative": "415500000", "researchAndDevelopment": "0", "operatingExpenses": "180600000", "investmentIncomeNet": "None", "netInterestIncome": "None", "interestIncome": "None", "interestExpense": "11900000", "nonInterestIncome": "None", "otherNonOperatingIncome": "None", "depreciation": "None", "depreciationAndAmortization": "42800000", "incomeBeforeTax": "97400000", "incomeTaxExpense": "3900000", "interestAndDebtExpense": "None", "netIncomeFromContinuingOperations": "93500000", "comprehensiveIncomeNetOfTax": "None", "ebit": "109300000", "ebitda": "152100000", "netIncome": "93500000"}, {"fiscalDateEnding": "2013-03-31", "reportedCurrency": "USD", "grossProfit": "232100000", "totalRevenue": "674100000", "costOfRevenue": "442000000", "costofGoodsAndServicesSold": "442000000", "operatingIncome": "57900000", "sellingGeneralAndAdministrative": "383900000", "researchAndDevelopment": "0", "operatingExpenses": "174200000", "investmentIncomeNet": "None", "netInterestIncome": "None", "interestIncome": "None", "interestExpense": "11200000", "nonInterestIncome": "None", "otherNonOperatingIncome": "None", "depreciation": "None", "depreciationAndAmortization": "40400000", "incomeBeforeTax": "42300000", "incomeTaxExpense": "1800000", "interestAndDebtExpense": "None", "netIncomeFromContinuingOperations": "40500000", "comprehensiveIncomeNetOfTax": "None", "ebit": "53500000", "ebitda": "93900000", "netIncome": "40500000"}, {"fiscalDateEnding": "2012-12-31", "reportedCurrency": "USD", "grossProfit": "225000000", "totalRevenue": "673200000", "costOfRevenue": "448200000", "costofGoodsAndServicesSold": "448200000", "operatingIncome": "58700000", "sellingGeneralAndAdministrative": "411000000", "researchAndDevelopment": "0", "operatingExpenses": "166300000", "investmentIncomeNet": "None", "netInterestIncome": "None", "interestIncome": "None", "interestExpense": "10900000", "nonInterestIncome": "None", "otherNonOperatingIncome": "None", "depreciation": "None", "depreciationAndAmortization": "36700000", "incomeBeforeTax": "45400000", "incomeTaxExpense": "11900000", "interestAndDebtExpense": "None", "netIncomeFromContinuingOperations": "33500000", "comprehensiveIncomeNetOfTax": "None", "ebit": "56300000", "ebitda": "93000000", "netIncome": "33500000"}, {"fiscalDateEnding": "2012-09-30", "reportedCurrency": "USD", "grossProfit": "248800000", "totalRevenue": "650400000", "costOfRevenue": "401600000", "costofGoodsAndServicesSold": "401600000", "operatingIncome": "90700000", "sellingGeneralAndAdministrative": "373900000", "researchAndDevelopment": "0", "operatingExpenses": "158100000", "investmentIncomeNet": "None", "netInterestIncome": "None", "interestIncome": "None", "interestExpense": "10700000", "nonInterestIncome": "None", "otherNonOperatingIncome": "None", "depreciation": "None", "depreciationAndAmortization": "36500000", "incomeBeforeTax": "76300000", "incomeTaxExpense": "14600000", "interestAndDebtExpense": "None", "netIncomeFromContinuingOperations": "61700000", "comprehensiveIncomeNetOfTax": "None", "ebit": "87000000", "ebitda": "123500000", "netIncome": "61700000"}, {"fiscalDateEnding": "2012-06-30", "reportedCurrency": "USD", "grossProfit": "256800000", "totalRevenue": "649900000", "costOfRevenue": "393100000", "costofGoodsAndServicesSold": "393100000", "operatingIncome": "96700000", "sellingGeneralAndAdministrative": "364100000", "researchAndDevelopment": "0", "operatingExpenses": "160100000", "investmentIncomeNet": "None", "netInterestIncome": "None", "interestIncome": "None", "interestExpense": "10800000", "nonInterestIncome": "None", "otherNonOperatingIncome": "None", "depreciation": "None", "depreciationAndAmortization": "36400000", "incomeBeforeTax": "91100000", "incomeTaxExpense": "19400000", "interestAndDebtExpense": "None", "netIncomeFromContinuingOperations": "71700000", "comprehensiveIncomeNetOfTax": "None", "ebit": "101900000", "ebitda": "138300000", "netIncome": "71700000"}, {"fiscalDateEnding": "2012-03-31", "reportedCurrency": "USD", "grossProfit": "184700000", "totalRevenue": "546800000", "costOfRevenue": "362100000", "costofGoodsAndServicesSold": "362100000", "operatingIncome": "45600000", "sellingGeneralAndAdministrative": "344400000", "researchAndDevelopment": "0", "operatingExpenses": "139100000", "investmentIncomeNet": "None", "netInterestIncome": "None", "interestIncome": "None", "interestExpense": "10600000", "nonInterestIncome": "None", "otherNonOperatingIncome": "None", "depreciation": "None", "depreciationAndAmortization": "30800000", "incomeBeforeTax": "32500000", "incomeTaxExpense": "4400000", "interestAndDebtExpense": "None", "netIncomeFromContinuingOperations": "28100000", "comprehensiveIncomeNetOfTax": "None", "ebit": "43100000", "ebitda": "73900000", "netIncome": "28100000"}, {"fiscalDateEnding": "2011-12-31", "reportedCurrency": "USD", "grossProfit": "194400000", "totalRevenue": "578400000", "costOfRevenue": "384000000", "costofGoodsAndServicesSold": "384000000", "operatingIncome": "57600000", "sellingGeneralAndAdministrative": "364400000", "researchAndDevelopment": "0", "operatingExpenses": "136800000", "investmentIncomeNet": "None", "netInterestIncome": "None", "interestIncome": "None", "interestExpense": "10400000", "nonInterestIncome": "None", "otherNonOperatingIncome": "None", "depreciation": "None", "depreciationAndAmortization": "33900000", "incomeBeforeTax": "47400000", "incomeTaxExpense": "6900000", "interestAndDebtExpense": "None", "netIncomeFromContinuingOperations": "40500000", "comprehensiveIncomeNetOfTax": "None", "ebit": "57800000", "ebitda": "91700000", "netIncome": "40500000"}, {"fiscalDateEnding": "2011-09-30", "reportedCurrency": "USD", "grossProfit": "216900000", "totalRevenue": "562800000", "costOfRevenue": "345900000", "costofGoodsAndServicesSold": "345900000", "operatingIncome": "77000000", "sellingGeneralAndAdministrative": "341800000", "researchAndDevelopment": "0", "operatingExpenses": "139900000", "investmentIncomeNet": "None", "netInterestIncome": "None", "interestIncome": "None", "interestExpense": "10300000", "nonInterestIncome": "None", "otherNonOperatingIncome": "None", "depreciation": "None", "depreciationAndAmortization": "29400000", "incomeBeforeTax": "71000000", "incomeTaxExpense": "24300000", "interestAndDebtExpense": "None", "netIncomeFromContinuingOperations": "46700000", "comprehensiveIncomeNetOfTax": "None", "ebit": "81300000", "ebitda": "110700000", "netIncome": "46700000"}, {"fiscalDateEnding": "2011-06-30", "reportedCurrency": "USD", "grossProfit": "209600000", "totalRevenue": "546100000", "costOfRevenue": "336500000", "costofGoodsAndServicesSold": "336500000", "operatingIncome": "74000000", "sellingGeneralAndAdministrative": "324800000", "researchAndDevelopment": "0", "operatingExpenses": "135600000", "investmentIncomeNet": "None", "netInterestIncome": "None", "interestIncome": "None", "interestExpense": "10600000", "nonInterestIncome": "None", "otherNonOperatingIncome": "None", "depreciation": "None", "depreciationAndAmortization": "27400000", "incomeBeforeTax": "65900000", "incomeTaxExpense": "24200000", "interestAndDebtExpense": "None", "netIncomeFromContinuingOperations": "41700000", "comprehensiveIncomeNetOfTax": "None", "ebit": "76500000", "ebitda": "103900000", "netIncome": "41700000"}, {"fiscalDateEnding": "2011-03-31", "reportedCurrency": "USD", "grossProfit": "152300000", "totalRevenue": "447400000", "costOfRevenue": "295100000", "costofGoodsAndServicesSold": "295100000", "operatingIncome": "33800000", "sellingGeneralAndAdministrative": "295100000", "researchAndDevelopment": "0", "operatingExpenses": "118500000", "investmentIncomeNet": "None", "netInterestIncome": "None", "interestIncome": "None", "interestExpense": "9500000", "nonInterestIncome": "None", "otherNonOperatingIncome": "3000000", "depreciation": "None", "depreciationAndAmortization": "24500000", "incomeBeforeTax": "23500000", "incomeTaxExpense": "8300000", "interestAndDebtExpense": "None", "netIncomeFromContinuingOperations": "15200000", "comprehensiveIncomeNetOfTax": "None", "ebit": "33000000", "ebitda": "57500000", "netIncome": "15200000"}, {"fiscalDateEnding": "2010-12-31", "reportedCurrency": "USD", "grossProfit": "-405000000", "totalRevenue": "459100000", "costOfRevenue": "864100000", "costofGoodsAndServicesSold": "864100000", "operatingIncome": "34800000", "sellingGeneralAndAdministrative": "299000000", "researchAndDevelopment": "0", "operatingExpenses": "-439800000", "investmentIncomeNet": "None", "netInterestIncome": "None", "interestIncome": "None", "interestExpense": "8700000", "nonInterestIncome": "None", "otherNonOperatingIncome": "None", "depreciation": "None", "depreciationAndAmortization": "24100000", "incomeBeforeTax": "25800000", "incomeTaxExpense": "-20200000", "interestAndDebtExpense": "None", "netIncomeFromContinuingOperations": "0", "comprehensiveIncomeNetOfTax": "None", "ebit": "34500000", "ebitda": "58600000", "netIncome": "54700000"}, {"fiscalDateEnding": "2010-09-30", "reportedCurrency": "USD", "grossProfit": "182700000", "totalRevenue": "463200000", "costOfRevenue": "280500000", "costofGoodsAndServicesSold": "280500000", "operatingIncome": "75100000", "sellingGeneralAndAdministrative": "280500000", "researchAndDevelopment": "0", "operatingExpenses": "107600000", "investmentIncomeNet": "None", "netInterestIncome": "None", "interestIncome": "None", "interestExpense": "8600000", "nonInterestIncome": "None", "otherNonOperatingIncome": "None", "depreciation": "None", "depreciationAndAmortization": "22800000", "incomeBeforeTax": "70400000", "incomeTaxExpense": "24200000", "interestAndDebtExpense": "None", "netIncomeFromContinuingOperations": "46200000", "comprehensiveIncomeNetOfTax": "None", "ebit": "79000000", "ebitda": "101800000", "netIncome": "46200000"}, {"fiscalDateEnding": "2010-06-30", "reportedCurrency": "USD", "grossProfit": "183700000", "totalRevenue": "459500000", "costOfRevenue": "275800000", "costofGoodsAndServicesSold": "275800000", "operatingIncome": "71700000", "sellingGeneralAndAdministrative": "275800000", "researchAndDevelopment": "0", "operatingExpenses": "112000000", "investmentIncomeNet": "None", "netInterestIncome": "None", "interestIncome": "None", "interestExpense": "8700000", "nonInterestIncome": "None", "otherNonOperatingIncome": "None", "depreciation": "None", "depreciationAndAmortization": "24600000", "incomeBeforeTax": "63900000", "incomeTaxExpense": "22000000", "interestAndDebtExpense": "None", "netIncomeFromContinuingOperations": "41900000", "comprehensiveIncomeNetOfTax": "None", "ebit": "72600000", "ebitda": "97200000", "netIncome": "44000000"}, {"fiscalDateEnding": "2010-03-31", "reportedCurrency": "USD", "grossProfit": "156200000", "totalRevenue": "482400000", "costOfRevenue": "326200000", "costofGoodsAndServicesSold": "326200000", "operatingIncome": "53400000", "sellingGeneralAndAdministrative": "262200000", "researchAndDevelopment": "0", "operatingExpenses": "102800000", "investmentIncomeNet": "None", "netInterestIncome": "None", "interestIncome": "None", "interestExpense": "8600000", "nonInterestIncome": "None", "otherNonOperatingIncome": "None", "depreciation": "None", "depreciationAndAmortization": "21600000", "incomeBeforeTax": "42900000", "incomeTaxExpense": "13700000", "interestAndDebtExpense": "None", "netIncomeFromContinuingOperations": "0", "comprehensiveIncomeNetOfTax": "None", "ebit": "51500000", "ebitda": "73100000", "netIncome": "29200000"}, {"fiscalDateEnding": "2009-12-31", "reportedCurrency": "USD", "grossProfit": "347300000", "totalRevenue": "435100000", "costOfRevenue": "87800000", "costofGoodsAndServicesSold": "87800000", "operatingIncome": "39300000", "sellingGeneralAndAdministrative": "285600000", "researchAndDevelopment": "0", "operatingExpenses": "308000000", "investmentIncomeNet": "None", "netInterestIncome": "None", "interestIncome": "None", "interestExpense": "7400000", "nonInterestIncome": "None", "otherNonOperatingIncome": "None", "depreciation": "None", "depreciationAndAmortization": "22400000", "incomeBeforeTax": "30400000", "incomeTaxExpense": "11000000", "interestAndDebtExpense": "None", "netIncomeFromContinuingOperations": "0", "comprehensiveIncomeNetOfTax": "None", "ebit": "37800000", "ebitda": "60200000", "netIncome": "16800000"}, {"fiscalDateEnding": "2009-09-30", "reportedCurrency": "USD", "grossProfit": "355800000", "totalRevenue": "439500000", "costOfRevenue": "83700000", "costofGoodsAndServicesSold": "83700000", "operatingIncome": "71100000", "sellingGeneralAndAdministrative": "263200000", "researchAndDevelopment": "0", "operatingExpenses": "284700000", "investmentIncomeNet": "None", "netInterestIncome": "None", "interestIncome": "None", "interestExpense": "6800000", "nonInterestIncome": "None", "otherNonOperatingIncome": "None", "depreciation": "None", "depreciationAndAmortization": "21500000", "incomeBeforeTax": "63100000", "incomeTaxExpense": "21500000", "interestAndDebtExpense": "None", "netIncomeFromContinuingOperations": "0", "comprehensiveIncomeNetOfTax": "None", "ebit": "69900000", "ebitda": "91400000", "netIncome": "41600000"}, {"fiscalDateEnding": "2009-06-30", "reportedCurrency": "USD", "grossProfit": "374500000", "totalRevenue": "453600000", "costOfRevenue": "79100000", "costofGoodsAndServicesSold": "79100000", "operatingIncome": "82500000", "sellingGeneralAndAdministrative": "270400000", "researchAndDevelopment": "0", "operatingExpenses": "292000000", "investmentIncomeNet": "None", "netInterestIncome": "None", "interestIncome": "None", "interestExpense": "7000000", "nonInterestIncome": "None", "otherNonOperatingIncome": "None", "depreciation": "None", "depreciationAndAmortization": "21600000", "incomeBeforeTax": "74100000", "incomeTaxExpense": "30300000", "interestAndDebtExpense": "None", "netIncomeFromContinuingOperations": "0", "comprehensiveIncomeNetOfTax": "None", "ebit": "81100000", "ebitda": "102700000", "netIncome": "43800000"}, {"fiscalDateEnding": "2009-03-31", "reportedCurrency": "USD", "grossProfit": "322200000", "totalRevenue": "401100000", "costOfRevenue": "78900000", "costofGoodsAndServicesSold": "78900000", "operatingIncome": "50800000", "sellingGeneralAndAdministrative": "251300000", "researchAndDevelopment": "0", "operatingExpenses": "271400000", "investmentIncomeNet": "None", "netInterestIncome": "None", "interestIncome": "None", "interestExpense": "7300000", "nonInterestIncome": "None", "otherNonOperatingIncome": "None", "depreciation": "None", "depreciationAndAmortization": "20100000", "incomeBeforeTax": "43500000", "incomeTaxExpense": "15200000", "interestAndDebtExpense": "None", "netIncomeFromContinuingOperations": "0", "comprehensiveIncomeNetOfTax": "None", "ebit": "50800000", "ebitda": "70900000", "netIncome": "26400000"}, {"fiscalDateEnding": "2008-12-31", "reportedCurrency": "USD", "grossProfit": "260200000", "totalRevenue": "378300000", "costOfRevenue": "118100000", "costofGoodsAndServicesSold": "118100000", "operatingIncome": "-8100000", "sellingGeneralAndAdministrative": "988000000", "researchAndDevelopment": "0", "operatingExpenses": "268300000", "investmentIncomeNet": "None", "netInterestIncome": "None", "interestIncome": "None", "interestExpense": "7700000", "nonInterestIncome": "None", "otherNonOperatingIncome": "None", "depreciation": "None", "depreciationAndAmortization": "28400000", "incomeBeforeTax": "18000000", "incomeTaxExpense": "6300000", "interestAndDebtExpense": "None", "netIncomeFromContinuingOperations": "0", "comprehensiveIncomeNetOfTax": "None", "ebit": "-8100000", "ebitda": "20300000", "netIncome": "4700000"}, {"fiscalDateEnding": "2008-09-30", "reportedCurrency": "USD", "grossProfit": "328300000", "totalRevenue": "428200000", "costOfRevenue": "99900000", "costofGoodsAndServicesSold": "99900000", "operatingIncome": "56500000", "sellingGeneralAndAdministrative": "253600000", "researchAndDevelopment": "0", "operatingExpenses": "271800000", "investmentIncomeNet": "None", "netInterestIncome": "None", "interestIncome": "None", "interestExpense": "7100000", "nonInterestIncome": "None", "otherNonOperatingIncome": "None", "depreciation": "None", "depreciationAndAmortization": "18200000", "incomeBeforeTax": "49400000", "incomeTaxExpense": "7700000", "interestAndDebtExpense": "None", "netIncomeFromContinuingOperations": "0", "comprehensiveIncomeNetOfTax": "None", "ebit": "56500000", "ebitda": "74700000", "netIncome": "37800000"}, {"fiscalDateEnding": "2008-06-30", "reportedCurrency": "USD", "grossProfit": "343700000", "totalRevenue": "428900000", "costOfRevenue": "85200000", "costofGoodsAndServicesSold": "85200000", "operatingIncome": "76600000", "sellingGeneralAndAdministrative": "248900000", "researchAndDevelopment": "0", "operatingExpenses": "267100000", "investmentIncomeNet": "None", "netInterestIncome": "None", "interestIncome": "None", "interestExpense": "7300000", "nonInterestIncome": "None", "otherNonOperatingIncome": "None", "depreciation": "None", "depreciationAndAmortization": "18200000", "incomeBeforeTax": "69300000", "incomeTaxExpense": "27600000", "interestAndDebtExpense": "None", "netIncomeFromContinuingOperations": "0", "comprehensiveIncomeNetOfTax": "None", "ebit": "76600000", "ebitda": "94800000", "netIncome": "40800000"}, {"fiscalDateEnding": "2008-03-31", "reportedCurrency": "USD", "grossProfit": "287900000", "totalRevenue": "375800000", "costOfRevenue": "87900000", "costofGoodsAndServicesSold": "87900000", "operatingIncome": "33400000", "sellingGeneralAndAdministrative": "238700000", "researchAndDevelopment": "0", "operatingExpenses": "254500000", "investmentIncomeNet": "None", "netInterestIncome": "None", "interestIncome": "None", "interestExpense": "6500000", "nonInterestIncome": "None", "otherNonOperatingIncome": "None", "depreciation": "None", "depreciationAndAmortization": "15800000", "incomeBeforeTax": "26900000", "incomeTaxExpense": "10600000", "interestAndDebtExpense": "None", "netIncomeFromContinuingOperations": "0", "comprehensiveIncomeNetOfTax": "None", "ebit": "33400000", "ebitda": "49200000", "netIncome": "-6000000"}, {"fiscalDateEnding": "2007-12-31", "reportedCurrency": "USD", "grossProfit": "195600000", "totalRevenue": "370200000", "costOfRevenue": "174600000", "costofGoodsAndServicesSold": "174600000", "operatingIncome": "-28900000", "sellingGeneralAndAdministrative": "211400000", "researchAndDevelopment": "0", "operatingExpenses": "224500000", "investmentIncomeNet": "None", "netInterestIncome": "None", "interestIncome": "None", "interestExpense": "6600000", "nonInterestIncome": "None", "otherNonOperatingIncome": "None", "depreciation": "None", "depreciationAndAmortization": "14500000", "incomeBeforeTax": "56000000", "incomeTaxExpense": "16800000", "interestAndDebtExpense": "None", "netIncomeFromContinuingOperations": "0", "comprehensiveIncomeNetOfTax": "None", "ebit": "-28900000", "ebitda": "-14400000", "netIncome": "23400000"}, {"fiscalDateEnding": "2007-09-30", "reportedCurrency": "USD", "grossProfit": "324700000", "totalRevenue": "410700000", "costOfRevenue": "86000000", "costofGoodsAndServicesSold": "86000000", "operatingIncome": "72000000", "sellingGeneralAndAdministrative": "238500000", "researchAndDevelopment": "0", "operatingExpenses": "252700000", "investmentIncomeNet": "None", "netInterestIncome": "None", "interestIncome": "None", "interestExpense": "5600000", "nonInterestIncome": "None", "otherNonOperatingIncome": "None", "depreciation": "None", "depreciationAndAmortization": "8500000", "incomeBeforeTax": "66400000", "incomeTaxExpense": "14000000", "interestAndDebtExpense": "None", "netIncomeFromContinuingOperations": "0", "comprehensiveIncomeNetOfTax": "None", "ebit": "77400000", "ebitda": "85900000", "netIncome": "51800000"}, {"fiscalDateEnding": "2007-06-30", "reportedCurrency": "USD", "grossProfit": "350700000", "totalRevenue": "440800000", "costOfRevenue": "90100000", "costofGoodsAndServicesSold": "90100000", "operatingIncome": "97400000", "sellingGeneralAndAdministrative": "238100000", "researchAndDevelopment": "0", "operatingExpenses": "253300000", "investmentIncomeNet": "None", "netInterestIncome": "None", "interestIncome": "None", "interestExpense": "3200000", "nonInterestIncome": "None", "otherNonOperatingIncome": "None", "depreciation": "None", "depreciationAndAmortization": "17500000", "incomeBeforeTax": "90600000", "incomeTaxExpense": "46800000", "interestAndDebtExpense": "None", "netIncomeFromContinuingOperations": "0", "comprehensiveIncomeNetOfTax": "None", "ebit": "97400000", "ebitda": "114900000", "netIncome": "43800000"}, {"fiscalDateEnding": "2007-03-31", "reportedCurrency": "USD", "grossProfit": "161100000", "totalRevenue": "375000000", "costOfRevenue": "213900000", "costofGoodsAndServicesSold": "213900000", "operatingIncome": "68800000", "sellingGeneralAndAdministrative": "223600000", "researchAndDevelopment": "0", "operatingExpenses": "92300000", "investmentIncomeNet": "None", "netInterestIncome": "None", "interestIncome": "None", "interestExpense": "600000", "nonInterestIncome": "None", "otherNonOperatingIncome": "None", "depreciation": "None", "depreciationAndAmortization": "16900000", "incomeBeforeTax": "23800000", "incomeTaxExpense": "2500000", "interestAndDebtExpense": "None", "netIncomeFromContinuingOperations": "0", "comprehensiveIncomeNetOfTax": "None", "ebit": "68800000", "ebitda": "85700000", "netIncome": "19800000"}, {"fiscalDateEnding": "2006-12-31", "reportedCurrency": "USD", "grossProfit": "323300000", "totalRevenue": "414700000", "costOfRevenue": "91400000", "costofGoodsAndServicesSold": "91400000", "operatingIncome": "62600000", "sellingGeneralAndAdministrative": "245000000", "researchAndDevelopment": "0", "operatingExpenses": "260700000", "investmentIncomeNet": "None", "netInterestIncome": "None", "interestIncome": "None", "interestExpense": "2200000", "nonInterestIncome": "None", "otherNonOperatingIncome": "None", "depreciation": "None", "depreciationAndAmortization": "17200000", "incomeBeforeTax": "15600000", "incomeTaxExpense": "-9000000", "interestAndDebtExpense": "None", "netIncomeFromContinuingOperations": "0", "comprehensiveIncomeNetOfTax": "None", "ebit": "62600000", "ebitda": "79800000", "netIncome": "24600000"}, {"fiscalDateEnding": "2006-09-30", "reportedCurrency": "USD", "grossProfit": "340300000", "totalRevenue": "421200000", "costOfRevenue": "80900000", "costofGoodsAndServicesSold": "80900000", "operatingIncome": "105400000", "sellingGeneralAndAdministrative": "220100000", "researchAndDevelopment": "0", "operatingExpenses": "234900000", "investmentIncomeNet": "None", "netInterestIncome": "None", "interestIncome": "None", "interestExpense": "2100000", "nonInterestIncome": "None", "otherNonOperatingIncome": "None", "depreciation": "None", "depreciationAndAmortization": "16200000", "incomeBeforeTax": "60800000", "incomeTaxExpense": "10600000", "interestAndDebtExpense": "None", "netIncomeFromContinuingOperations": "0", "comprehensiveIncomeNetOfTax": "None", "ebit": "105400000", "ebitda": "121600000", "netIncome": "50200000"}, {"fiscalDateEnding": "2006-06-30", "reportedCurrency": "USD", "grossProfit": "294100000", "totalRevenue": "370600000", "costOfRevenue": "76500000", "costofGoodsAndServicesSold": "76500000", "operatingIncome": "61800000", "sellingGeneralAndAdministrative": "219300000", "researchAndDevelopment": "0", "operatingExpenses": "232300000", "investmentIncomeNet": "None", "netInterestIncome": "None", "interestIncome": "None", "interestExpense": "2100000", "nonInterestIncome": "None", "otherNonOperatingIncome": "None", "depreciation": "None", "depreciationAndAmortization": "16900000", "incomeBeforeTax": "47700000", "incomeTaxExpense": "11100000", "interestAndDebtExpense": "None", "netIncomeFromContinuingOperations": "0", "comprehensiveIncomeNetOfTax": "None", "ebit": "61800000", "ebitda": "78700000", "netIncome": "36600000"}, {"fiscalDateEnding": "2006-03-31", "reportedCurrency": "USD", "grossProfit": "253900000", "totalRevenue": "327500000", "costOfRevenue": "73600000", "costofGoodsAndServicesSold": "73600000", "operatingIncome": "35500000", "sellingGeneralAndAdministrative": "205500000", "researchAndDevelopment": "0", "operatingExpenses": "218400000", "investmentIncomeNet": "None", "netInterestIncome": "None", "interestIncome": "None", "interestExpense": "2100000", "nonInterestIncome": "None", "otherNonOperatingIncome": "None", "depreciation": "None", "depreciationAndAmortization": "14700000", "incomeBeforeTax": "29000000", "incomeTaxExpense": "11900000", "interestAndDebtExpense": "None", "netIncomeFromContinuingOperations": "0", "comprehensiveIncomeNetOfTax": "None", "ebit": "35500000", "ebitda": "50200000", "netIncome": "17100000"}, {"fiscalDateEnding": "2005-12-31", "reportedCurrency": "USD", "grossProfit": "273100000", "totalRevenue": "376100000", "costOfRevenue": "103000000", "costofGoodsAndServicesSold": "103000000", "operatingIncome": "-49500000", "sellingGeneralAndAdministrative": "310500000", "researchAndDevelopment": "0", "operatingExpenses": "322600000", "investmentIncomeNet": "None", "netInterestIncome": "None", "interestIncome": "None", "interestExpense": "3100000", "nonInterestIncome": "None", "otherNonOperatingIncome": "None", "depreciation": "None", "depreciationAndAmortization": "13600000", "incomeBeforeTax": "-1100000", "incomeTaxExpense": "-8600000", "interestAndDebtExpense": "None", "netIncomeFromContinuingOperations": "0", "comprehensiveIncomeNetOfTax": "None", "ebit": "-49500000", "ebitda": "-35900000", "netIncome": "2500000"}, {"fiscalDateEnding": "2005-09-30", "reportedCurrency": "USD", "grossProfit": "314200000", "totalRevenue": "389900000", "costOfRevenue": "75700000", "costofGoodsAndServicesSold": "75700000", "operatingIncome": "99000000", "sellingGeneralAndAdministrative": "202000000", "researchAndDevelopment": "0", "operatingExpenses": "215200000", "investmentIncomeNet": "None", "netInterestIncome": "None", "interestIncome": "None", "interestExpense": "2900000", "nonInterestIncome": "None", "otherNonOperatingIncome": "None", "depreciation": "None", "depreciationAndAmortization": "14700000", "incomeBeforeTax": "65600000", "incomeTaxExpense": "15100000", "interestAndDebtExpense": "None", "netIncomeFromContinuingOperations": "0", "comprehensiveIncomeNetOfTax": "None", "ebit": "99000000", "ebitda": "113700000", "netIncome": "50500000"}, {"fiscalDateEnding": "2005-06-30", "reportedCurrency": "USD", "grossProfit": "297000000", "totalRevenue": "371100000", "costOfRevenue": "74100000", "costofGoodsAndServicesSold": "74100000", "operatingIncome": "93600000", "sellingGeneralAndAdministrative": "189100000", "researchAndDevelopment": "0", "operatingExpenses": "203400000", "investmentIncomeNet": "None", "netInterestIncome": "None", "interestIncome": "None", "interestExpense": "3000000", "nonInterestIncome": "None", "otherNonOperatingIncome": "None", "depreciation": "None", "depreciationAndAmortization": "15700000", "incomeBeforeTax": "57400000", "incomeTaxExpense": "13200000", "interestAndDebtExpense": "None", "netIncomeFromContinuingOperations": "0", "comprehensiveIncomeNetOfTax": "None", "ebit": "93600000", "ebitda": "109300000", "netIncome": "51800000"}, {"fiscalDateEnding": "2005-03-31", "reportedCurrency": "USD", "grossProfit": "277300000", "totalRevenue": "346800000", "costOfRevenue": "69500000", "costofGoodsAndServicesSold": "69500000", "operatingIncome": "70300000", "sellingGeneralAndAdministrative": "193200000", "researchAndDevelopment": "0", "operatingExpenses": "207000000", "investmentIncomeNet": "None", "netInterestIncome": "None", "interestIncome": "None", "interestExpense": "2600000", "nonInterestIncome": "None", "otherNonOperatingIncome": "None", "depreciation": "None", "depreciationAndAmortization": "16500000", "incomeBeforeTax": "-124700000", "incomeTaxExpense": "-51100000", "interestAndDebtExpense": "None", "netIncomeFromContinuingOperations": "0", "comprehensiveIncomeNetOfTax": "None", "ebit": "70300000", "ebitda": "86800000", "netIncome": "-73800000"}, {"fiscalDateEnding": "2004-12-31", "reportedCurrency": "USD", "grossProfit": "314600000", "totalRevenue": "386900000", "costOfRevenue": "72300000", "costofGoodsAndServicesSold": "72300000", "operatingIncome": "233000000", "sellingGeneralAndAdministrative": "68100000", "researchAndDevelopment": "0", "operatingExpenses": "81600000", "investmentIncomeNet": "None", "netInterestIncome": "None", "interestIncome": "None", "interestExpense": "2600000", "nonInterestIncome": "None", "otherNonOperatingIncome": "None", "depreciation": "None", "depreciationAndAmortization": "16200000", "incomeBeforeTax": "61300000", "incomeTaxExpense": "12200000", "interestAndDebtExpense": "None", "netIncomeFromContinuingOperations": "0", "comprehensiveIncomeNetOfTax": "None", "ebit": "233000000", "ebitda": "249200000", "netIncome": "49100000"}]}