{"symbol": "TRMB", "annualReports": [{"fiscalDateEnding": "2024-12-31", "reportedCurrency": "None", "grossProfit": "2493200000", "totalRevenue": "3683300000", "costOfRevenue": "1190100000", "costofGoodsAndServicesSold": "1190100000", "operatingIncome": "460700000", "sellingGeneralAndAdministrative": "547900000", "researchAndDevelopment": "662300000", "operatingExpenses": "2032500000", "investmentIncomeNet": "None", "netInterestIncome": "None", "interestIncome": "None", "interestExpense": "90700000", "nonInterestIncome": "None", "otherNonOperatingIncome": "None", "depreciation": "None", "depreciationAndAmortization": "248300000", "incomeBeforeTax": "2005900000", "incomeTaxExpense": "501500000", "interestAndDebtExpense": "None", "netIncomeFromContinuingOperations": "None", "comprehensiveIncomeNetOfTax": "None", "ebit": "463900000", "ebitda": "712200000", "netIncome": "1504400000"}, {"fiscalDateEnding": "2023-12-31", "reportedCurrency": "USD", "grossProfit": "2229200000", "totalRevenue": "3798700000", "costOfRevenue": "1569500000", "costofGoodsAndServicesSold": "1569500000", "operatingIncome": "494400000", "sellingGeneralAndAdministrative": "487500000", "researchAndDevelopment": "664300000", "operatingExpenses": "1734800000", "investmentIncomeNet": "None", "netInterestIncome": "-137400000", "interestIncome": "None", "interestExpense": "161000000", "nonInterestIncome": "None", "otherNonOperatingIncome": "None", "depreciation": "None", "depreciationAndAmortization": "250600000", "incomeBeforeTax": "357000000", "incomeTaxExpense": "45700000", "interestAndDebtExpense": "None", "netIncomeFromContinuingOperations": "333900000", "comprehensiveIncomeNetOfTax": "None", "ebit": "518000000", "ebitda": "768600000", "netIncome": "311300000"}, {"fiscalDateEnding": "2022-12-31", "reportedCurrency": "USD", "grossProfit": "2105600000", "totalRevenue": "3676300000", "costOfRevenue": "1570700000", "costofGoodsAndServicesSold": "1570700000", "operatingIncome": "510900000", "sellingGeneralAndAdministrative": "422200000", "researchAndDevelopment": "542100000", "operatingExpenses": "1564500000", "investmentIncomeNet": "None", "netInterestIncome": "-71100000", "interestIncome": "None", "interestExpense": "71100000", "nonInterestIncome": "None", "otherNonOperatingIncome": "129300000", "depreciation": "None", "depreciationAndAmortization": "171800000", "incomeBeforeTax": "569100000", "incomeTaxExpense": "119400000", "interestAndDebtExpense": "None", "netIncomeFromContinuingOperations": "449700000", "comprehensiveIncomeNetOfTax": "None", "ebit": "575600000", "ebitda": "747400000", "netIncome": "449700000"}, {"fiscalDateEnding": "2021-12-31", "reportedCurrency": "USD", "grossProfit": "2034700000", "totalRevenue": "3659100000", "costOfRevenue": "1624400000", "costofGoodsAndServicesSold": "1624400000", "operatingIncome": "561000000", "sellingGeneralAndAdministrative": "369100000", "researchAndDevelopment": "536600000", "operatingExpenses": "1463400000", "investmentIncomeNet": "None", "netInterestIncome": "-65400000", "interestIncome": "None", "interestExpense": "65400000", "nonInterestIncome": "None", "otherNonOperatingIncome": "79000000", "depreciation": "None", "depreciationAndAmortization": "205800000", "incomeBeforeTax": "574600000", "incomeTaxExpense": "81800000", "interestAndDebtExpense": "None", "netIncomeFromContinuingOperations": "492800000", "comprehensiveIncomeNetOfTax": "None", "ebit": "640000000", "ebitda": "845800000", "netIncome": "492800000"}, {"fiscalDateEnding": "2020-12-31", "reportedCurrency": "USD", "grossProfit": "1754900000", "totalRevenue": "3147700000", "costOfRevenue": "1392800000", "costofGoodsAndServicesSold": "1392800000", "operatingIncome": "419800000", "sellingGeneralAndAdministrative": "300900000", "researchAndDevelopment": "475900000", "operatingExpenses": "1309300000", "investmentIncomeNet": "None", "netInterestIncome": "-77600000", "interestIncome": "None", "interestExpense": "77600000", "nonInterestIncome": "None", "otherNonOperatingIncome": "52800000", "depreciation": "None", "depreciationAndAmortization": "220300000", "incomeBeforeTax": "395000000", "incomeTaxExpense": "4400000", "interestAndDebtExpense": "None", "netIncomeFromContinuingOperations": "390600000", "comprehensiveIncomeNetOfTax": "None", "ebit": "472600000", "ebitda": "692900000", "netIncome": "389900000"}, {"fiscalDateEnding": "2019-12-31", "reportedCurrency": "USD", "grossProfit": "1780900000", "totalRevenue": "3264300000", "costOfRevenue": "1483400000", "costofGoodsAndServicesSold": "1483400000", "operatingIncome": "375900000", "sellingGeneralAndAdministrative": "330600000", "researchAndDevelopment": "469700000", "operatingExpenses": "1378200000", "investmentIncomeNet": "None", "netInterestIncome": "-82400000", "interestIncome": "None", "interestExpense": "82400000", "nonInterestIncome": "None", "otherNonOperatingIncome": "None", "depreciation": "None", "depreciationAndAmortization": "229500000", "incomeBeforeTax": "344800000", "incomeTaxExpense": "-169700000", "interestAndDebtExpense": "None", "netIncomeFromContinuingOperations": "514500000", "comprehensiveIncomeNetOfTax": "None", "ebit": "427200000", "ebitda": "656700000", "netIncome": "514300000"}, {"fiscalDateEnding": "2018-12-31", "reportedCurrency": "USD", "grossProfit": "1681000000", "totalRevenue": "3108400000", "costOfRevenue": "1427400000", "costofGoodsAndServicesSold": "1427400000", "operatingIncome": "320700000", "sellingGeneralAndAdministrative": "349800000", "researchAndDevelopment": "446100000", "operatingExpenses": "1352100000", "investmentIncomeNet": "None", "netInterestIncome": "-73200000", "interestIncome": "None", "interestExpense": "73200000", "nonInterestIncome": "None", "otherNonOperatingIncome": "30500000", "depreciation": "None", "depreciationAndAmortization": "238800000", "incomeBeforeTax": "278000000", "incomeTaxExpense": "-5300000", "interestAndDebtExpense": "None", "netIncomeFromContinuingOperations": "283300000", "comprehensiveIncomeNetOfTax": "None", "ebit": "351200000", "ebitda": "590000000", "netIncome": "282800000"}, {"fiscalDateEnding": "2017-12-31", "reportedCurrency": "USD", "grossProfit": "1392600000", "totalRevenue": "2654200000", "costOfRevenue": "1261600000", "costofGoodsAndServicesSold": "1261600000", "operatingIncome": "246000000", "sellingGeneralAndAdministrative": "302300000", "researchAndDevelopment": "370200000", "operatingExpenses": "1139700000", "investmentIncomeNet": "None", "netInterestIncome": "-25000000", "interestIncome": "None", "interestExpense": "25000000", "nonInterestIncome": "None", "otherNonOperatingIncome": "38100000", "depreciation": "None", "depreciationAndAmortization": "204700000", "incomeBeforeTax": "259100000", "incomeTaxExpense": "137900000", "interestAndDebtExpense": "None", "netIncomeFromContinuingOperations": "121200000", "comprehensiveIncomeNetOfTax": "None", "ebit": "273400000", "ebitda": "478100000", "netIncome": "121100000"}, {"fiscalDateEnding": "2016-12-31", "reportedCurrency": "USD", "grossProfit": "1238000000", "totalRevenue": "2362200000", "costOfRevenue": "1124200000", "costofGoodsAndServicesSold": "1124200000", "operatingIncome": "181000000", "sellingGeneralAndAdministrative": "256000000", "researchAndDevelopment": "349600000", "operatingExpenses": "1045400000", "investmentIncomeNet": "None", "netInterestIncome": "-25900000", "interestIncome": "None", "interestExpense": "25900000", "nonInterestIncome": "None", "otherNonOperatingIncome": "21600000", "depreciation": "None", "depreciationAndAmortization": "187800000", "incomeBeforeTax": "176700000", "incomeTaxExpense": "44500000", "interestAndDebtExpense": "None", "netIncomeFromContinuingOperations": "132200000", "comprehensiveIncomeNetOfTax": "None", "ebit": "200500000", "ebitda": "388300000", "netIncome": "132400000"}, {"fiscalDateEnding": "2015-12-31", "reportedCurrency": "USD", "grossProfit": "1202200000", "totalRevenue": "2290400000", "costOfRevenue": "1088200000", "costofGoodsAndServicesSold": "1088200000", "operatingIncome": "154400000", "sellingGeneralAndAdministrative": "255300000", "researchAndDevelopment": "336700000", "operatingExpenses": "1036400000", "investmentIncomeNet": "None", "netInterestIncome": "None", "interestIncome": "7500000", "interestExpense": "25600000", "nonInterestIncome": "None", "otherNonOperatingIncome": "23000000", "depreciation": "None", "depreciationAndAmortization": "199100000", "incomeBeforeTax": "151800000", "incomeTaxExpense": "31100000", "interestAndDebtExpense": "None", "netIncomeFromContinuingOperations": "120700000", "comprehensiveIncomeNetOfTax": "None", "ebit": "177100000", "ebitda": "376200000", "netIncome": "121100000"}, {"fiscalDateEnding": "2014-12-31", "reportedCurrency": "USD", "grossProfit": "1290844000", "totalRevenue": "2395546000", "costOfRevenue": "1104702000", "costofGoodsAndServicesSold": "1104702000", "operatingIncome": "260823000", "sellingGeneralAndAdministrative": "247120000", "researchAndDevelopment": "317992000", "operatingExpenses": "1028280000", "investmentIncomeNet": "None", "netInterestIncome": "None", "interestIncome": "None", "interestExpense": "18681000", "nonInterestIncome": "None", "otherNonOperatingIncome": "23873000", "depreciation": "None", "depreciationAndAmortization": "191641000", "incomeBeforeTax": "266015000", "incomeTaxExpense": "52127000", "interestAndDebtExpense": "None", "netIncomeFromContinuingOperations": "213888000", "comprehensiveIncomeNetOfTax": "None", "ebit": "284696000", "ebitda": "476337000", "netIncome": "214118000"}, {"fiscalDateEnding": "2013-12-31", "reportedCurrency": "USD", "grossProfit": "1203822000", "totalRevenue": "2288124000", "costOfRevenue": "1084302000", "costofGoodsAndServicesSold": "1084302000", "operatingIncome": "251737000", "sellingGeneralAndAdministrative": "216876000", "researchAndDevelopment": "299421000", "operatingExpenses": "946125000", "investmentIncomeNet": "None", "netInterestIncome": "None", "interestIncome": "None", "interestExpense": "17582000", "nonInterestIncome": "None", "otherNonOperatingIncome": "18709000", "depreciation": "None", "depreciationAndAmortization": "189577000", "incomeBeforeTax": "252864000", "incomeTaxExpense": "34698000", "interestAndDebtExpense": "None", "netIncomeFromContinuingOperations": "218166000", "comprehensiveIncomeNetOfTax": "None", "ebit": "270446000", "ebitda": "460023000", "netIncome": "218855000"}, {"fiscalDateEnding": "2012-12-31", "reportedCurrency": "USD", "grossProfit": "1046177000", "totalRevenue": "2040113000", "costOfRevenue": "993936000", "costofGoodsAndServicesSold": "993936000", "operatingIncome": "212568000", "sellingGeneralAndAdministrative": "195802000", "researchAndDevelopment": "256458000", "operatingExpenses": "831382000", "investmentIncomeNet": "None", "netInterestIncome": "None", "interestIncome": "None", "interestExpense": "16357000", "nonInterestIncome": "None", "otherNonOperatingIncome": "33213000", "depreciation": "None", "depreciationAndAmortization": "149398000", "incomeBeforeTax": "229424000", "incomeTaxExpense": "39708000", "interestAndDebtExpense": "None", "netIncomeFromContinuingOperations": "189716000", "comprehensiveIncomeNetOfTax": "None", "ebit": "245781000", "ebitda": "395179000", "netIncome": "191060000"}, {"fiscalDateEnding": "2011-12-31", "reportedCurrency": "USD", "grossProfit": "829581000", "totalRevenue": "1644065000", "costOfRevenue": "814484000", "costofGoodsAndServicesSold": "814484000", "operatingIncome": "156402000", "sellingGeneralAndAdministrative": "158375000", "researchAndDevelopment": "197007000", "operatingExpenses": "670891000", "investmentIncomeNet": "None", "netInterestIncome": "None", "interestIncome": "None", "interestExpense": "8641000", "nonInterestIncome": "None", "otherNonOperatingIncome": "19693000", "depreciation": "None", "depreciationAndAmortization": "105669000", "incomeBeforeTax": "167454000", "incomeTaxExpense": "18545000", "interestAndDebtExpense": "None", "netIncomeFromContinuingOperations": "148909000", "comprehensiveIncomeNetOfTax": "None", "ebit": "176095000", "ebitda": "281764000", "netIncome": "150755000"}, {"fiscalDateEnding": "2010-12-31", "reportedCurrency": "USD", "grossProfit": "645501000", "totalRevenue": "1293937000", "costOfRevenue": "648436000", "costofGoodsAndServicesSold": "648436000", "operatingIncome": "127602000", "sellingGeneralAndAdministrative": "118352000", "researchAndDevelopment": "150089000", "operatingExpenses": "516307000", "investmentIncomeNet": "None", "netInterestIncome": "None", "interestIncome": "None", "interestExpense": "1752000", "nonInterestIncome": "None", "otherNonOperatingIncome": "15237000", "depreciation": "None", "depreciationAndAmortization": "75837000", "incomeBeforeTax": "141087000", "incomeTaxExpense": "37474000", "interestAndDebtExpense": "None", "netIncomeFromContinuingOperations": "103613000", "comprehensiveIncomeNetOfTax": "None", "ebit": "142838999", "ebitda": "218675999", "netIncome": "103660000"}, {"fiscalDateEnding": "2009-12-31", "reportedCurrency": "USD", "grossProfit": "549868000", "totalRevenue": "1126259000", "costOfRevenue": "576391000", "costofGoodsAndServicesSold": "576391000", "operatingIncome": "85820000", "sellingGeneralAndAdministrative": "100830000", "researchAndDevelopment": "136639000", "operatingExpenses": "457663000", "investmentIncomeNet": "None", "netInterestIncome": "None", "interestIncome": "None", "interestExpense": "1812000", "nonInterestIncome": "None", "otherNonOperatingIncome": "None", "depreciation": "None", "depreciationAndAmortization": "71467000", "incomeBeforeTax": "87621000", "incomeTaxExpense": "23658000", "interestAndDebtExpense": "None", "netIncomeFromContinuingOperations": "None", "comprehensiveIncomeNetOfTax": "None", "ebit": "89433000", "ebitda": "160900000", "netIncome": "63446000"}, {"fiscalDateEnding": "2008-12-31", "reportedCurrency": "USD", "grossProfit": "649136000", "totalRevenue": "1329234000", "costOfRevenue": "680098000", "costofGoodsAndServicesSold": "680098000", "operatingIncome": "185460000", "sellingGeneralAndAdministrative": "94010000", "researchAndDevelopment": "148265000", "operatingExpenses": "460954000", "investmentIncomeNet": "None", "netInterestIncome": "None", "interestIncome": "None", "interestExpense": "2760000", "nonInterestIncome": "None", "otherNonOperatingIncome": "None", "depreciation": "None", "depreciationAndAmortization": "64282000", "incomeBeforeTax": "191962000", "incomeTaxExpense": "50490000", "interestAndDebtExpense": "None", "netIncomeFromContinuingOperations": "None", "comprehensiveIncomeNetOfTax": "None", "ebit": "194013000", "ebitda": "258295000", "netIncome": "141472000"}, {"fiscalDateEnding": "2007-12-31", "reportedCurrency": "USD", "grossProfit": "612905000", "totalRevenue": "1222270000", "costOfRevenue": "609365000", "costofGoodsAndServicesSold": "609365000", "operatingIncome": "178267000", "sellingGeneralAndAdministrative": "92605000", "researchAndDevelopment": "131468000", "operatingExpenses": "429501000", "investmentIncomeNet": "None", "netInterestIncome": "None", "interestIncome": "None", "interestExpense": "0", "nonInterestIncome": "None", "otherNonOperatingIncome": "None", "depreciation": "None", "depreciationAndAmortization": "56174000", "incomeBeforeTax": "183756000", "incomeTaxExpense": "66382000", "interestAndDebtExpense": "None", "netIncomeFromContinuingOperations": "None", "comprehensiveIncomeNetOfTax": "None", "ebit": "183404000", "ebitda": "239578000", "netIncome": "117374000"}, {"fiscalDateEnding": "2006-12-31", "reportedCurrency": "USD", "grossProfit": "461081000", "totalRevenue": "940150000", "costOfRevenue": "479069000", "costofGoodsAndServicesSold": "479069000", "operatingIncome": "135366000", "sellingGeneralAndAdministrative": "68377000", "researchAndDevelopment": "103840000", "operatingExpenses": "323785000", "investmentIncomeNet": "None", "netInterestIncome": "None", "interestIncome": "None", "interestExpense": "0", "nonInterestIncome": "None", "otherNonOperatingIncome": "None", "depreciation": "None", "depreciationAndAmortization": "26962000", "incomeBeforeTax": "148092000", "incomeTaxExpense": "44434000", "interestAndDebtExpense": "None", "netIncomeFromContinuingOperations": "None", "comprehensiveIncomeNetOfTax": "None", "ebit": "137296000", "ebitda": "164258000", "netIncome": "103658000"}, {"fiscalDateEnding": "2005-12-31", "reportedCurrency": "USD", "grossProfit": "389805000", "totalRevenue": "774913000", "costOfRevenue": "385108000", "costofGoodsAndServicesSold": "385108000", "operatingIncome": "124944000", "sellingGeneralAndAdministrative": "172400000", "researchAndDevelopment": "84276000", "operatingExpenses": "263483000", "investmentIncomeNet": "None", "netInterestIncome": "None", "interestIncome": "None", "interestExpense": "0", "nonInterestIncome": "None", "otherNonOperatingIncome": "None", "depreciation": "None", "depreciationAndAmortization": "18961000", "incomeBeforeTax": "124788000", "incomeTaxExpense": "39933000", "interestAndDebtExpense": "None", "netIncomeFromContinuingOperations": "None", "comprehensiveIncomeNetOfTax": "None", "ebit": "126322000", "ebitda": "145283000", "netIncome": "84855000"}], "quarterlyReports": [{"fiscalDateEnding": "2024-12-31", "reportedCurrency": "None", "grossProfit": "700500000", "totalRevenue": "983400000", "costOfRevenue": "282900000", "costofGoodsAndServicesSold": "282900000", "operatingIncome": "173500000", "sellingGeneralAndAdministrative": "137500000", "researchAndDevelopment": "175000000", "operatingExpenses": "527000000", "investmentIncomeNet": "None", "netInterestIncome": "None", "interestIncome": "None", "interestExpense": "13300000", "nonInterestIncome": "None", "otherNonOperatingIncome": "None", "depreciation": "None", "depreciationAndAmortization": "52800000", "incomeBeforeTax": "97800000", "incomeTaxExpense": "7600000", "interestAndDebtExpense": "None", "netIncomeFromContinuingOperations": "None", "comprehensiveIncomeNetOfTax": "None", "ebit": "176000000", "ebitda": "228800000", "netIncome": "90200000"}, {"fiscalDateEnding": "2024-09-30", "reportedCurrency": "USD", "grossProfit": "549100000", "totalRevenue": "875800000", "costOfRevenue": "326700000", "costofGoodsAndServicesSold": "326700000", "operatingIncome": "118800000", "sellingGeneralAndAdministrative": "274700000", "researchAndDevelopment": "155600000", "operatingExpenses": "430300000", "investmentIncomeNet": "None", "netInterestIncome": "-14100000", "interestIncome": "None", "interestExpense": "14100000", "nonInterestIncome": "None", "otherNonOperatingIncome": "None", "depreciation": "None", "depreciationAndAmortization": "57200000", "incomeBeforeTax": "73100000", "incomeTaxExpense": "32500000", "interestAndDebtExpense": "None", "netIncomeFromContinuingOperations": "40600000", "comprehensiveIncomeNetOfTax": "None", "ebit": "87200000", "ebitda": "144400000", "netIncome": "40600000"}, {"fiscalDateEnding": "2024-06-30", "reportedCurrency": "USD", "grossProfit": "574500000", "totalRevenue": "870800000", "costOfRevenue": "296300000", "costofGoodsAndServicesSold": "296300000", "operatingIncome": "61600000", "sellingGeneralAndAdministrative": "148700000", "researchAndDevelopment": "161500000", "operatingExpenses": "512900000", "investmentIncomeNet": "None", "netInterestIncome": "-18100000", "interestIncome": "None", "interestExpense": "36200000", "nonInterestIncome": "None", "otherNonOperatingIncome": "None", "depreciation": "None", "depreciationAndAmortization": "62899999", "incomeBeforeTax": "1762000000", "incomeTaxExpense": "445600000", "interestAndDebtExpense": "None", "netIncomeFromContinuingOperations": "1316400000", "comprehensiveIncomeNetOfTax": "None", "ebit": "67300000", "ebitda": "130199999", "netIncome": "1316400000"}, {"fiscalDateEnding": "2024-03-31", "reportedCurrency": "USD", "grossProfit": "566900000", "totalRevenue": "953300000", "costOfRevenue": "386400000", "costofGoodsAndServicesSold": "386400000", "operatingIncome": "115800000", "sellingGeneralAndAdministrative": "134100000", "researchAndDevelopment": "170200000", "operatingExpenses": "451100000", "investmentIncomeNet": "None", "netInterestIncome": "-45200000", "interestIncome": "None", "interestExpense": "45200000", "nonInterestIncome": "None", "otherNonOperatingIncome": "None", "depreciation": "None", "depreciationAndAmortization": "65400000", "incomeBeforeTax": "73000000", "incomeTaxExpense": "15800000", "interestAndDebtExpense": "None", "netIncomeFromContinuingOperations": "57200000", "comprehensiveIncomeNetOfTax": "None", "ebit": "118200000", "ebitda": "183600000", "netIncome": "57200000"}, {"fiscalDateEnding": "2023-12-31", "reportedCurrency": "USD", "grossProfit": "548500000", "totalRevenue": "932400000", "costOfRevenue": "383900000", "costofGoodsAndServicesSold": "383900000", "operatingIncome": "116400000", "sellingGeneralAndAdministrative": "118300000", "researchAndDevelopment": "167700000", "operatingExpenses": "432100000", "investmentIncomeNet": "None", "netInterestIncome": "-47800000", "interestIncome": "None", "interestExpense": "47800000", "nonInterestIncome": "None", "otherNonOperatingIncome": "None", "depreciation": "None", "depreciationAndAmortization": "67700000", "incomeBeforeTax": "59500000", "incomeTaxExpense": "-3500000", "interestAndDebtExpense": "None", "netIncomeFromContinuingOperations": "63000000", "comprehensiveIncomeNetOfTax": "None", "ebit": "107300000", "ebitda": "175000000", "netIncome": "63000000"}, {"fiscalDateEnding": "2023-09-30", "reportedCurrency": "USD", "grossProfit": "590200000", "totalRevenue": "957300000", "costOfRevenue": "367100000", "costofGoodsAndServicesSold": "367100000", "operatingIncome": "121300000", "sellingGeneralAndAdministrative": "117200000", "researchAndDevelopment": "162500000", "operatingExpenses": "457100000", "investmentIncomeNet": "None", "netInterestIncome": "-46800000", "interestIncome": "None", "interestExpense": "46800000", "nonInterestIncome": "None", "otherNonOperatingIncome": "None", "depreciation": "None", "depreciationAndAmortization": "68500000", "incomeBeforeTax": "79400000", "incomeTaxExpense": "4500000", "interestAndDebtExpense": "None", "netIncomeFromContinuingOperations": "74900000", "comprehensiveIncomeNetOfTax": "None", "ebit": "126200000", "ebitda": "194700000", "netIncome": "74900000"}, {"fiscalDateEnding": "2023-06-30", "reportedCurrency": "USD", "grossProfit": "604500000", "totalRevenue": "993600000", "costOfRevenue": "389100000", "costofGoodsAndServicesSold": "389100000", "operatingIncome": "93600000", "sellingGeneralAndAdministrative": "141300000", "researchAndDevelopment": "174800000", "operatingExpenses": "503300000", "investmentIncomeNet": "None", "netInterestIncome": "-46700000", "interestIncome": "None", "interestExpense": "46700000", "nonInterestIncome": "None", "otherNonOperatingIncome": "10600000", "depreciation": "None", "depreciationAndAmortization": "72200000", "incomeBeforeTax": "57500000", "incomeTaxExpense": "12900000", "interestAndDebtExpense": "None", "netIncomeFromContinuingOperations": "44600000", "comprehensiveIncomeNetOfTax": "None", "ebit": "100400000", "ebitda": "172600000", "netIncome": "44600000"}, {"fiscalDateEnding": "2023-03-31", "reportedCurrency": "USD", "grossProfit": "560800000", "totalRevenue": "915400000", "costOfRevenue": "354600000", "costofGoodsAndServicesSold": "354600000", "operatingIncome": "187000000", "sellingGeneralAndAdministrative": "110700000", "researchAndDevelopment": "159300000", "operatingExpenses": "417100000", "investmentIncomeNet": "None", "netInterestIncome": "-19700000", "interestIncome": "None", "interestExpense": "19700000", "nonInterestIncome": "None", "otherNonOperatingIncome": "43300000", "depreciation": "None", "depreciationAndAmortization": "44500000", "incomeBeforeTax": "160600000", "incomeTaxExpense": "31800000", "interestAndDebtExpense": "None", "netIncomeFromContinuingOperations": "128800000", "comprehensiveIncomeNetOfTax": "None", "ebit": "144200000", "ebitda": "188700000", "netIncome": "128800000"}, {"fiscalDateEnding": "2022-12-31", "reportedCurrency": "USD", "grossProfit": "503100000", "totalRevenue": "856500000", "costOfRevenue": "353400000", "costofGoodsAndServicesSold": "353400000", "operatingIncome": "96700000", "sellingGeneralAndAdministrative": "104200000", "researchAndDevelopment": "134700000", "operatingExpenses": "396700000", "investmentIncomeNet": "None", "netInterestIncome": "-24200000", "interestIncome": "None", "interestExpense": "24200000", "nonInterestIncome": "None", "otherNonOperatingIncome": "18600000", "depreciation": "None", "depreciationAndAmortization": "43800000", "incomeBeforeTax": "91100000", "incomeTaxExpense": "5500000", "interestAndDebtExpense": "None", "netIncomeFromContinuingOperations": "85600000", "comprehensiveIncomeNetOfTax": "None", "ebit": "117000000", "ebitda": "160800000", "netIncome": "85600000"}, {"fiscalDateEnding": "2022-09-30", "reportedCurrency": "USD", "grossProfit": "515400000", "totalRevenue": "884900000", "costOfRevenue": "369500000", "costofGoodsAndServicesSold": "369500000", "operatingIncome": "122400000", "sellingGeneralAndAdministrative": "109600000", "researchAndDevelopment": "127000000", "operatingExpenses": "384800000", "investmentIncomeNet": "None", "netInterestIncome": "-15600000", "interestIncome": "None", "interestExpense": "15600000", "nonInterestIncome": "None", "otherNonOperatingIncome": "11100000", "depreciation": "None", "depreciationAndAmortization": "41100000", "incomeBeforeTax": "117900000", "incomeTaxExpense": "32100000", "interestAndDebtExpense": "None", "netIncomeFromContinuingOperations": "85800000", "comprehensiveIncomeNetOfTax": "None", "ebit": "130500000", "ebitda": "171600000", "netIncome": "85800000"}, {"fiscalDateEnding": "2022-06-30", "reportedCurrency": "USD", "grossProfit": "526200000", "totalRevenue": "941200000", "costOfRevenue": "415000000", "costofGoodsAndServicesSold": "415000000", "operatingIncome": "147600000", "sellingGeneralAndAdministrative": "106900000", "researchAndDevelopment": "140100000", "operatingExpenses": "378600000", "investmentIncomeNet": "None", "netInterestIncome": "-15300000", "interestIncome": "None", "interestExpense": "15300000", "nonInterestIncome": "None", "otherNonOperatingIncome": "102000000", "depreciation": "None", "depreciationAndAmortization": "42300000", "incomeBeforeTax": "221600000", "incomeTaxExpense": "53600000", "interestAndDebtExpense": "None", "netIncomeFromContinuingOperations": "168000000", "comprehensiveIncomeNetOfTax": "None", "ebit": "140300000", "ebitda": "182600000", "netIncome": "168000000"}, {"fiscalDateEnding": "2022-03-31", "reportedCurrency": "USD", "grossProfit": "549600000", "totalRevenue": "993700000", "costOfRevenue": "444100000", "costofGoodsAndServicesSold": "444100000", "operatingIncome": "156900000", "sellingGeneralAndAdministrative": "101500000", "researchAndDevelopment": "140300000", "operatingExpenses": "385800000", "investmentIncomeNet": "None", "netInterestIncome": "-16000000", "interestIncome": "None", "interestExpense": "16000000", "nonInterestIncome": "None", "otherNonOperatingIncome": "-2400000", "depreciation": "None", "depreciationAndAmortization": "44600000", "incomeBeforeTax": "138500000", "incomeTaxExpense": "28200000", "interestAndDebtExpense": "None", "netIncomeFromContinuingOperations": "110300000", "comprehensiveIncomeNetOfTax": "None", "ebit": "164900000", "ebitda": "209500000", "netIncome": "110300000"}, {"fiscalDateEnding": "2021-12-31", "reportedCurrency": "USD", "grossProfit": "511500000", "totalRevenue": "926000000", "costOfRevenue": "414500000", "costofGoodsAndServicesSold": "414500000", "operatingIncome": "127800000", "sellingGeneralAndAdministrative": "98900000", "researchAndDevelopment": "136400000", "operatingExpenses": "380900000", "investmentIncomeNet": "None", "netInterestIncome": "-16000000", "interestIncome": "None", "interestExpense": "16000000", "nonInterestIncome": "None", "otherNonOperatingIncome": "6300000", "depreciation": "None", "depreciationAndAmortization": "51100000", "incomeBeforeTax": "118100000", "incomeTaxExpense": "2800000", "interestAndDebtExpense": "None", "netIncomeFromContinuingOperations": "115300000", "comprehensiveIncomeNetOfTax": "None", "ebit": "134100000", "ebitda": "185200000", "netIncome": "115300000"}, {"fiscalDateEnding": "2021-09-30", "reportedCurrency": "USD", "grossProfit": "504500000", "totalRevenue": "901400000", "costOfRevenue": "396900000", "costofGoodsAndServicesSold": "396900000", "operatingIncome": "147500000", "sellingGeneralAndAdministrative": "85200000", "researchAndDevelopment": "132500000", "operatingExpenses": "355500000", "investmentIncomeNet": "None", "netInterestIncome": "-15900000", "interestIncome": "None", "interestExpense": "15900000", "nonInterestIncome": "None", "otherNonOperatingIncome": "25100000", "depreciation": "None", "depreciationAndAmortization": "50700000", "incomeBeforeTax": "156700000", "incomeTaxExpense": "32700000", "interestAndDebtExpense": "None", "netIncomeFromContinuingOperations": "124000000", "comprehensiveIncomeNetOfTax": "None", "ebit": "172600000", "ebitda": "223300000", "netIncome": "124000000"}, {"fiscalDateEnding": "2021-06-30", "reportedCurrency": "USD", "grossProfit": "525400000", "totalRevenue": "945200000", "costOfRevenue": "419800000", "costofGoodsAndServicesSold": "419800000", "operatingIncome": "144800000", "sellingGeneralAndAdministrative": "99600000", "researchAndDevelopment": "138300000", "operatingExpenses": "376100000", "investmentIncomeNet": "None", "netInterestIncome": "-16600000", "interestIncome": "None", "interestExpense": "16600000", "nonInterestIncome": "None", "otherNonOperatingIncome": "34200000", "depreciation": "None", "depreciationAndAmortization": "51800000", "incomeBeforeTax": "162400000", "incomeTaxExpense": "23500000", "interestAndDebtExpense": "None", "netIncomeFromContinuingOperations": "138900000", "comprehensiveIncomeNetOfTax": "None", "ebit": "179000000", "ebitda": "230800000", "netIncome": "138900000"}, {"fiscalDateEnding": "2021-03-31", "reportedCurrency": "USD", "grossProfit": "493300000", "totalRevenue": "886500000", "costOfRevenue": "393200000", "costofGoodsAndServicesSold": "393200000", "operatingIncome": "140900000", "sellingGeneralAndAdministrative": "85400000", "researchAndDevelopment": "129400000", "operatingExpenses": "350900000", "investmentIncomeNet": "None", "netInterestIncome": "-16900000", "interestIncome": "None", "interestExpense": "16900000", "nonInterestIncome": "None", "otherNonOperatingIncome": "13400000", "depreciation": "None", "depreciationAndAmortization": "52200000", "incomeBeforeTax": "137400000", "incomeTaxExpense": "22800000", "interestAndDebtExpense": "None", "netIncomeFromContinuingOperations": "114600000", "comprehensiveIncomeNetOfTax": "None", "ebit": "154300000", "ebitda": "206500000", "netIncome": "114500000"}, {"fiscalDateEnding": "2020-12-31", "reportedCurrency": "USD", "grossProfit": "468500000", "totalRevenue": "829700000", "costOfRevenue": "361200000", "costofGoodsAndServicesSold": "361200000", "operatingIncome": "121900000", "sellingGeneralAndAdministrative": "79700000", "researchAndDevelopment": "125800000", "operatingExpenses": "340900000", "investmentIncomeNet": "None", "netInterestIncome": "-17900000", "interestIncome": "None", "interestExpense": "17900000", "nonInterestIncome": "None", "otherNonOperatingIncome": "24300000", "depreciation": "None", "depreciationAndAmortization": "47900000", "incomeBeforeTax": "128300000", "incomeTaxExpense": "-52400000", "interestAndDebtExpense": "None", "netIncomeFromContinuingOperations": "180700000", "comprehensiveIncomeNetOfTax": "None", "ebit": "147500000", "ebitda": "195400000", "netIncome": "180300000"}, {"fiscalDateEnding": "2020-09-30", "reportedCurrency": "USD", "grossProfit": "439700000", "totalRevenue": "792100000", "costOfRevenue": "352400000", "costofGoodsAndServicesSold": "352400000", "operatingIncome": "102000000", "sellingGeneralAndAdministrative": "79400000", "researchAndDevelopment": "117900000", "operatingExpenses": "325600000", "investmentIncomeNet": "None", "netInterestIncome": "-19600000", "interestIncome": "None", "interestExpense": "19600000", "nonInterestIncome": "None", "otherNonOperatingIncome": "14000000", "depreciation": "None", "depreciationAndAmortization": "49900000", "incomeBeforeTax": "96400000", "incomeTaxExpense": "11600000", "interestAndDebtExpense": "None", "netIncomeFromContinuingOperations": "84800000", "comprehensiveIncomeNetOfTax": "None", "ebit": "114400000", "ebitda": "164300000", "netIncome": "84700000"}, {"fiscalDateEnding": "2020-06-30", "reportedCurrency": "USD", "grossProfit": "405700000", "totalRevenue": "733600000", "costOfRevenue": "327900000", "costofGoodsAndServicesSold": "327900000", "operatingIncome": "97600000", "sellingGeneralAndAdministrative": "68800000", "researchAndDevelopment": "114000000", "operatingExpenses": "303000000", "investmentIncomeNet": "None", "netInterestIncome": "-19600000", "interestIncome": "None", "interestExpense": "19600000", "nonInterestIncome": "None", "otherNonOperatingIncome": "12900000", "depreciation": "None", "depreciationAndAmortization": "49500000", "incomeBeforeTax": "90900000", "incomeTaxExpense": "27700000", "interestAndDebtExpense": "None", "netIncomeFromContinuingOperations": "63200000", "comprehensiveIncomeNetOfTax": "None", "ebit": "103100000", "ebitda": "152600000", "netIncome": "63000000"}, {"fiscalDateEnding": "2020-03-31", "reportedCurrency": "USD", "grossProfit": "441000000", "totalRevenue": "792300000", "costOfRevenue": "351300000", "costofGoodsAndServicesSold": "351300000", "operatingIncome": "98300000", "sellingGeneralAndAdministrative": "73000000", "researchAndDevelopment": "118200000", "operatingExpenses": "339800000", "investmentIncomeNet": "None", "netInterestIncome": "-20500000", "interestIncome": "None", "interestExpense": "20500000", "nonInterestIncome": "None", "otherNonOperatingIncome": "1600000", "depreciation": "None", "depreciationAndAmortization": "50200000", "incomeBeforeTax": "79400000", "incomeTaxExpense": "17500000", "interestAndDebtExpense": "None", "netIncomeFromContinuingOperations": "61900000", "comprehensiveIncomeNetOfTax": "None", "ebit": "103200000", "ebitda": "153400000", "netIncome": "61900000"}, {"fiscalDateEnding": "2019-12-31", "reportedCurrency": "USD", "grossProfit": "460000000", "totalRevenue": "824000000", "costOfRevenue": "364000000", "costofGoodsAndServicesSold": "364000000", "operatingIncome": "88200000", "sellingGeneralAndAdministrative": "90700000", "researchAndDevelopment": "119600000", "operatingExpenses": "355000000", "investmentIncomeNet": "None", "netInterestIncome": "-20200000", "interestIncome": "None", "interestExpense": "20200000", "nonInterestIncome": "None", "otherNonOperatingIncome": "None", "depreciation": "None", "depreciationAndAmortization": "48900000", "incomeBeforeTax": "75300000", "incomeTaxExpense": "-204100000", "interestAndDebtExpense": "None", "netIncomeFromContinuingOperations": "279400000", "comprehensiveIncomeNetOfTax": "None", "ebit": "126400000", "ebitda": "175300000", "netIncome": "279300000"}, {"fiscalDateEnding": "2019-09-30", "reportedCurrency": "USD", "grossProfit": "422000000", "totalRevenue": "783900000", "costOfRevenue": "361900000", "costofGoodsAndServicesSold": "361900000", "operatingIncome": "91700000", "sellingGeneralAndAdministrative": "77200000", "researchAndDevelopment": "112300000", "operatingExpenses": "326700000", "investmentIncomeNet": "None", "netInterestIncome": "-19700000", "interestIncome": "None", "interestExpense": "19700000", "nonInterestIncome": "None", "otherNonOperatingIncome": "6900000", "depreciation": "None", "depreciationAndAmortization": "50200000", "incomeBeforeTax": "78900000", "incomeTaxExpense": "800000", "interestAndDebtExpense": "None", "netIncomeFromContinuingOperations": "78100000", "comprehensiveIncomeNetOfTax": "None", "ebit": "95300000", "ebitda": "145500000", "netIncome": "78100000"}, {"fiscalDateEnding": "2019-06-30", "reportedCurrency": "USD", "grossProfit": "460600000", "totalRevenue": "854800000", "costOfRevenue": "394200000", "costofGoodsAndServicesSold": "394200000", "operatingIncome": "109700000", "sellingGeneralAndAdministrative": "79900000", "researchAndDevelopment": "119600000", "operatingExpenses": "348000000", "investmentIncomeNet": "None", "netInterestIncome": "-20600000", "interestIncome": "None", "interestExpense": "20600000", "nonInterestIncome": "None", "otherNonOperatingIncome": "26300000", "depreciation": "None", "depreciationAndAmortization": "53600000", "incomeBeforeTax": "115400000", "incomeTaxExpense": "20800000", "interestAndDebtExpense": "None", "netIncomeFromContinuingOperations": "94600000", "comprehensiveIncomeNetOfTax": "None", "ebit": "112600000", "ebitda": "166200000", "netIncome": "94600000"}, {"fiscalDateEnding": "2019-03-31", "reportedCurrency": "USD", "grossProfit": "438300000", "totalRevenue": "801600000", "costOfRevenue": "363300000", "costofGoodsAndServicesSold": "363300000", "operatingIncome": "86300000", "sellingGeneralAndAdministrative": "82800000", "researchAndDevelopment": "118200000", "operatingExpenses": "348500000", "investmentIncomeNet": "None", "netInterestIncome": "-21900000", "interestIncome": "None", "interestExpense": "21900000", "nonInterestIncome": "None", "otherNonOperatingIncome": "10800000", "depreciation": "None", "depreciationAndAmortization": "54500000", "incomeBeforeTax": "75200000", "incomeTaxExpense": "12800000", "interestAndDebtExpense": "None", "netIncomeFromContinuingOperations": "62400000", "comprehensiveIncomeNetOfTax": "None", "ebit": "90000000", "ebitda": "144500000", "netIncome": "62300000"}, {"fiscalDateEnding": "2018-12-31", "reportedCurrency": "USD", "grossProfit": "435200000", "totalRevenue": "785500000", "costOfRevenue": "350300000", "costofGoodsAndServicesSold": "350300000", "operatingIncome": "89600000", "sellingGeneralAndAdministrative": "87200000", "researchAndDevelopment": "112600000", "operatingExpenses": "343700000", "investmentIncomeNet": "None", "netInterestIncome": "None", "interestIncome": "None", "interestExpense": "22400000", "nonInterestIncome": "None", "otherNonOperatingIncome": "800000", "depreciation": "None", "depreciationAndAmortization": "56100000", "incomeBeforeTax": "68000000", "incomeTaxExpense": "-18800000", "interestAndDebtExpense": "None", "netIncomeFromContinuingOperations": "86800000", "comprehensiveIncomeNetOfTax": "None", "ebit": "128600000", "ebitda": "184700000", "netIncome": "86500000"}, {"fiscalDateEnding": "2018-09-30", "reportedCurrency": "USD", "grossProfit": "426900000", "totalRevenue": "795200000", "costOfRevenue": "368300000", "costofGoodsAndServicesSold": "368300000", "operatingIncome": "77400000", "sellingGeneralAndAdministrative": "91600000", "researchAndDevelopment": "114100000", "operatingExpenses": "347000000", "investmentIncomeNet": "None", "netInterestIncome": "None", "interestIncome": "None", "interestExpense": "22700000", "nonInterestIncome": "None", "otherNonOperatingIncome": "9400000", "depreciation": "None", "depreciationAndAmortization": "58800000", "incomeBeforeTax": "64100000", "incomeTaxExpense": "-9600000", "interestAndDebtExpense": "None", "netIncomeFromContinuingOperations": "73700000", "comprehensiveIncomeNetOfTax": "None", "ebit": "80000000", "ebitda": "138800000", "netIncome": "73700000"}, {"fiscalDateEnding": "2018-06-30", "reportedCurrency": "USD", "grossProfit": "422700000", "totalRevenue": "785500000", "costOfRevenue": "362800000", "costofGoodsAndServicesSold": "362800000", "operatingIncome": "89500000", "sellingGeneralAndAdministrative": "89400000", "researchAndDevelopment": "110100000", "operatingExpenses": "331000000", "investmentIncomeNet": "None", "netInterestIncome": "None", "interestIncome": "None", "interestExpense": "18600000", "nonInterestIncome": "None", "otherNonOperatingIncome": "8300000", "depreciation": "None", "depreciationAndAmortization": "51300000", "incomeBeforeTax": "79200000", "incomeTaxExpense": "15100000", "interestAndDebtExpense": "None", "netIncomeFromContinuingOperations": "64100000", "comprehensiveIncomeNetOfTax": "None", "ebit": "92300000", "ebitda": "143600000", "netIncome": "64100000"}, {"fiscalDateEnding": "2018-03-31", "reportedCurrency": "USD", "grossProfit": "396200000", "totalRevenue": "742200000", "costOfRevenue": "346000000", "costofGoodsAndServicesSold": "346000000", "operatingIncome": "64200000", "sellingGeneralAndAdministrative": "81600000", "researchAndDevelopment": "109300000", "operatingExpenses": "330400000", "investmentIncomeNet": "None", "netInterestIncome": "None", "interestIncome": "None", "interestExpense": "9500000", "nonInterestIncome": "None", "otherNonOperatingIncome": "12000000", "depreciation": "None", "depreciationAndAmortization": "49000000", "incomeBeforeTax": "66700000", "incomeTaxExpense": "8000000", "interestAndDebtExpense": "None", "netIncomeFromContinuingOperations": "58700000", "comprehensiveIncomeNetOfTax": "None", "ebit": "67600000", "ebitda": "116600000", "netIncome": "58500000"}, {"fiscalDateEnding": "2017-12-31", "reportedCurrency": "USD", "grossProfit": "370000000", "totalRevenue": "708400000", "costOfRevenue": "338400000", "costofGoodsAndServicesSold": "338400000", "operatingIncome": "62800000", "sellingGeneralAndAdministrative": "83900000", "researchAndDevelopment": "98100000", "operatingExpenses": "306800000", "investmentIncomeNet": "None", "netInterestIncome": "None", "interestIncome": "None", "interestExpense": "6600000", "nonInterestIncome": "None", "otherNonOperatingIncome": "100000", "depreciation": "None", "depreciationAndAmortization": "47900000", "incomeBeforeTax": "56300000", "incomeTaxExpense": "91200000", "interestAndDebtExpense": "None", "netIncomeFromContinuingOperations": "-34900000", "comprehensiveIncomeNetOfTax": "None", "ebit": "65800000", "ebitda": "113700000", "netIncome": "-35000000"}, {"fiscalDateEnding": "2017-09-30", "reportedCurrency": "USD", "grossProfit": "349500000", "totalRevenue": "670000000", "costOfRevenue": "320500000", "costofGoodsAndServicesSold": "320500000", "operatingIncome": "64000000", "sellingGeneralAndAdministrative": "74000000", "researchAndDevelopment": "92600000", "operatingExpenses": "284200000", "investmentIncomeNet": "None", "netInterestIncome": "None", "interestIncome": "None", "interestExpense": "6300000", "nonInterestIncome": "None", "otherNonOperatingIncome": "11900000", "depreciation": "None", "depreciationAndAmortization": "48700000", "incomeBeforeTax": "69600000", "incomeTaxExpense": "13900000", "interestAndDebtExpense": "None", "netIncomeFromContinuingOperations": "55700000", "comprehensiveIncomeNetOfTax": "None", "ebit": "70100000", "ebitda": "118800000", "netIncome": "55700000"}, {"fiscalDateEnding": "2017-06-30", "reportedCurrency": "USD", "grossProfit": "346500000", "totalRevenue": "661900000", "costOfRevenue": "315400000", "costofGoodsAndServicesSold": "315400000", "operatingIncome": "62600000", "sellingGeneralAndAdministrative": "75100000", "researchAndDevelopment": "90800000", "operatingExpenses": "281600000", "investmentIncomeNet": "None", "netInterestIncome": "None", "interestIncome": "None", "interestExpense": "6000000", "nonInterestIncome": "None", "otherNonOperatingIncome": "11000000", "depreciation": "None", "depreciationAndAmortization": "44600000", "incomeBeforeTax": "67600000", "incomeTaxExpense": "17700000", "interestAndDebtExpense": "None", "netIncomeFromContinuingOperations": "49900000", "comprehensiveIncomeNetOfTax": "None", "ebit": "62300000", "ebitda": "106900000", "netIncome": "49900000"}, {"fiscalDateEnding": "2017-03-31", "reportedCurrency": "USD", "grossProfit": "326600000", "totalRevenue": "613900000", "costOfRevenue": "287300000", "costofGoodsAndServicesSold": "287300000", "operatingIncome": "56600000", "sellingGeneralAndAdministrative": "69300000", "researchAndDevelopment": "88700000", "operatingExpenses": "267100000", "investmentIncomeNet": "None", "netInterestIncome": "None", "interestIncome": "None", "interestExpense": "6100000", "nonInterestIncome": "None", "otherNonOperatingIncome": "15100000", "depreciation": "None", "depreciationAndAmortization": "42200000", "incomeBeforeTax": "65600000", "incomeTaxExpense": "15100000", "interestAndDebtExpense": "None", "netIncomeFromContinuingOperations": "50500000", "comprehensiveIncomeNetOfTax": "None", "ebit": "58200000", "ebitda": "100400000", "netIncome": "50500000"}, {"fiscalDateEnding": "2016-12-31", "reportedCurrency": "USD", "grossProfit": "312800000", "totalRevenue": "585500000", "costOfRevenue": "272700000", "costofGoodsAndServicesSold": "272700000", "operatingIncome": "55300000", "sellingGeneralAndAdministrative": "62900000", "researchAndDevelopment": "83000000", "operatingExpenses": "255700000", "investmentIncomeNet": "None", "netInterestIncome": "None", "interestIncome": "None", "interestExpense": "6100000", "nonInterestIncome": "None", "otherNonOperatingIncome": "7600000", "depreciation": "None", "depreciationAndAmortization": "42700000", "incomeBeforeTax": "56800000", "incomeTaxExpense": "19100000", "interestAndDebtExpense": "None", "netIncomeFromContinuingOperations": "37700000", "comprehensiveIncomeNetOfTax": "None", "ebit": "61000000", "ebitda": "103700000", "netIncome": "37700000"}, {"fiscalDateEnding": "2016-09-30", "reportedCurrency": "USD", "grossProfit": "309000000", "totalRevenue": "584100000", "costOfRevenue": "275100000", "costofGoodsAndServicesSold": "275100000", "operatingIncome": "55300000", "sellingGeneralAndAdministrative": "59200000", "researchAndDevelopment": "86900000", "operatingExpenses": "250200000", "investmentIncomeNet": "None", "netInterestIncome": "None", "interestIncome": "None", "interestExpense": "6600000", "nonInterestIncome": "None", "otherNonOperatingIncome": "3500000", "depreciation": "None", "depreciationAndAmortization": "46400000", "incomeBeforeTax": "52200000", "incomeTaxExpense": "13000000", "interestAndDebtExpense": "None", "netIncomeFromContinuingOperations": "39200000", "comprehensiveIncomeNetOfTax": "None", "ebit": "60200000", "ebitda": "106600000", "netIncome": "39200000"}, {"fiscalDateEnding": "2016-06-30", "reportedCurrency": "USD", "grossProfit": "315600000", "totalRevenue": "609600000", "costOfRevenue": "294000000", "costofGoodsAndServicesSold": "294000000", "operatingIncome": "40500000", "sellingGeneralAndAdministrative": "65600000", "researchAndDevelopment": "92000000", "operatingExpenses": "270600000", "investmentIncomeNet": "None", "netInterestIncome": "None", "interestIncome": "None", "interestExpense": "6600000", "nonInterestIncome": "None", "otherNonOperatingIncome": "4400000", "depreciation": "None", "depreciationAndAmortization": "49300000", "incomeBeforeTax": "38300000", "incomeTaxExpense": "2700000", "interestAndDebtExpense": "None", "netIncomeFromContinuingOperations": "35600000", "comprehensiveIncomeNetOfTax": "None", "ebit": "46300000", "ebitda": "95600000", "netIncome": "35700000"}, {"fiscalDateEnding": "2016-03-31", "reportedCurrency": "USD", "grossProfit": "300600000", "totalRevenue": "583000000", "costOfRevenue": "282400000", "costofGoodsAndServicesSold": "282400000", "operatingIncome": "29900000", "sellingGeneralAndAdministrative": "68300000", "researchAndDevelopment": "87700000", "operatingExpenses": "268900000", "investmentIncomeNet": "None", "netInterestIncome": "None", "interestIncome": "None", "interestExpense": "6600000", "nonInterestIncome": "None", "otherNonOperatingIncome": "6100000", "depreciation": "None", "depreciationAndAmortization": "49400000", "incomeBeforeTax": "29400000", "incomeTaxExpense": "9700000", "interestAndDebtExpense": "None", "netIncomeFromContinuingOperations": "19700000", "comprehensiveIncomeNetOfTax": "None", "ebit": "33600000", "ebitda": "83000000", "netIncome": "19800000"}, {"fiscalDateEnding": "2015-12-31", "reportedCurrency": "USD", "grossProfit": "293100000", "totalRevenue": "559700000", "costOfRevenue": "266600000", "costofGoodsAndServicesSold": "266600000", "operatingIncome": "32900000", "sellingGeneralAndAdministrative": "63200000", "researchAndDevelopment": "85400000", "operatingExpenses": "257800000", "investmentIncomeNet": "None", "netInterestIncome": "None", "interestIncome": "None", "interestExpense": "6500000", "nonInterestIncome": "None", "otherNonOperatingIncome": "1900000", "depreciation": "None", "depreciationAndAmortization": "49900000", "incomeBeforeTax": "28300000", "incomeTaxExpense": "4400000", "interestAndDebtExpense": "None", "netIncomeFromContinuingOperations": "23900000", "comprehensiveIncomeNetOfTax": "None", "ebit": "38100000", "ebitda": "88000000", "netIncome": "24000000"}, {"fiscalDateEnding": "2015-09-30", "reportedCurrency": "USD", "grossProfit": "298000000", "totalRevenue": "562300000", "costOfRevenue": "264300000", "costofGoodsAndServicesSold": "264300000", "operatingIncome": "46000000", "sellingGeneralAndAdministrative": "63200000", "researchAndDevelopment": "79600000", "operatingExpenses": "249300000", "investmentIncomeNet": "None", "netInterestIncome": "None", "interestIncome": "None", "interestExpense": "6400000", "nonInterestIncome": "None", "otherNonOperatingIncome": "3900000", "depreciation": "None", "depreciationAndAmortization": "49800000", "incomeBeforeTax": "43500000", "incomeTaxExpense": "6500000", "interestAndDebtExpense": "None", "netIncomeFromContinuingOperations": "37000000", "comprehensiveIncomeNetOfTax": "None", "ebit": "51700000", "ebitda": "101500000", "netIncome": "37100000"}, {"fiscalDateEnding": "2015-06-30", "reportedCurrency": "USD", "grossProfit": "303900000", "totalRevenue": "585800000", "costOfRevenue": "281900000", "costofGoodsAndServicesSold": "281900000", "operatingIncome": "36000000", "sellingGeneralAndAdministrative": "64200000", "researchAndDevelopment": "84500000", "operatingExpenses": "262700000", "investmentIncomeNet": "None", "netInterestIncome": "None", "interestIncome": "None", "interestExpense": "6300000", "nonInterestIncome": "None", "otherNonOperatingIncome": "6100000", "depreciation": "None", "depreciationAndAmortization": "50000000", "incomeBeforeTax": "35800000", "incomeTaxExpense": "10000000", "interestAndDebtExpense": "None", "netIncomeFromContinuingOperations": "25800000", "comprehensiveIncomeNetOfTax": "None", "ebit": "44300000", "ebitda": "94300000", "netIncome": "25900000"}, {"fiscalDateEnding": "2015-03-31", "reportedCurrency": "USD", "grossProfit": "307200000", "totalRevenue": "582600000", "costOfRevenue": "275400000", "costofGoodsAndServicesSold": "275400000", "operatingIncome": "39500000", "sellingGeneralAndAdministrative": "64700000", "researchAndDevelopment": "87200000", "operatingExpenses": "266600000", "investmentIncomeNet": "None", "netInterestIncome": "None", "interestIncome": "None", "interestExpense": "6400000", "nonInterestIncome": "None", "otherNonOperatingIncome": "11100000", "depreciation": "None", "depreciationAndAmortization": "49400000", "incomeBeforeTax": "44200000", "incomeTaxExpense": "10200000", "interestAndDebtExpense": "None", "netIncomeFromContinuingOperations": "34000000", "comprehensiveIncomeNetOfTax": "None", "ebit": "43600000", "ebitda": "93000000", "netIncome": "34100000"}, {"fiscalDateEnding": "2014-12-31", "reportedCurrency": "USD", "grossProfit": "292608000", "totalRevenue": "563830000", "costOfRevenue": "271222000", "costofGoodsAndServicesSold": "271222000", "operatingIncome": "76889000", "sellingGeneralAndAdministrative": "16924000", "researchAndDevelopment": "80855000", "operatingExpenses": "215323000", "investmentIncomeNet": "None", "netInterestIncome": "None", "interestIncome": "None", "interestExpense": "8859000", "nonInterestIncome": "None", "otherNonOperatingIncome": "3587000", "depreciation": "None", "depreciationAndAmortization": "49804000", "incomeBeforeTax": "71617000", "incomeTaxExpense": "15756000", "interestAndDebtExpense": "None", "netIncomeFromContinuingOperations": "55861000", "comprehensiveIncomeNetOfTax": "None", "ebit": "80476000", "ebitda": "130280000", "netIncome": "55828000"}, {"fiscalDateEnding": "2014-09-30", "reportedCurrency": "USD", "grossProfit": "316773000", "totalRevenue": "584796000", "costOfRevenue": "268023000", "costofGoodsAndServicesSold": "268023000", "operatingIncome": "11089000", "sellingGeneralAndAdministrative": "111399000", "researchAndDevelopment": "78954000", "operatingExpenses": "305465000", "investmentIncomeNet": "None", "netInterestIncome": "None", "interestIncome": "None", "interestExpense": "2975000", "nonInterestIncome": "None", "otherNonOperatingIncome": "-959000", "depreciation": "None", "depreciationAndAmortization": "47773000", "incomeBeforeTax": "7155000", "incomeTaxExpense": "-4720000", "interestAndDebtExpense": "None", "netIncomeFromContinuingOperations": "11875000", "comprehensiveIncomeNetOfTax": "None", "ebit": "68127000", "ebitda": "115900000", "netIncome": "11832000"}, {"fiscalDateEnding": "2014-06-30", "reportedCurrency": "USD", "grossProfit": "354571000", "totalRevenue": "642199000", "costOfRevenue": "287628000", "costofGoodsAndServicesSold": "287628000", "operatingIncome": "97134000", "sellingGeneralAndAdministrative": "61364000", "researchAndDevelopment": "81807000", "operatingExpenses": "256648000", "investmentIncomeNet": "None", "netInterestIncome": "None", "interestIncome": "None", "interestExpense": "3164000", "nonInterestIncome": "None", "otherNonOperatingIncome": "4798000", "depreciation": "None", "depreciationAndAmortization": "45975000", "incomeBeforeTax": "98768000", "incomeTaxExpense": "20741000", "interestAndDebtExpense": "None", "netIncomeFromContinuingOperations": "78027000", "comprehensiveIncomeNetOfTax": "None", "ebit": "100125000", "ebitda": "146100000", "netIncome": "77834000"}, {"fiscalDateEnding": "2014-03-31", "reportedCurrency": "USD", "grossProfit": "326892000", "totalRevenue": "604721000", "costOfRevenue": "277829000", "costofGoodsAndServicesSold": "277829000", "operatingIncome": "75711000", "sellingGeneralAndAdministrative": "57433000", "researchAndDevelopment": "76376000", "operatingExpenses": "250844000", "investmentIncomeNet": "None", "netInterestIncome": "None", "interestIncome": "None", "interestExpense": "3683000", "nonInterestIncome": "None", "otherNonOperatingIncome": "16447000", "depreciation": "None", "depreciationAndAmortization": "48089000", "incomeBeforeTax": "88475000", "incomeTaxExpense": "20350000", "interestAndDebtExpense": "None", "netIncomeFromContinuingOperations": "68125000", "comprehensiveIncomeNetOfTax": "None", "ebit": "77511000", "ebitda": "125600000", "netIncome": "68624000"}, {"fiscalDateEnding": "2013-12-31", "reportedCurrency": "USD", "grossProfit": "319454000", "totalRevenue": "599218000", "costOfRevenue": "279764000", "costofGoodsAndServicesSold": "279764000", "operatingIncome": "67346000", "sellingGeneralAndAdministrative": "58498000", "researchAndDevelopment": "77636000", "operatingExpenses": "250750000", "investmentIncomeNet": "None", "netInterestIncome": "None", "interestIncome": "None", "interestExpense": "4134000", "nonInterestIncome": "None", "otherNonOperatingIncome": "3080000", "depreciation": "None", "depreciationAndAmortization": "49234000", "incomeBeforeTax": "66292000", "incomeTaxExpense": "6631000", "interestAndDebtExpense": "None", "netIncomeFromContinuingOperations": "59661000", "comprehensiveIncomeNetOfTax": "None", "ebit": "72994000", "ebitda": "122228000", "netIncome": "59997000"}, {"fiscalDateEnding": "2013-09-30", "reportedCurrency": "USD", "grossProfit": "295053000", "totalRevenue": "556502000", "costOfRevenue": "261449000", "costofGoodsAndServicesSold": "261449000", "operatingIncome": "63029000", "sellingGeneralAndAdministrative": "53648000", "researchAndDevelopment": "71622000", "operatingExpenses": "231993000", "investmentIncomeNet": "None", "netInterestIncome": "None", "interestIncome": "None", "interestExpense": "4122000", "nonInterestIncome": "None", "otherNonOperatingIncome": "4605000", "depreciation": "None", "depreciationAndAmortization": "48394000", "incomeBeforeTax": "63512000", "incomeTaxExpense": "8892000", "interestAndDebtExpense": "None", "netIncomeFromContinuingOperations": "54620000", "comprehensiveIncomeNetOfTax": "None", "ebit": "66337000", "ebitda": "114731000", "netIncome": "54469000"}, {"fiscalDateEnding": "2013-06-30", "reportedCurrency": "USD", "grossProfit": "302401000", "totalRevenue": "576293000", "costOfRevenue": "273892000", "costofGoodsAndServicesSold": "273892000", "operatingIncome": "64905000", "sellingGeneralAndAdministrative": "52760000", "researchAndDevelopment": "76555000", "operatingExpenses": "234530000", "investmentIncomeNet": "None", "netInterestIncome": "None", "interestIncome": "None", "interestExpense": "4255000", "nonInterestIncome": "None", "otherNonOperatingIncome": "8041000", "depreciation": "None", "depreciationAndAmortization": "46424000", "incomeBeforeTax": "68691000", "incomeTaxExpense": "13738000", "interestAndDebtExpense": "None", "netIncomeFromContinuingOperations": "54953000", "comprehensiveIncomeNetOfTax": "None", "ebit": "72946000", "ebitda": "119370000", "netIncome": "54581000"}, {"fiscalDateEnding": "2013-03-31", "reportedCurrency": "USD", "grossProfit": "286914000", "totalRevenue": "556111000", "costOfRevenue": "269197000", "costofGoodsAndServicesSold": "269197000", "operatingIncome": "56457000", "sellingGeneralAndAdministrative": "51970000", "researchAndDevelopment": "73608000", "operatingExpenses": "228852000", "investmentIncomeNet": "None", "netInterestIncome": "None", "interestIncome": "None", "interestExpense": "5071000", "nonInterestIncome": "None", "otherNonOperatingIncome": "2983000", "depreciation": "None", "depreciationAndAmortization": "45525000", "incomeBeforeTax": "54369000", "incomeTaxExpense": "5437000", "interestAndDebtExpense": "None", "netIncomeFromContinuingOperations": "48932000", "comprehensiveIncomeNetOfTax": "None", "ebit": "59440000", "ebitda": "104965000", "netIncome": "49808000"}, {"fiscalDateEnding": "2012-12-31", "reportedCurrency": "USD", "grossProfit": "256464000", "totalRevenue": "515523000", "costOfRevenue": "259059000", "costofGoodsAndServicesSold": "259059000", "operatingIncome": "30329000", "sellingGeneralAndAdministrative": "53207000", "researchAndDevelopment": "70737000", "operatingExpenses": "225802000", "investmentIncomeNet": "None", "netInterestIncome": "None", "interestIncome": "None", "interestExpense": "4796000", "nonInterestIncome": "None", "otherNonOperatingIncome": "13079000", "depreciation": "None", "depreciationAndAmortization": "43173000", "incomeBeforeTax": "38984000", "incomeTaxExpense": "6305000", "interestAndDebtExpense": "None", "netIncomeFromContinuingOperations": "32679000", "comprehensiveIncomeNetOfTax": "None", "ebit": "43780000", "ebitda": "86953000", "netIncome": "33186000"}, {"fiscalDateEnding": "2012-09-30", "reportedCurrency": "USD", "grossProfit": "262867000", "totalRevenue": "504763000", "costOfRevenue": "241896000", "costofGoodsAndServicesSold": "241896000", "operatingIncome": "63470000", "sellingGeneralAndAdministrative": "45722000", "researchAndDevelopment": "61181000", "operatingExpenses": "199096000", "investmentIncomeNet": "None", "netInterestIncome": "None", "interestIncome": "None", "interestExpense": "3925000", "nonInterestIncome": "None", "otherNonOperatingIncome": "7277000", "depreciation": "None", "depreciationAndAmortization": "37050000", "incomeBeforeTax": "66822000", "incomeTaxExpense": "13022000", "interestAndDebtExpense": "None", "netIncomeFromContinuingOperations": "53800000", "comprehensiveIncomeNetOfTax": "None", "ebit": "70747000", "ebitda": "107797000", "netIncome": "53364000"}, {"fiscalDateEnding": "2012-06-30", "reportedCurrency": "USD", "grossProfit": "267696000", "totalRevenue": "517560000", "costOfRevenue": "249864000", "costofGoodsAndServicesSold": "249864000", "operatingIncome": "58921000", "sellingGeneralAndAdministrative": "49987000", "researchAndDevelopment": "64305000", "operatingExpenses": "207663000", "investmentIncomeNet": "None", "netInterestIncome": "None", "interestIncome": "None", "interestExpense": "3773000", "nonInterestIncome": "None", "otherNonOperatingIncome": "8143000", "depreciation": "None", "depreciationAndAmortization": "34816000", "incomeBeforeTax": "63291000", "incomeTaxExpense": "10126000", "interestAndDebtExpense": "None", "netIncomeFromContinuingOperations": "53165000", "comprehensiveIncomeNetOfTax": "None", "ebit": "67064000", "ebitda": "101880000", "netIncome": "53692000"}, {"fiscalDateEnding": "2012-03-31", "reportedCurrency": "USD", "grossProfit": "259150000", "totalRevenue": "502267000", "costOfRevenue": "243117000", "costofGoodsAndServicesSold": "243117000", "operatingIncome": "59848000", "sellingGeneralAndAdministrative": "46886000", "researchAndDevelopment": "60235000", "operatingExpenses": "198821000", "investmentIncomeNet": "None", "netInterestIncome": "None", "interestIncome": "None", "interestExpense": "4235000", "nonInterestIncome": "None", "otherNonOperatingIncome": "4714000", "depreciation": "None", "depreciationAndAmortization": "34359000", "incomeBeforeTax": "60327000", "incomeTaxExpense": "10255000", "interestAndDebtExpense": "None", "netIncomeFromContinuingOperations": "50072000", "comprehensiveIncomeNetOfTax": "None", "ebit": "64190000", "ebitda": "98549000", "netIncome": "50818000"}, {"fiscalDateEnding": "2011-12-31", "reportedCurrency": "USD", "grossProfit": "217758000", "totalRevenue": "435170000", "costOfRevenue": "217412000", "costofGoodsAndServicesSold": "217412000", "operatingIncome": "28712000", "sellingGeneralAndAdministrative": "43658000", "researchAndDevelopment": "57555000", "operatingExpenses": "188533000", "investmentIncomeNet": "None", "netInterestIncome": "None", "interestIncome": "None", "interestExpense": "3431000", "nonInterestIncome": "None", "otherNonOperatingIncome": "5809000", "depreciation": "None", "depreciationAndAmortization": "34239000", "incomeBeforeTax": "31090000", "incomeTaxExpense": "2427000", "interestAndDebtExpense": "None", "netIncomeFromContinuingOperations": "28663000", "comprehensiveIncomeNetOfTax": "None", "ebit": "34521000", "ebitda": "68760000", "netIncome": "29403000"}, {"fiscalDateEnding": "2011-09-30", "reportedCurrency": "USD", "grossProfit": "211559000", "totalRevenue": "417433000", "costOfRevenue": "205874000", "costofGoodsAndServicesSold": "205874000", "operatingIncome": "32448000", "sellingGeneralAndAdministrative": "44088000", "researchAndDevelopment": "49928000", "operatingExpenses": "178464000", "investmentIncomeNet": "None", "netInterestIncome": "None", "interestIncome": "None", "interestExpense": "3364000", "nonInterestIncome": "None", "otherNonOperatingIncome": "801000", "depreciation": "None", "depreciationAndAmortization": "29614000", "incomeBeforeTax": "29885000", "incomeTaxExpense": "2689000", "interestAndDebtExpense": "None", "netIncomeFromContinuingOperations": "27196000", "comprehensiveIncomeNetOfTax": "None", "ebit": "32827000", "ebitda": "62441000", "netIncome": "27971000"}, {"fiscalDateEnding": "2011-06-30", "reportedCurrency": "USD", "grossProfit": "208734000", "totalRevenue": "407169000", "costOfRevenue": "198435000", "costofGoodsAndServicesSold": "198435000", "operatingIncome": "51567000", "sellingGeneralAndAdministrative": "37157000", "researchAndDevelopment": "46292000", "operatingExpenses": "156806000", "investmentIncomeNet": "None", "netInterestIncome": "None", "interestIncome": "None", "interestExpense": "1350000", "nonInterestIncome": "None", "otherNonOperatingIncome": "9981000", "depreciation": "None", "depreciationAndAmortization": "21148000", "incomeBeforeTax": "60198000", "incomeTaxExpense": "6020000", "interestAndDebtExpense": "None", "netIncomeFromContinuingOperations": "54178000", "comprehensiveIncomeNetOfTax": "None", "ebit": "61229000", "ebitda": "82377000", "netIncome": "53679000"}, {"fiscalDateEnding": "2011-03-31", "reportedCurrency": "USD", "grossProfit": "191530000", "totalRevenue": "384293000", "costOfRevenue": "192763000", "costofGoodsAndServicesSold": "192763000", "operatingIncome": "43675000", "sellingGeneralAndAdministrative": "33472000", "researchAndDevelopment": "43232000", "operatingExpenses": "147088000", "investmentIncomeNet": "None", "netInterestIncome": "None", "interestIncome": "None", "interestExpense": "496000", "nonInterestIncome": "None", "otherNonOperatingIncome": "3102000", "depreciation": "None", "depreciationAndAmortization": "20668000", "incomeBeforeTax": "46281000", "incomeTaxExpense": "7409000", "interestAndDebtExpense": "None", "netIncomeFromContinuingOperations": "38872000", "comprehensiveIncomeNetOfTax": "None", "ebit": "46777000", "ebitda": "67445000", "netIncome": "39703000"}, {"fiscalDateEnding": "2010-12-31", "reportedCurrency": "USD", "grossProfit": "163330000", "totalRevenue": "323349000", "costOfRevenue": "160019000", "costofGoodsAndServicesSold": "160019000", "operatingIncome": "19256000", "sellingGeneralAndAdministrative": "32878000", "researchAndDevelopment": "40750000", "operatingExpenses": "143726000", "investmentIncomeNet": "None", "netInterestIncome": "None", "interestIncome": "None", "interestExpense": "367000", "nonInterestIncome": "None", "otherNonOperatingIncome": "None", "depreciation": "None", "depreciationAndAmortization": "20362000", "incomeBeforeTax": "22261000", "incomeTaxExpense": "-13587000", "interestAndDebtExpense": "None", "netIncomeFromContinuingOperations": "0", "comprehensiveIncomeNetOfTax": "None", "ebit": "22628000", "ebitda": "42990000", "netIncome": "36564000"}, {"fiscalDateEnding": "2010-09-30", "reportedCurrency": "USD", "grossProfit": "159748000", "totalRevenue": "318210000", "costOfRevenue": "158462000", "costofGoodsAndServicesSold": "158462000", "operatingIncome": "31670000", "sellingGeneralAndAdministrative": "29637000", "researchAndDevelopment": "36897000", "operatingExpenses": "127840000", "investmentIncomeNet": "None", "netInterestIncome": "None", "interestIncome": "None", "interestExpense": "576000", "nonInterestIncome": "None", "otherNonOperatingIncome": "7235000", "depreciation": "None", "depreciationAndAmortization": "19006000", "incomeBeforeTax": "38329000", "incomeTaxExpense": "5487000", "interestAndDebtExpense": "None", "netIncomeFromContinuingOperations": "32842000", "comprehensiveIncomeNetOfTax": "None", "ebit": "38905000", "ebitda": "57911000", "netIncome": "32845000"}, {"fiscalDateEnding": "2010-06-30", "reportedCurrency": "USD", "grossProfit": "163426000", "totalRevenue": "333363000", "costOfRevenue": "169937000", "costofGoodsAndServicesSold": "169937000", "operatingIncome": "40561000", "sellingGeneralAndAdministrative": "27290000", "researchAndDevelopment": "36552000", "operatingExpenses": "122490000", "investmentIncomeNet": "None", "netInterestIncome": "None", "interestIncome": "None", "interestExpense": "411000", "nonInterestIncome": "None", "otherNonOperatingIncome": "697000", "depreciation": "None", "depreciationAndAmortization": "18201000", "incomeBeforeTax": "40847000", "incomeTaxExpense": "34076000", "interestAndDebtExpense": "None", "netIncomeFromContinuingOperations": "6771000", "comprehensiveIncomeNetOfTax": "None", "ebit": "41258000", "ebitda": "59459000", "netIncome": "6353000"}, {"fiscalDateEnding": "2010-03-31", "reportedCurrency": "USD", "grossProfit": "158997000", "totalRevenue": "319015000", "costOfRevenue": "160018000", "costofGoodsAndServicesSold": "160018000", "operatingIncome": "36115000", "sellingGeneralAndAdministrative": "28547000", "researchAndDevelopment": "35890000", "operatingExpenses": "122251000", "investmentIncomeNet": "None", "netInterestIncome": "None", "interestIncome": "None", "interestExpense": "398000", "nonInterestIncome": "None", "otherNonOperatingIncome": "None", "depreciation": "None", "depreciationAndAmortization": "18268000", "incomeBeforeTax": "39650000", "incomeTaxExpense": "11498000", "interestAndDebtExpense": "None", "netIncomeFromContinuingOperations": "0", "comprehensiveIncomeNetOfTax": "None", "ebit": "40048000", "ebitda": "58316000", "netIncome": "27898000"}, {"fiscalDateEnding": "2009-12-31", "reportedCurrency": "USD", "grossProfit": "130652000", "totalRevenue": "277529000", "costOfRevenue": "146877000", "costofGoodsAndServicesSold": "146877000", "operatingIncome": "12677000", "sellingGeneralAndAdministrative": "24929000", "researchAndDevelopment": "35795000", "operatingExpenses": "117387000", "investmentIncomeNet": "None", "netInterestIncome": "None", "interestIncome": "None", "interestExpense": "404000", "nonInterestIncome": "None", "otherNonOperatingIncome": "None", "depreciation": "None", "depreciationAndAmortization": "18558000", "incomeBeforeTax": "12683000", "incomeTaxExpense": "3414000", "interestAndDebtExpense": "None", "netIncomeFromContinuingOperations": "0", "comprehensiveIncomeNetOfTax": "None", "ebit": "13087000", "ebitda": "31645000", "netIncome": "9547000"}, {"fiscalDateEnding": "2009-09-30", "reportedCurrency": "USD", "grossProfit": "132458000", "totalRevenue": "269713000", "costOfRevenue": "137255000", "costofGoodsAndServicesSold": "137255000", "operatingIncome": "20165000", "sellingGeneralAndAdministrative": "23237000", "researchAndDevelopment": "33250000", "operatingExpenses": "111421000", "investmentIncomeNet": "None", "netInterestIncome": "None", "interestIncome": "None", "interestExpense": "450000", "nonInterestIncome": "None", "otherNonOperatingIncome": "None", "depreciation": "None", "depreciationAndAmortization": "18490000", "incomeBeforeTax": "21561000", "incomeTaxExpense": "5714000", "interestAndDebtExpense": "None", "netIncomeFromContinuingOperations": "0", "comprehensiveIncomeNetOfTax": "None", "ebit": "22011000", "ebitda": "40501000", "netIncome": "15577000"}, {"fiscalDateEnding": "2009-06-30", "reportedCurrency": "USD", "grossProfit": "142800000", "totalRevenue": "290063000", "costOfRevenue": "147263000", "costofGoodsAndServicesSold": "147263000", "operatingIncome": "28726000", "sellingGeneralAndAdministrative": "26622000", "researchAndDevelopment": "33457000", "operatingExpenses": "112772000", "investmentIncomeNet": "None", "netInterestIncome": "None", "interestIncome": "None", "interestExpense": "465000", "nonInterestIncome": "None", "otherNonOperatingIncome": "None", "depreciation": "None", "depreciationAndAmortization": "7530000", "incomeBeforeTax": "29781000", "incomeTaxExpense": "8631000", "interestAndDebtExpense": "None", "netIncomeFromContinuingOperations": "0", "comprehensiveIncomeNetOfTax": "None", "ebit": "30251000", "ebitda": "37781000", "netIncome": "20857000"}, {"fiscalDateEnding": "2009-03-31", "reportedCurrency": "USD", "grossProfit": "143958000", "totalRevenue": "288954000", "costOfRevenue": "144996000", "costofGoodsAndServicesSold": "144996000", "operatingIncome": "24252000", "sellingGeneralAndAdministrative": "26042000", "researchAndDevelopment": "34137000", "operatingExpenses": "116083000", "investmentIncomeNet": "None", "netInterestIncome": "None", "interestIncome": "None", "interestExpense": "493000", "nonInterestIncome": "None", "otherNonOperatingIncome": "None", "depreciation": "None", "depreciationAndAmortization": "16761000", "incomeBeforeTax": "23596000", "incomeTaxExpense": "5899000", "interestAndDebtExpense": "None", "netIncomeFromContinuingOperations": "0", "comprehensiveIncomeNetOfTax": "None", "ebit": "24089000", "ebitda": "40850000", "netIncome": "17465000"}, {"fiscalDateEnding": "2008-12-31", "reportedCurrency": "USD", "grossProfit": "122038000", "totalRevenue": "268084000", "costOfRevenue": "146046000", "costofGoodsAndServicesSold": "146046000", "operatingIncome": "10440000", "sellingGeneralAndAdministrative": "23937000", "researchAndDevelopment": "36168000", "operatingExpenses": "111311000", "investmentIncomeNet": "None", "netInterestIncome": "None", "interestIncome": "None", "interestExpense": "1371000", "nonInterestIncome": "None", "otherNonOperatingIncome": "None", "depreciation": "None", "depreciationAndAmortization": "16827000", "incomeBeforeTax": "9489000", "incomeTaxExpense": "-4250000", "interestAndDebtExpense": "None", "netIncomeFromContinuingOperations": "0", "comprehensiveIncomeNetOfTax": "None", "ebit": "10727000", "ebitda": "27554000", "netIncome": "13739000"}, {"fiscalDateEnding": "2008-09-30", "reportedCurrency": "USD", "grossProfit": "165623000", "totalRevenue": "328087000", "costOfRevenue": "162464000", "costofGoodsAndServicesSold": "162464000", "operatingIncome": "54056000", "sellingGeneralAndAdministrative": "22072000", "researchAndDevelopment": "35348000", "operatingExpenses": "111546000", "investmentIncomeNet": "None", "netInterestIncome": "None", "interestIncome": "None", "interestExpense": "214000", "nonInterestIncome": "None", "otherNonOperatingIncome": "None", "depreciation": "None", "depreciationAndAmortization": "16257000", "incomeBeforeTax": "55619000", "incomeTaxExpense": "16552000", "interestAndDebtExpense": "None", "netIncomeFromContinuingOperations": "0", "comprehensiveIncomeNetOfTax": "None", "ebit": "55777000", "ebitda": "72034000", "netIncome": "39067000"}, {"fiscalDateEnding": "2008-06-30", "reportedCurrency": "USD", "grossProfit": "187099000", "totalRevenue": "377767000", "costOfRevenue": "190668000", "costofGoodsAndServicesSold": "190668000", "operatingIncome": "62924000", "sellingGeneralAndAdministrative": "25289000", "researchAndDevelopment": "39405000", "operatingExpenses": "121761000", "investmentIncomeNet": "None", "netInterestIncome": "None", "interestIncome": "None", "interestExpense": "413000", "nonInterestIncome": "None", "otherNonOperatingIncome": "None", "depreciation": "None", "depreciationAndAmortization": "15779000", "incomeBeforeTax": "67043000", "incomeTaxExpense": "18444000", "interestAndDebtExpense": "None", "netIncomeFromContinuingOperations": "0", "comprehensiveIncomeNetOfTax": "None", "ebit": "67343000", "ebitda": "83122000", "netIncome": "48599000"}, {"fiscalDateEnding": "2008-03-31", "reportedCurrency": "USD", "grossProfit": "174376000", "totalRevenue": "355296000", "costOfRevenue": "180920000", "costofGoodsAndServicesSold": "180920000", "operatingIncome": "58040000", "sellingGeneralAndAdministrative": "22690000", "researchAndDevelopment": "37345000", "operatingExpenses": "116336000", "investmentIncomeNet": "None", "netInterestIncome": "None", "interestIncome": "None", "interestExpense": "762000", "nonInterestIncome": "None", "otherNonOperatingIncome": "None", "depreciation": "None", "depreciationAndAmortization": "15419000", "incomeBeforeTax": "59811000", "incomeTaxExpense": "19744000", "interestAndDebtExpense": "None", "netIncomeFromContinuingOperations": "0", "comprehensiveIncomeNetOfTax": "None", "ebit": "60573000", "ebitda": "75992000", "netIncome": "40067000"}, {"fiscalDateEnding": "2007-12-31", "reportedCurrency": "USD", "grossProfit": "155666000", "totalRevenue": "312783000", "costOfRevenue": "157117000", "costofGoodsAndServicesSold": "157117000", "operatingIncome": "39263000", "sellingGeneralAndAdministrative": "25372000", "researchAndDevelopment": "34731000", "operatingExpenses": "116403000", "investmentIncomeNet": "None", "netInterestIncome": "None", "interestIncome": "None", "interestExpense": "1126000", "nonInterestIncome": "None", "otherNonOperatingIncome": "None", "depreciation": "None", "depreciationAndAmortization": "14664000", "incomeBeforeTax": "40535000", "incomeTaxExpense": "14244000", "interestAndDebtExpense": "None", "netIncomeFromContinuingOperations": "0", "comprehensiveIncomeNetOfTax": "None", "ebit": "39263000", "ebitda": "53927000", "netIncome": "26291000"}, {"fiscalDateEnding": "2007-09-30", "reportedCurrency": "USD", "grossProfit": "146940000", "totalRevenue": "296023000", "costOfRevenue": "149083000", "costofGoodsAndServicesSold": "149083000", "operatingIncome": "43786000", "sellingGeneralAndAdministrative": "21262000", "researchAndDevelopment": "31707000", "operatingExpenses": "103154000", "investmentIncomeNet": "None", "netInterestIncome": "None", "interestIncome": "None", "interestExpense": "1616000", "nonInterestIncome": "None", "otherNonOperatingIncome": "None", "depreciation": "None", "depreciationAndAmortization": "14585000", "incomeBeforeTax": "44875000", "incomeTaxExpense": "17501000", "interestAndDebtExpense": "None", "netIncomeFromContinuingOperations": "0", "comprehensiveIncomeNetOfTax": "None", "ebit": "29201000", "ebitda": "43786000", "netIncome": "27374000"}, {"fiscalDateEnding": "2007-06-30", "reportedCurrency": "USD", "grossProfit": "167169000", "totalRevenue": "327732000", "costOfRevenue": "160563000", "costofGoodsAndServicesSold": "160563000", "operatingIncome": "55950000", "sellingGeneralAndAdministrative": "24278000", "researchAndDevelopment": "33867000", "operatingExpenses": "110886000", "investmentIncomeNet": "None", "netInterestIncome": "None", "interestIncome": "None", "interestExpense": "2459000", "nonInterestIncome": "None", "otherNonOperatingIncome": "None", "depreciation": "None", "depreciationAndAmortization": "14910000", "incomeBeforeTax": "56221000", "incomeTaxExpense": "21195000", "interestAndDebtExpense": "None", "netIncomeFromContinuingOperations": "0", "comprehensiveIncomeNetOfTax": "None", "ebit": "56283000", "ebitda": "71193000", "netIncome": "35026000"}, {"fiscalDateEnding": "2007-03-31", "reportedCurrency": "USD", "grossProfit": "143130000", "totalRevenue": "285732000", "costOfRevenue": "142602000", "costofGoodsAndServicesSold": "142602000", "operatingIncome": "39268000", "sellingGeneralAndAdministrative": "21642000", "researchAndDevelopment": "31163000", "operatingExpenses": "99058000", "investmentIncomeNet": "None", "netInterestIncome": "None", "interestIncome": "None", "interestExpense": "157000", "nonInterestIncome": "None", "otherNonOperatingIncome": "None", "depreciation": "None", "depreciationAndAmortization": "12015000", "incomeBeforeTax": "42125000", "incomeTaxExpense": "13442000", "interestAndDebtExpense": "None", "netIncomeFromContinuingOperations": "0", "comprehensiveIncomeNetOfTax": "None", "ebit": "44072000", "ebitda": "56087000", "netIncome": "28683000"}, {"fiscalDateEnding": "2006-12-31", "reportedCurrency": "USD", "grossProfit": "115772000", "totalRevenue": "234120000", "costOfRevenue": "118348000", "costofGoodsAndServicesSold": "118348000", "operatingIncome": "27302000", "sellingGeneralAndAdministrative": "18433000", "researchAndDevelopment": "26606000", "operatingExpenses": "87540000", "investmentIncomeNet": "None", "netInterestIncome": "None", "interestIncome": "None", "interestExpense": "2905000", "nonInterestIncome": "None", "otherNonOperatingIncome": "None", "depreciation": "None", "depreciationAndAmortization": "7806000", "incomeBeforeTax": "32039000", "incomeTaxExpense": "8054000", "interestAndDebtExpense": "None", "netIncomeFromContinuingOperations": "0", "comprehensiveIncomeNetOfTax": "None", "ebit": "28232000", "ebitda": "36038000", "netIncome": "23985000"}, {"fiscalDateEnding": "2006-09-30", "reportedCurrency": "USD", "grossProfit": "116191000", "totalRevenue": "234851000", "costOfRevenue": "118660000", "costofGoodsAndServicesSold": "118660000", "operatingIncome": "36331000", "sellingGeneralAndAdministrative": "17981000", "researchAndDevelopment": "25180000", "operatingExpenses": "79810000", "investmentIncomeNet": "None", "netInterestIncome": "None", "interestIncome": "None", "interestExpense": "1315000", "nonInterestIncome": "None", "otherNonOperatingIncome": "None", "depreciation": "None", "depreciationAndAmortization": "6432000", "incomeBeforeTax": "38988000", "incomeTaxExpense": "13646000", "interestAndDebtExpense": "None", "netIncomeFromContinuingOperations": "0", "comprehensiveIncomeNetOfTax": "None", "ebit": "36381000", "ebitda": "42813000", "netIncome": "25342000"}, {"fiscalDateEnding": "2006-06-30", "reportedCurrency": "USD", "grossProfit": "121656000", "totalRevenue": "245326000", "costOfRevenue": "123670000", "costofGoodsAndServicesSold": "123670000", "operatingIncome": "38669000", "sellingGeneralAndAdministrative": "16205000", "researchAndDevelopment": "27607000", "operatingExpenses": "81967000", "investmentIncomeNet": "None", "netInterestIncome": "None", "interestIncome": "None", "interestExpense": "598000", "nonInterestIncome": "None", "otherNonOperatingIncome": "None", "depreciation": "None", "depreciationAndAmortization": "7240000", "incomeBeforeTax": "41194000", "incomeTaxExpense": "12691000", "interestAndDebtExpense": "None", "netIncomeFromContinuingOperations": "0", "comprehensiveIncomeNetOfTax": "None", "ebit": "39689000", "ebitda": "46929000", "netIncome": "28503000"}, {"fiscalDateEnding": "2006-03-31", "reportedCurrency": "USD", "grossProfit": "107463000", "totalRevenue": "225854000", "costOfRevenue": "118391000", "costofGoodsAndServicesSold": "118391000", "operatingIncome": "33065000", "sellingGeneralAndAdministrative": "15761000", "researchAndDevelopment": "24446000", "operatingExpenses": "74398000", "investmentIncomeNet": "None", "netInterestIncome": "None", "interestIncome": "None", "interestExpense": "434000", "nonInterestIncome": "None", "otherNonOperatingIncome": "None", "depreciation": "None", "depreciationAndAmortization": "5484000", "incomeBeforeTax": "35872000", "incomeTaxExpense": "10044000", "interestAndDebtExpense": "None", "netIncomeFromContinuingOperations": "0", "comprehensiveIncomeNetOfTax": "None", "ebit": "27581000", "ebitda": "33065000", "netIncome": "25828000"}, {"fiscalDateEnding": "2005-12-31", "reportedCurrency": "USD", "grossProfit": "92299000", "totalRevenue": "186821000", "costOfRevenue": "94522000", "costofGoodsAndServicesSold": "94522000", "operatingIncome": "22980000", "sellingGeneralAndAdministrative": "45800000", "researchAndDevelopment": "20944000", "operatingExpenses": "68219000", "investmentIncomeNet": "None", "netInterestIncome": "None", "interestIncome": "None", "interestExpense": "8400000", "nonInterestIncome": "None", "otherNonOperatingIncome": "None", "depreciation": "None", "depreciationAndAmortization": "4387000", "incomeBeforeTax": "31664000", "incomeTaxExpense": "8271000", "interestAndDebtExpense": "None", "netIncomeFromContinuingOperations": "0", "comprehensiveIncomeNetOfTax": "None", "ebit": "31664000", "ebitda": "36051000", "netIncome": "23393000"}, {"fiscalDateEnding": "2005-09-30", "reportedCurrency": "USD", "grossProfit": "92299000", "totalRevenue": "186821000", "costOfRevenue": "94522000", "costofGoodsAndServicesSold": "94522000", "operatingIncome": "22980000", "sellingGeneralAndAdministrative": "13448000", "researchAndDevelopment": "20944000", "operatingExpenses": "68219000", "investmentIncomeNet": "None", "netInterestIncome": "None", "interestIncome": "None", "interestExpense": "968000", "nonInterestIncome": "None", "otherNonOperatingIncome": "None", "depreciation": "None", "depreciationAndAmortization": "4387000", "incomeBeforeTax": "31664000", "incomeTaxExpense": "8271000", "interestAndDebtExpense": "None", "netIncomeFromContinuingOperations": "0", "comprehensiveIncomeNetOfTax": "None", "ebit": "24080000", "ebitda": "28467000", "netIncome": "23393000"}, {"fiscalDateEnding": "2005-06-30", "reportedCurrency": "USD", "grossProfit": "102407000", "totalRevenue": "204225000", "costOfRevenue": "101818000", "costofGoodsAndServicesSold": "101818000", "operatingIncome": "38737000", "sellingGeneralAndAdministrative": "40600000", "researchAndDevelopment": "20865000", "operatingExpenses": "63670000", "investmentIncomeNet": "None", "netInterestIncome": "None", "interestIncome": "None", "interestExpense": "2800000", "nonInterestIncome": "None", "otherNonOperatingIncome": "None", "depreciation": "None", "depreciationAndAmortization": "4709000", "incomeBeforeTax": "36120000", "incomeTaxExpense": "12333000", "interestAndDebtExpense": "None", "netIncomeFromContinuingOperations": "0", "comprehensiveIncomeNetOfTax": "None", "ebit": "38859000", "ebitda": "43568000", "netIncome": "23787000"}, {"fiscalDateEnding": "2005-03-31", "reportedCurrency": "USD", "grossProfit": "97807000", "totalRevenue": "195383000", "costOfRevenue": "97576000", "costofGoodsAndServicesSold": "97576000", "operatingIncome": "30200000", "sellingGeneralAndAdministrative": "43200000", "researchAndDevelopment": "21828000", "operatingExpenses": "67329000", "investmentIncomeNet": "None", "netInterestIncome": "None", "interestIncome": "None", "interestExpense": "3800000", "nonInterestIncome": "None", "otherNonOperatingIncome": "None", "depreciation": "None", "depreciationAndAmortization": "4973000", "incomeBeforeTax": "26423000", "incomeTaxExpense": "8984000", "interestAndDebtExpense": "None", "netIncomeFromContinuingOperations": "0", "comprehensiveIncomeNetOfTax": "None", "ebit": "30356000", "ebitda": "35329000", "netIncome": "17439000"}, {"fiscalDateEnding": "2004-12-31", "reportedCurrency": "USD", "grossProfit": "77359000", "totalRevenue": "162683000", "costOfRevenue": "85324000", "costofGoodsAndServicesSold": "85324000", "operatingIncome": "15917000", "sellingGeneralAndAdministrative": "39372000", "researchAndDevelopment": "19596000", "operatingExpenses": "61217000", "investmentIncomeNet": "None", "netInterestIncome": "None", "interestIncome": "None", "interestExpense": "929000", "nonInterestIncome": "None", "otherNonOperatingIncome": "None", "depreciation": "None", "depreciationAndAmortization": "5040000", "incomeBeforeTax": "13146000", "incomeTaxExpense": "-3259000", "interestAndDebtExpense": "None", "netIncomeFromContinuingOperations": "0", "comprehensiveIncomeNetOfTax": "None", "ebit": "16142000", "ebitda": "21182000", "netIncome": "16405000"}]}