{"symbol": "EL", "annualReports": [{"fiscalDateEnding": "2024-06-30", "reportedCurrency": "USD", "grossProfit": "11184000000", "totalRevenue": "15608000000", "costOfRevenue": "4424000000", "costofGoodsAndServicesSold": "4424000000", "operatingIncome": "970000000", "sellingGeneralAndAdministrative": "9621000000", "researchAndDevelopment": "360000000", "operatingExpenses": "10214000000", "investmentIncomeNet": "None", "netInterestIncome": "-211000000", "interestIncome": "167000000", "interestExpense": "378000000", "nonInterestIncome": "None", "otherNonOperatingIncome": "None", "depreciation": "None", "depreciationAndAmortization": "825000000", "incomeBeforeTax": "772000000", "incomeTaxExpense": "363000000", "interestAndDebtExpense": "None", "netIncomeFromContinuingOperations": "409000000", "comprehensiveIncomeNetOfTax": "None", "ebit": "1155000000", "ebitda": "1980000000", "netIncome": "390000000"}, {"fiscalDateEnding": "2023-06-30", "reportedCurrency": "USD", "grossProfit": "11346000000", "totalRevenue": "15910000000", "costOfRevenue": "4564000000", "costofGoodsAndServicesSold": "4564000000", "operatingIncome": "1509000000", "sellingGeneralAndAdministrative": "9575000000", "researchAndDevelopment": "344000000", "operatingExpenses": "9837000000", "investmentIncomeNet": "None", "netInterestIncome": "-124000000", "interestIncome": "131000000", "interestExpense": "255000000", "nonInterestIncome": "None", "otherNonOperatingIncome": "131000000", "depreciation": "None", "depreciationAndAmortization": "733000000", "incomeBeforeTax": "1397000000", "incomeTaxExpense": "387000000", "interestAndDebtExpense": "None", "netIncomeFromContinuingOperations": "1010000000", "comprehensiveIncomeNetOfTax": "None", "ebit": "1617000000", "ebitda": "2350000000", "netIncome": "1006000000"}, {"fiscalDateEnding": "2022-06-30", "reportedCurrency": "USD", "grossProfit": "13432000000", "totalRevenue": "17737000000", "costOfRevenue": "4305000000", "costofGoodsAndServicesSold": "4305000000", "operatingIncome": "3170000000", "sellingGeneralAndAdministrative": "9888000000", "researchAndDevelopment": "307000000", "operatingExpenses": "10262000000", "investmentIncomeNet": "None", "netInterestIncome": "-137000000", "interestIncome": "30000000", "interestExpense": "167000000", "nonInterestIncome": "None", "otherNonOperatingIncome": "30000000", "depreciation": "None", "depreciationAndAmortization": "715000000", "incomeBeforeTax": "3036000000", "incomeTaxExpense": "628000000", "interestAndDebtExpense": "None", "netIncomeFromContinuingOperations": "2408000000", "comprehensiveIncomeNetOfTax": "None", "ebit": "3072000000", "ebitda": "3787000000", "netIncome": "2390000000"}, {"fiscalDateEnding": "2021-06-30", "reportedCurrency": "USD", "grossProfit": "12381000000", "totalRevenue": "16215000000", "costOfRevenue": "3834000000", "costofGoodsAndServicesSold": "3834000000", "operatingIncome": "3896000000", "sellingGeneralAndAdministrative": "9371000000", "researchAndDevelopment": "243000000", "operatingExpenses": "9763000000", "investmentIncomeNet": "None", "netInterestIncome": "-122000000", "interestIncome": "51000000", "interestExpense": "173000000", "nonInterestIncome": "None", "otherNonOperatingIncome": "51000000", "depreciation": "None", "depreciationAndAmortization": "651000000", "incomeBeforeTax": "3331000000", "incomeTaxExpense": "456000000", "interestAndDebtExpense": "None", "netIncomeFromContinuingOperations": "2875000000", "comprehensiveIncomeNetOfTax": "None", "ebit": "3010000000", "ebitda": "3661000000", "netIncome": "2870000000"}, {"fiscalDateEnding": "2020-06-30", "reportedCurrency": "USD", "grossProfit": "10742000000", "totalRevenue": "14294000000", "costOfRevenue": "3552000000", "costofGoodsAndServicesSold": "3552000000", "operatingIncome": "2706000000", "sellingGeneralAndAdministrative": "8637000000", "researchAndDevelopment": "228000000", "operatingExpenses": "8637000000", "investmentIncomeNet": "None", "netInterestIncome": "-113000000", "interestIncome": "444000000", "interestExpense": "161000000", "nonInterestIncome": "None", "otherNonOperatingIncome": "48000000", "depreciation": "None", "depreciationAndAmortization": "611000000", "incomeBeforeTax": "1046000000", "incomeTaxExpense": "350000000", "interestAndDebtExpense": "None", "netIncomeFromContinuingOperations": "696000000", "comprehensiveIncomeNetOfTax": "None", "ebit": "2706000000", "ebitda": "3317000000", "netIncome": "684000000"}, {"fiscalDateEnding": "2019-06-30", "reportedCurrency": "USD", "grossProfit": "11476000000", "totalRevenue": "14863000000", "costOfRevenue": "3387000000", "costofGoodsAndServicesSold": "3387000000", "operatingIncome": "2313000000", "sellingGeneralAndAdministrative": "8857000000", "researchAndDevelopment": "202000000", "operatingExpenses": "8857000000", "investmentIncomeNet": "None", "netInterestIncome": "-75000000", "interestIncome": "58000000", "interestExpense": "133000000", "nonInterestIncome": "None", "otherNonOperatingIncome": "58000000", "depreciation": "None", "depreciationAndAmortization": "990000000", "incomeBeforeTax": "2307000000", "incomeTaxExpense": "513000000", "interestAndDebtExpense": "None", "netIncomeFromContinuingOperations": "1794000000", "comprehensiveIncomeNetOfTax": "None", "ebit": "2313000000", "ebitda": "3303000000", "netIncome": "1785000000"}, {"fiscalDateEnding": "2018-06-30", "reportedCurrency": "USD", "grossProfit": "10839000000", "totalRevenue": "13683000000", "costOfRevenue": "2844000000", "costofGoodsAndServicesSold": "2844000000", "operatingIncome": "2052000000", "sellingGeneralAndAdministrative": "8556000000", "researchAndDevelopment": "181000000", "operatingExpenses": "8556000000", "investmentIncomeNet": "None", "netInterestIncome": "-72000000", "interestIncome": "56000000", "interestExpense": "128000000", "nonInterestIncome": "None", "otherNonOperatingIncome": "56000000", "depreciation": "None", "depreciationAndAmortization": "531000000", "incomeBeforeTax": "1980000000", "incomeTaxExpense": "863000000", "interestAndDebtExpense": "None", "netIncomeFromContinuingOperations": "1117000000", "comprehensiveIncomeNetOfTax": "None", "ebit": "2339000000", "ebitda": "2870000000", "netIncome": "1108000000"}, {"fiscalDateEnding": "2017-06-30", "reportedCurrency": "USD", "grossProfit": "9387000000", "totalRevenue": "11824000000", "costOfRevenue": "2437000000", "costofGoodsAndServicesSold": "2437000000", "operatingIncome": "1692000000", "sellingGeneralAndAdministrative": "7469000000", "researchAndDevelopment": "179000000", "operatingExpenses": "7469000000", "investmentIncomeNet": "None", "netInterestIncome": "-75000000", "interestIncome": "28000000", "interestExpense": "103000000", "nonInterestIncome": "None", "otherNonOperatingIncome": "28000000", "depreciation": "None", "depreciationAndAmortization": "464000000", "incomeBeforeTax": "1617000000", "incomeTaxExpense": "361000000", "interestAndDebtExpense": "None", "netIncomeFromContinuingOperations": "1256000000", "comprehensiveIncomeNetOfTax": "None", "ebit": "1946000000", "ebitda": "2410000000", "netIncome": "1249000000"}, {"fiscalDateEnding": "2016-06-30", "reportedCurrency": "USD", "grossProfit": "9081200000", "totalRevenue": "11262300000", "costOfRevenue": "2181100000", "costofGoodsAndServicesSold": "2181100000", "operatingIncome": "1610300000", "sellingGeneralAndAdministrative": "7337800000", "researchAndDevelopment": "191300000", "operatingExpenses": "7337800000", "investmentIncomeNet": "None", "netInterestIncome": "-55100000", "interestIncome": "55100000", "interestExpense": "70700000", "nonInterestIncome": "None", "otherNonOperatingIncome": "15600000", "depreciation": "None", "depreciationAndAmortization": "414700000", "incomeBeforeTax": "1555200000", "incomeTaxExpense": "434400000", "interestAndDebtExpense": "None", "netIncomeFromContinuingOperations": "1120800000", "comprehensiveIncomeNetOfTax": "None", "ebit": "1759000000", "ebitda": "2173700000", "netIncome": "1114600000"}, {"fiscalDateEnding": "2015-06-30", "reportedCurrency": "USD", "grossProfit": "8679800000", "totalRevenue": "10780400000", "costOfRevenue": "2100600000", "costofGoodsAndServicesSold": "2100600000", "operatingIncome": "1606300000", "sellingGeneralAndAdministrative": "7073500000", "researchAndDevelopment": "178000000", "operatingExpenses": "7073500000", "investmentIncomeNet": "None", "netInterestIncome": "None", "interestIncome": "45700000", "interestExpense": "60000000", "nonInterestIncome": "None", "otherNonOperatingIncome": "14300000", "depreciation": "None", "depreciationAndAmortization": "409300000", "incomeBeforeTax": "1560600000", "incomeTaxExpense": "467200000", "interestAndDebtExpense": "None", "netIncomeFromContinuingOperations": "1093400000", "comprehensiveIncomeNetOfTax": "None", "ebit": "1620600000", "ebitda": "2029900000", "netIncome": "1088900000"}, {"fiscalDateEnding": "2014-06-30", "reportedCurrency": "USD", "grossProfit": "8810600000", "totalRevenue": "10968800000", "costOfRevenue": "2158200000", "costofGoodsAndServicesSold": "2158200000", "operatingIncome": "1827600000", "sellingGeneralAndAdministrative": "6985900000", "researchAndDevelopment": "157900000", "operatingExpenses": "6985900000", "investmentIncomeNet": "None", "netInterestIncome": "None", "interestIncome": "None", "interestExpense": "50800000", "nonInterestIncome": "None", "otherNonOperatingIncome": "None", "depreciation": "None", "depreciationAndAmortization": "384600000", "incomeBeforeTax": "1776800000", "incomeTaxExpense": "567700000", "interestAndDebtExpense": "None", "netIncomeFromContinuingOperations": "1209100000", "comprehensiveIncomeNetOfTax": "None", "ebit": "1824700000", "ebitda": "2209300000", "netIncome": "1204100000"}, {"fiscalDateEnding": "2013-06-30", "reportedCurrency": "USD", "grossProfit": "8155800000", "totalRevenue": "10181700000", "costOfRevenue": "2025900000", "costofGoodsAndServicesSold": "2025900000", "operatingIncome": "1526000000", "sellingGeneralAndAdministrative": "6597000000", "researchAndDevelopment": "146800000", "operatingExpenses": "6597000000", "investmentIncomeNet": "None", "netInterestIncome": "None", "interestIncome": "None", "interestExpense": "54800000", "nonInterestIncome": "None", "otherNonOperatingIncome": "23100000", "depreciation": "None", "depreciationAndAmortization": "336900000", "incomeBeforeTax": "1475200000", "incomeTaxExpense": "451400000", "interestAndDebtExpense": "None", "netIncomeFromContinuingOperations": "1023800000", "comprehensiveIncomeNetOfTax": "None", "ebit": "1581900000", "ebitda": "1918800000", "netIncome": "1019800000"}, {"fiscalDateEnding": "2012-06-30", "reportedCurrency": "USD", "grossProfit": "7717800000", "totalRevenue": "9713600000", "costOfRevenue": "1995800000", "costofGoodsAndServicesSold": "1995800000", "operatingIncome": "1311700000", "sellingGeneralAndAdministrative": "6324800000", "researchAndDevelopment": "96500000", "operatingExpenses": "6324800000", "investmentIncomeNet": "None", "netInterestIncome": "None", "interestIncome": "None", "interestExpense": "61100000", "nonInterestIncome": "None", "otherNonOperatingIncome": "10500000", "depreciation": "None", "depreciationAndAmortization": "295800000", "incomeBeforeTax": "1261100000", "incomeTaxExpense": "400600000", "interestAndDebtExpense": "None", "netIncomeFromContinuingOperations": "860500000", "comprehensiveIncomeNetOfTax": "None", "ebit": "1168000000", "ebitda": "1463800000", "netIncome": "856900000"}, {"fiscalDateEnding": "2011-06-30", "reportedCurrency": "USD", "grossProfit": "6873100000", "totalRevenue": "8810000000", "costOfRevenue": "1936900000", "costofGoodsAndServicesSold": "1936900000", "operatingIncome": "1089400000", "sellingGeneralAndAdministrative": "5696700000", "researchAndDevelopment": "85700000", "operatingExpenses": "5696700000", "investmentIncomeNet": "None", "netInterestIncome": "None", "interestIncome": "None", "interestExpense": "63900000", "nonInterestIncome": "None", "otherNonOperatingIncome": "None", "depreciation": "None", "depreciationAndAmortization": "294400000", "incomeBeforeTax": "1025500000", "incomeTaxExpense": "321700000", "interestAndDebtExpense": "None", "netIncomeFromContinuingOperations": "703800000", "comprehensiveIncomeNetOfTax": "None", "ebit": "882000000", "ebitda": "1176400000", "netIncome": "700800000"}, {"fiscalDateEnding": "2010-06-30", "reportedCurrency": "USD", "grossProfit": "5966400000", "totalRevenue": "7795800000", "costOfRevenue": "1829400000", "costofGoodsAndServicesSold": "1829400000", "operatingIncome": "789900000", "sellingGeneralAndAdministrative": "5067000000", "researchAndDevelopment": "79500000", "operatingExpenses": "5067000000", "investmentIncomeNet": "None", "netInterestIncome": "None", "interestIncome": "None", "interestExpense": "101600000", "nonInterestIncome": "None", "otherNonOperatingIncome": "None", "depreciation": "None", "depreciationAndAmortization": "263700000", "incomeBeforeTax": "688300000", "incomeTaxExpense": "205900000", "interestAndDebtExpense": "None", "netIncomeFromContinuingOperations": "None", "comprehensiveIncomeNetOfTax": "None", "ebit": "899400000", "ebitda": "1163100000", "netIncome": "478300000"}, {"fiscalDateEnding": "2009-06-30", "reportedCurrency": "USD", "grossProfit": "5442200000", "totalRevenue": "7323800000", "costOfRevenue": "1881600000", "costofGoodsAndServicesSold": "1881600000", "operatingIncome": "418400000", "sellingGeneralAndAdministrative": "4883900000", "researchAndDevelopment": "81600000", "operatingExpenses": "5023800000", "investmentIncomeNet": "None", "netInterestIncome": "None", "interestIncome": "None", "interestExpense": "75700000", "nonInterestIncome": "None", "otherNonOperatingIncome": "None", "depreciation": "None", "depreciationAndAmortization": "254000000", "incomeBeforeTax": "334300000", "incomeTaxExpense": "115900000", "interestAndDebtExpense": "None", "netIncomeFromContinuingOperations": "None", "comprehensiveIncomeNetOfTax": "None", "ebit": "418400000", "ebitda": "672400000", "netIncome": "218400000"}, {"fiscalDateEnding": "2008-06-30", "reportedCurrency": "USD", "grossProfit": "5914000000", "totalRevenue": "7910800000", "costOfRevenue": "1996800000", "costofGoodsAndServicesSold": "1996800000", "operatingIncome": "810700000", "sellingGeneralAndAdministrative": "5102900000", "researchAndDevelopment": "80900000", "operatingExpenses": "5103300000", "investmentIncomeNet": "None", "netInterestIncome": "None", "interestIncome": "None", "interestExpense": "66800000", "nonInterestIncome": "None", "otherNonOperatingIncome": "None", "depreciation": "None", "depreciationAndAmortization": "250700000", "incomeBeforeTax": "743900000", "incomeTaxExpense": "259900000", "interestAndDebtExpense": "None", "netIncomeFromContinuingOperations": "None", "comprehensiveIncomeNetOfTax": "None", "ebit": "811100000", "ebitda": "1061800000", "netIncome": "473800000"}, {"fiscalDateEnding": "2007-06-30", "reportedCurrency": "USD", "grossProfit": "5262700000", "totalRevenue": "7037500000", "costOfRevenue": "1774800000", "costofGoodsAndServicesSold": "1774800000", "operatingIncome": "749900000", "sellingGeneralAndAdministrative": "4511700000", "researchAndDevelopment": "74400000", "operatingExpenses": "4512800000", "investmentIncomeNet": "None", "netInterestIncome": "None", "interestIncome": "None", "interestExpense": "38900000", "nonInterestIncome": "None", "otherNonOperatingIncome": "None", "depreciation": "None", "depreciationAndAmortization": "207200000", "incomeBeforeTax": "711000000", "incomeTaxExpense": "255200000", "interestAndDebtExpense": "None", "netIncomeFromContinuingOperations": "None", "comprehensiveIncomeNetOfTax": "None", "ebit": "751000000", "ebitda": "958200000", "netIncome": "449200000"}, {"fiscalDateEnding": "2006-06-30", "reportedCurrency": "USD", "grossProfit": "4777200000", "totalRevenue": "6463800000", "costOfRevenue": "1686600000", "costofGoodsAndServicesSold": "1686600000", "operatingIncome": "619600000", "sellingGeneralAndAdministrative": "4065500000", "researchAndDevelopment": "72000000", "operatingExpenses": "4157600000", "investmentIncomeNet": "None", "netInterestIncome": "None", "interestIncome": "None", "interestExpense": "23800000", "nonInterestIncome": "None", "otherNonOperatingIncome": "None", "depreciation": "None", "depreciationAndAmortization": "198400000", "incomeBeforeTax": "595800000", "incomeTaxExpense": "259700000", "interestAndDebtExpense": "None", "netIncomeFromContinuingOperations": "None", "comprehensiveIncomeNetOfTax": "None", "ebit": "711700000", "ebitda": "910100000", "netIncome": "244200000"}, {"fiscalDateEnding": "2005-06-30", "reportedCurrency": "USD", "grossProfit": "4718900000", "totalRevenue": "6336300000", "costOfRevenue": "1617400000", "costofGoodsAndServicesSold": "1617400000", "operatingIncome": "720600000", "sellingGeneralAndAdministrative": "3998300000", "researchAndDevelopment": "72300000", "operatingExpenses": "3998300000", "investmentIncomeNet": "None", "netInterestIncome": "None", "interestIncome": "None", "interestExpense": "13900000", "nonInterestIncome": "None", "otherNonOperatingIncome": "None", "depreciation": "None", "depreciationAndAmortization": "196700000", "incomeBeforeTax": "706700000", "incomeTaxExpense": "291300000", "interestAndDebtExpense": "None", "netIncomeFromContinuingOperations": "None", "comprehensiveIncomeNetOfTax": "None", "ebit": "720600000", "ebitda": "917300000", "netIncome": "406100000"}], "quarterlyReports": [{"fiscalDateEnding": "2024-12-31", "reportedCurrency": "USD", "grossProfit": "3047000000", "totalRevenue": "4004000000", "costOfRevenue": "957000000", "costofGoodsAndServicesSold": "957000000", "operatingIncome": "-580000000", "sellingGeneralAndAdministrative": "2585000000", "researchAndDevelopment": "None", "operatingExpenses": "3627000000", "investmentIncomeNet": "None", "netInterestIncome": "-67000000", "interestIncome": "23000000", "interestExpense": "90000000", "nonInterestIncome": "None", "otherNonOperatingIncome": "None", "depreciation": "None", "depreciationAndAmortization": "207000000", "incomeBeforeTax": "-650000000", "incomeTaxExpense": "-60000000", "interestAndDebtExpense": "None", "netIncomeFromContinuingOperations": "-590000000", "comprehensiveIncomeNetOfTax": "None", "ebit": "-560000000", "ebitda": "-353000000", "netIncome": "-590000000"}, {"fiscalDateEnding": "2024-09-30", "reportedCurrency": "USD", "grossProfit": "2433000000", "totalRevenue": "3361000000", "costOfRevenue": "928000000", "costofGoodsAndServicesSold": "928000000", "operatingIncome": "-121000000", "sellingGeneralAndAdministrative": "2298000000", "researchAndDevelopment": "None", "operatingExpenses": "2554000000", "investmentIncomeNet": "None", "netInterestIncome": "-57000000", "interestIncome": "35000000", "interestExpense": "92000000", "nonInterestIncome": "None", "otherNonOperatingIncome": "None", "depreciation": "None", "depreciationAndAmortization": "204000000", "incomeBeforeTax": "-180000000", "incomeTaxExpense": "-24000000", "interestAndDebtExpense": "None", "netIncomeFromContinuingOperations": "-156000000", "comprehensiveIncomeNetOfTax": "None", "ebit": "-47000000", "ebitda": "157000000", "netIncome": "-156000000"}, {"fiscalDateEnding": "2024-06-30", "reportedCurrency": "USD", "grossProfit": "2778000000", "totalRevenue": "3871000000", "costOfRevenue": "1093000000", "costofGoodsAndServicesSold": "1093000000", "operatingIncome": "-233000000", "sellingGeneralAndAdministrative": "2444000000", "researchAndDevelopment": "360000000", "operatingExpenses": "3011000000", "investmentIncomeNet": "None", "netInterestIncome": "-50000000", "interestIncome": "41000000", "interestExpense": "91000000", "nonInterestIncome": "None", "otherNonOperatingIncome": "None", "depreciation": "None", "depreciationAndAmortization": "207000000", "incomeBeforeTax": "-279000000", "incomeTaxExpense": "7000000", "interestAndDebtExpense": "None", "netIncomeFromContinuingOperations": "-286000000", "comprehensiveIncomeNetOfTax": "None", "ebit": "-181000000", "ebitda": "26000000", "netIncome": "-284000000"}, {"fiscalDateEnding": "2024-03-31", "reportedCurrency": "USD", "grossProfit": "2833000000", "totalRevenue": "3940000000", "costOfRevenue": "1107000000", "costofGoodsAndServicesSold": "1107000000", "operatingIncome": "531000000", "sellingGeneralAndAdministrative": "2284000000", "researchAndDevelopment": "None", "operatingExpenses": "2302000000", "investmentIncomeNet": "None", "netInterestIncome": "-49000000", "interestIncome": "45000000", "interestExpense": "94000000", "nonInterestIncome": "None", "otherNonOperatingIncome": "None", "depreciation": "None", "depreciationAndAmortization": "206000000", "incomeBeforeTax": "486000000", "incomeTaxExpense": "151000000", "interestAndDebtExpense": "None", "netIncomeFromContinuingOperations": "335000000", "comprehensiveIncomeNetOfTax": "None", "ebit": "553000000", "ebitda": "759000000", "netIncome": "330000000"}, {"fiscalDateEnding": "2023-12-31", "reportedCurrency": "USD", "grossProfit": "3113000000", "totalRevenue": "4267000000", "costOfRevenue": "1154000000", "costofGoodsAndServicesSold": "1154000000", "operatingIncome": "595000000", "sellingGeneralAndAdministrative": "2544000000", "researchAndDevelopment": "None", "operatingExpenses": "2518000000", "investmentIncomeNet": "None", "netInterestIncome": "-58000000", "interestIncome": "40000000", "interestExpense": "146000000", "nonInterestIncome": "None", "otherNonOperatingIncome": "None", "depreciation": "None", "depreciationAndAmortization": "200000000", "incomeBeforeTax": "519000000", "incomeTaxExpense": "195000000", "interestAndDebtExpense": "None", "netIncomeFromContinuingOperations": "324000000", "comprehensiveIncomeNetOfTax": "None", "ebit": "665000000", "ebitda": "865000000", "netIncome": "313000000"}, {"fiscalDateEnding": "2023-09-30", "reportedCurrency": "USD", "grossProfit": "2448000000", "totalRevenue": "3518000000", "costOfRevenue": "1070000000", "costofGoodsAndServicesSold": "1070000000", "operatingIncome": "98000000", "sellingGeneralAndAdministrative": "2349000000", "researchAndDevelopment": "None", "operatingExpenses": "2349000000", "investmentIncomeNet": "None", "netInterestIncome": "-54000000", "interestIncome": "41000000", "interestExpense": "95000000", "nonInterestIncome": "None", "otherNonOperatingIncome": "None", "depreciation": "None", "depreciationAndAmortization": "198000000", "incomeBeforeTax": "46000000", "incomeTaxExpense": "10000000", "interestAndDebtExpense": "None", "netIncomeFromContinuingOperations": "36000000", "comprehensiveIncomeNetOfTax": "None", "ebit": "147000000", "ebitda": "345000000", "netIncome": "31000000"}, {"fiscalDateEnding": "2023-06-30", "reportedCurrency": "USD", "grossProfit": "2446000000", "totalRevenue": "3609000000", "costOfRevenue": "1163000000", "costofGoodsAndServicesSold": "1163000000", "operatingIncome": "-5000000", "sellingGeneralAndAdministrative": "7155000000", "researchAndDevelopment": "344000000", "operatingExpenses": "2420000000", "investmentIncomeNet": "None", "netInterestIncome": "-46000000", "interestIncome": "53000000", "interestExpense": "99000000", "nonInterestIncome": "None", "otherNonOperatingIncome": "53000000", "depreciation": "None", "depreciationAndAmortization": "203000000", "incomeBeforeTax": "-48000000", "incomeTaxExpense": "-16000000", "interestAndDebtExpense": "None", "netIncomeFromContinuingOperations": "-32000000", "comprehensiveIncomeNetOfTax": "None", "ebit": "75000000", "ebitda": "278000000", "netIncome": "-33000000"}, {"fiscalDateEnding": "2023-03-31", "reportedCurrency": "USD", "grossProfit": "2592000000", "totalRevenue": "3751000000", "costOfRevenue": "1159000000", "costofGoodsAndServicesSold": "1159000000", "operatingIncome": "297000000", "sellingGeneralAndAdministrative": "2281000000", "researchAndDevelopment": "None", "operatingExpenses": "2281000000", "investmentIncomeNet": "None", "netInterestIncome": "-21000000", "interestIncome": "37000000", "interestExpense": "58000000", "nonInterestIncome": "None", "otherNonOperatingIncome": "37000000", "depreciation": "None", "depreciationAndAmortization": "244000000", "incomeBeforeTax": "280000000", "incomeTaxExpense": "125000000", "interestAndDebtExpense": "None", "netIncomeFromContinuingOperations": "155000000", "comprehensiveIncomeNetOfTax": "None", "ebit": "297000000", "ebitda": "541000000", "netIncome": "156000000"}, {"fiscalDateEnding": "2022-12-31", "reportedCurrency": "USD", "grossProfit": "3401000000", "totalRevenue": "4620000000", "costOfRevenue": "1219000000", "costofGoodsAndServicesSold": "1219000000", "operatingIncome": "556000000", "sellingGeneralAndAdministrative": "2630000000", "researchAndDevelopment": "None", "operatingExpenses": "2630000000", "investmentIncomeNet": "None", "netInterestIncome": "-26000000", "interestIncome": "26000000", "interestExpense": "52000000", "nonInterestIncome": "None", "otherNonOperatingIncome": "26000000", "depreciation": "None", "depreciationAndAmortization": "243000000", "incomeBeforeTax": "532000000", "incomeTaxExpense": "135000000", "interestAndDebtExpense": "None", "netIncomeFromContinuingOperations": "397000000", "comprehensiveIncomeNetOfTax": "None", "ebit": "556000000", "ebitda": "799000000", "netIncome": "394000000"}, {"fiscalDateEnding": "2022-09-30", "reportedCurrency": "USD", "grossProfit": "2907000000", "totalRevenue": "3930000000", "costOfRevenue": "1023000000", "costofGoodsAndServicesSold": "1023000000", "operatingIncome": "661000000", "sellingGeneralAndAdministrative": "2244000000", "researchAndDevelopment": "None", "operatingExpenses": "2244000000", "investmentIncomeNet": "None", "netInterestIncome": "-31000000", "interestIncome": "31000000", "interestExpense": "46000000", "nonInterestIncome": "None", "otherNonOperatingIncome": "15000000", "depreciation": "None", "depreciationAndAmortization": "198000000", "incomeBeforeTax": "633000000", "incomeTaxExpense": "143000000", "interestAndDebtExpense": "None", "netIncomeFromContinuingOperations": "490000000", "comprehensiveIncomeNetOfTax": "None", "ebit": "661000000", "ebitda": "859000000", "netIncome": "489000000"}, {"fiscalDateEnding": "2022-06-30", "reportedCurrency": "USD", "grossProfit": "2530000000", "totalRevenue": "3561000000", "costOfRevenue": "1031000000", "costofGoodsAndServicesSold": "1031000000", "operatingIncome": "26000000", "sellingGeneralAndAdministrative": "2334000000", "researchAndDevelopment": "307000000", "operatingExpenses": "2334000000", "investmentIncomeNet": "None", "netInterestIncome": "-31000000", "interestIncome": "11000000", "interestExpense": "42000000", "nonInterestIncome": "None", "otherNonOperatingIncome": "11000000", "depreciation": "None", "depreciationAndAmortization": "181000000", "incomeBeforeTax": "48000000", "incomeTaxExpense": "-2000000", "interestAndDebtExpense": "None", "netIncomeFromContinuingOperations": "50000000", "comprehensiveIncomeNetOfTax": "None", "ebit": "26000000", "ebitda": "207000000", "netIncome": "52000000"}, {"fiscalDateEnding": "2022-03-31", "reportedCurrency": "USD", "grossProfit": "3251000000", "totalRevenue": "4245000000", "costOfRevenue": "994000000", "costofGoodsAndServicesSold": "994000000", "operatingIncome": "738000000", "sellingGeneralAndAdministrative": "2275000000", "researchAndDevelopment": "None", "operatingExpenses": "2275000000", "investmentIncomeNet": "None", "netInterestIncome": "-36000000", "interestIncome": "5000000", "interestExpense": "41000000", "nonInterestIncome": "None", "otherNonOperatingIncome": "5000000", "depreciation": "None", "depreciationAndAmortization": "426000000", "incomeBeforeTax": "703000000", "incomeTaxExpense": "130000000", "interestAndDebtExpense": "None", "netIncomeFromContinuingOperations": "573000000", "comprehensiveIncomeNetOfTax": "None", "ebit": "738000000", "ebitda": "1164000000", "netIncome": "558000000"}, {"fiscalDateEnding": "2021-12-31", "reportedCurrency": "USD", "grossProfit": "4316000000", "totalRevenue": "5539000000", "costOfRevenue": "1223000000", "costofGoodsAndServicesSold": "1223000000", "operatingIncome": "1418000000", "sellingGeneralAndAdministrative": "2885000000", "researchAndDevelopment": "None", "operatingExpenses": "2885000000", "investmentIncomeNet": "None", "netInterestIncome": "-32000000", "interestIncome": "10000000", "interestExpense": "42000000", "nonInterestIncome": "None", "otherNonOperatingIncome": "10000000", "depreciation": "None", "depreciationAndAmortization": "181000000", "incomeBeforeTax": "1388000000", "incomeTaxExpense": "298000000", "interestAndDebtExpense": "None", "netIncomeFromContinuingOperations": "1090000000", "comprehensiveIncomeNetOfTax": "None", "ebit": "1443000000", "ebitda": "1624000000", "netIncome": "1088000000"}, {"fiscalDateEnding": "2021-09-30", "reportedCurrency": "USD", "grossProfit": "3335000000", "totalRevenue": "4392000000", "costOfRevenue": "1057000000", "costofGoodsAndServicesSold": "1057000000", "operatingIncome": "935000000", "sellingGeneralAndAdministrative": "2394000000", "researchAndDevelopment": "None", "operatingExpenses": "2394000000", "investmentIncomeNet": "None", "netInterestIncome": "-38000000", "interestIncome": "4000000", "interestExpense": "42000000", "nonInterestIncome": "None", "otherNonOperatingIncome": "4000000", "depreciation": "None", "depreciationAndAmortization": "183000000", "incomeBeforeTax": "897000000", "incomeTaxExpense": "202000000", "interestAndDebtExpense": "None", "netIncomeFromContinuingOperations": "695000000", "comprehensiveIncomeNetOfTax": "None", "ebit": "945000000", "ebitda": "1128000000", "netIncome": "692000000"}, {"fiscalDateEnding": "2021-06-30", "reportedCurrency": "USD", "grossProfit": "2950000000", "totalRevenue": "3936000000", "costOfRevenue": "986000000", "costofGoodsAndServicesSold": "986000000", "operatingIncome": "234000000", "sellingGeneralAndAdministrative": "2610000000", "researchAndDevelopment": "None", "operatingExpenses": "2610000000", "investmentIncomeNet": "None", "netInterestIncome": "-31000000", "interestIncome": "11000000", "interestExpense": "42000000", "nonInterestIncome": "None", "otherNonOperatingIncome": "11000000", "depreciation": "None", "depreciationAndAmortization": "176000000", "incomeBeforeTax": "1050000000", "incomeTaxExpense": "35000000", "interestAndDebtExpense": "None", "netIncomeFromContinuingOperations": "1015000000", "comprehensiveIncomeNetOfTax": "None", "ebit": "1022000000", "ebitda": "1198000000", "netIncome": "1018000000"}, {"fiscalDateEnding": "2021-03-31", "reportedCurrency": "USD", "grossProfit": "2925000000", "totalRevenue": "3864000000", "costOfRevenue": "939000000", "costofGoodsAndServicesSold": "939000000", "operatingIncome": "616000000", "sellingGeneralAndAdministrative": "2145000000", "researchAndDevelopment": "None", "operatingExpenses": "2145000000", "investmentIncomeNet": "None", "netInterestIncome": "-34000000", "interestIncome": "9000000", "interestExpense": "43000000", "nonInterestIncome": "None", "otherNonOperatingIncome": "9000000", "depreciation": "None", "depreciationAndAmortization": "159000000", "incomeBeforeTax": "580000000", "incomeTaxExpense": "122000000", "interestAndDebtExpense": "None", "netIncomeFromContinuingOperations": "458000000", "comprehensiveIncomeNetOfTax": "None", "ebit": "787000000", "ebitda": "946000000", "netIncome": "456000000"}, {"fiscalDateEnding": "2020-12-31", "reportedCurrency": "USD", "grossProfit": "3769000000", "totalRevenue": "4853000000", "costOfRevenue": "1084000000", "costofGoodsAndServicesSold": "1084000000", "operatingIncome": "1063000000", "sellingGeneralAndAdministrative": "2590000000", "researchAndDevelopment": "None", "operatingExpenses": "2590000000", "investmentIncomeNet": "None", "netInterestIncome": "-26000000", "interestIncome": "17000000", "interestExpense": "43000000", "nonInterestIncome": "None", "otherNonOperatingIncome": "17000000", "depreciation": "None", "depreciationAndAmortization": "160000000", "incomeBeforeTax": "1030000000", "incomeTaxExpense": "153000000", "interestAndDebtExpense": "None", "netIncomeFromContinuingOperations": "877000000", "comprehensiveIncomeNetOfTax": "None", "ebit": "1189000000", "ebitda": "1349000000", "netIncome": "873000000"}, {"fiscalDateEnding": "2020-09-30", "reportedCurrency": "USD", "grossProfit": "2737000000", "totalRevenue": "3562000000", "costOfRevenue": "825000000", "costofGoodsAndServicesSold": "825000000", "operatingIncome": "705000000", "sellingGeneralAndAdministrative": "2026000000", "researchAndDevelopment": "None", "operatingExpenses": "2026000000", "investmentIncomeNet": "None", "netInterestIncome": "-31000000", "interestIncome": "31000000", "interestExpense": "45000000", "nonInterestIncome": "None", "otherNonOperatingIncome": "14000000", "depreciation": "None", "depreciationAndAmortization": "156000000", "incomeBeforeTax": "671000000", "incomeTaxExpense": "146000000", "interestAndDebtExpense": "None", "netIncomeFromContinuingOperations": "525000000", "comprehensiveIncomeNetOfTax": "None", "ebit": "722000000", "ebitda": "878000000", "netIncome": "523000000"}, {"fiscalDateEnding": "2020-06-30", "reportedCurrency": "USD", "grossProfit": "1663000000", "totalRevenue": "2430000000", "costOfRevenue": "767000000", "costofGoodsAndServicesSold": "767000000", "operatingIncome": "-543000000", "sellingGeneralAndAdministrative": "1884000000", "researchAndDevelopment": "228000000", "operatingExpenses": "1884000000", "investmentIncomeNet": "None", "netInterestIncome": "-42000000", "interestIncome": "61000000", "interestExpense": "49000000", "nonInterestIncome": "None", "otherNonOperatingIncome": "7000000", "depreciation": "None", "depreciationAndAmortization": "164000000", "incomeBeforeTax": "-605000000", "incomeTaxExpense": "-146000000", "interestAndDebtExpense": "None", "netIncomeFromContinuingOperations": "-459000000", "comprehensiveIncomeNetOfTax": "None", "ebit": "-398000000", "ebitda": "-234000000", "netIncome": "-462000000"}, {"fiscalDateEnding": "2020-03-31", "reportedCurrency": "USD", "grossProfit": "2509000000", "totalRevenue": "3345000000", "costOfRevenue": "836000000", "costofGoodsAndServicesSold": "836000000", "operatingIncome": "109000000", "sellingGeneralAndAdministrative": "2030000000", "researchAndDevelopment": "None", "operatingExpenses": "2030000000", "investmentIncomeNet": "None", "netInterestIncome": "-28000000", "interestIncome": "14000000", "interestExpense": "42000000", "nonInterestIncome": "None", "otherNonOperatingIncome": "14000000", "depreciation": "None", "depreciationAndAmortization": "160000000", "incomeBeforeTax": "80000000", "incomeTaxExpense": "84000000", "interestAndDebtExpense": "None", "netIncomeFromContinuingOperations": "-4000000", "comprehensiveIncomeNetOfTax": "None", "ebit": "492000000", "ebitda": "652000000", "netIncome": "-6000000"}, {"fiscalDateEnding": "2019-12-31", "reportedCurrency": "USD", "grossProfit": "3583000000", "totalRevenue": "4624000000", "costOfRevenue": "1041000000", "costofGoodsAndServicesSold": "1041000000", "operatingIncome": "261000000", "sellingGeneralAndAdministrative": "2538000000", "researchAndDevelopment": "None", "operatingExpenses": "2538000000", "investmentIncomeNet": "None", "netInterestIncome": "-25000000", "interestIncome": "13000000", "interestExpense": "38000000", "nonInterestIncome": "None", "otherNonOperatingIncome": "13000000", "depreciation": "None", "depreciationAndAmortization": "144000000", "incomeBeforeTax": "811000000", "incomeTaxExpense": "250000000", "interestAndDebtExpense": "None", "netIncomeFromContinuingOperations": "561000000", "comprehensiveIncomeNetOfTax": "None", "ebit": "1633000000", "ebitda": "1777000000", "netIncome": "557000000"}, {"fiscalDateEnding": "2019-09-30", "reportedCurrency": "USD", "grossProfit": "2987000000", "totalRevenue": "3895000000", "costOfRevenue": "908000000", "costofGoodsAndServicesSold": "908000000", "operatingIncome": "779000000", "sellingGeneralAndAdministrative": "2185000000", "researchAndDevelopment": "None", "operatingExpenses": "2185000000", "investmentIncomeNet": "None", "netInterestIncome": "-18000000", "interestIncome": "14000000", "interestExpense": "32000000", "nonInterestIncome": "None", "otherNonOperatingIncome": "14000000", "depreciation": "None", "depreciationAndAmortization": "143000000", "incomeBeforeTax": "760000000", "incomeTaxExpense": "162000000", "interestAndDebtExpense": "None", "netIncomeFromContinuingOperations": "598000000", "comprehensiveIncomeNetOfTax": "None", "ebit": "815000000", "ebitda": "958000000", "netIncome": "595000000"}, {"fiscalDateEnding": "2019-06-30", "reportedCurrency": "USD", "grossProfit": "2755000000", "totalRevenue": "3590000000", "costOfRevenue": "835000000", "costofGoodsAndServicesSold": "835000000", "operatingIncome": "216000000", "sellingGeneralAndAdministrative": "2422000000", "researchAndDevelopment": "202000000", "operatingExpenses": "2422000000", "investmentIncomeNet": "None", "netInterestIncome": "-16000000", "interestIncome": "16000000", "interestExpense": "32000000", "nonInterestIncome": "None", "otherNonOperatingIncome": "16000000", "depreciation": "None", "depreciationAndAmortization": "153000000", "incomeBeforeTax": "199000000", "incomeTaxExpense": "41000000", "interestAndDebtExpense": "None", "netIncomeFromContinuingOperations": "158000000", "comprehensiveIncomeNetOfTax": "None", "ebit": "195000000", "ebitda": "348000000", "netIncome": "157000000"}, {"fiscalDateEnding": "2019-03-31", "reportedCurrency": "USD", "grossProfit": "2925000000", "totalRevenue": "3744000000", "costOfRevenue": "819000000", "costofGoodsAndServicesSold": "819000000", "operatingIncome": "674000000", "sellingGeneralAndAdministrative": "2170000000", "researchAndDevelopment": "None", "operatingExpenses": "2170000000", "investmentIncomeNet": "None", "netInterestIncome": "-17000000", "interestIncome": "17000000", "interestExpense": "32000000", "nonInterestIncome": "None", "otherNonOperatingIncome": "15000000", "depreciation": "None", "depreciationAndAmortization": "135000000", "incomeBeforeTax": "727000000", "incomeTaxExpense": "170000000", "interestAndDebtExpense": "None", "netIncomeFromContinuingOperations": "557000000", "comprehensiveIncomeNetOfTax": "None", "ebit": "840000000", "ebitda": "975000000", "netIncome": "555000000"}, {"fiscalDateEnding": "2018-12-31", "reportedCurrency": "USD", "grossProfit": "3095000000", "totalRevenue": "4005000000", "costOfRevenue": "910000000", "costofGoodsAndServicesSold": "910000000", "operatingIncome": "771000000", "sellingGeneralAndAdministrative": "2257000000", "researchAndDevelopment": "0", "operatingExpenses": "2257000000", "investmentIncomeNet": "None", "netInterestIncome": "None", "interestIncome": "None", "interestExpense": "35000000", "nonInterestIncome": "None", "otherNonOperatingIncome": "12000000", "depreciation": "None", "depreciationAndAmortization": "137000000", "incomeBeforeTax": "748000000", "incomeTaxExpense": "171000000", "interestAndDebtExpense": "None", "netIncomeFromContinuingOperations": "577000000", "comprehensiveIncomeNetOfTax": "None", "ebit": "850000000", "ebitda": "987000000", "netIncome": "573000000"}, {"fiscalDateEnding": "2018-09-30", "reportedCurrency": "USD", "grossProfit": "2701000000", "totalRevenue": "3524000000", "costOfRevenue": "823000000", "costofGoodsAndServicesSold": "823000000", "operatingIncome": "652000000", "sellingGeneralAndAdministrative": "2008000000", "researchAndDevelopment": "0", "operatingExpenses": "2008000000", "investmentIncomeNet": "None", "netInterestIncome": "None", "interestIncome": "None", "interestExpense": "34000000", "nonInterestIncome": "None", "otherNonOperatingIncome": "15000000", "depreciation": "None", "depreciationAndAmortization": "132000000", "incomeBeforeTax": "633000000", "incomeTaxExpense": "131000000", "interestAndDebtExpense": "None", "netIncomeFromContinuingOperations": "502000000", "comprehensiveIncomeNetOfTax": "None", "ebit": "708000000", "ebitda": "840000000", "netIncome": "500000000"}, {"fiscalDateEnding": "2018-06-30", "reportedCurrency": "USD", "grossProfit": "2598000000", "totalRevenue": "3295000000", "costOfRevenue": "697000000", "costofGoodsAndServicesSold": "697000000", "operatingIncome": "277000000", "sellingGeneralAndAdministrative": "2288000000", "researchAndDevelopment": "181000000", "operatingExpenses": "2288000000", "investmentIncomeNet": "None", "netInterestIncome": "None", "interestIncome": "None", "interestExpense": "32000000", "nonInterestIncome": "None", "otherNonOperatingIncome": "16000000", "depreciation": "None", "depreciationAndAmortization": "142000000", "incomeBeforeTax": "261000000", "incomeTaxExpense": "73000000", "interestAndDebtExpense": "None", "netIncomeFromContinuingOperations": "188000000", "comprehensiveIncomeNetOfTax": "None", "ebit": "326000000", "ebitda": "468000000", "netIncome": "186000000"}, {"fiscalDateEnding": "2018-03-31", "reportedCurrency": "USD", "grossProfit": "2687000000", "totalRevenue": "3370000000", "costOfRevenue": "683000000", "costofGoodsAndServicesSold": "683000000", "operatingIncome": "497000000", "sellingGeneralAndAdministrative": "2093000000", "researchAndDevelopment": "0", "operatingExpenses": "2093000000", "investmentIncomeNet": "None", "netInterestIncome": "None", "interestIncome": "None", "interestExpense": "33000000", "nonInterestIncome": "None", "otherNonOperatingIncome": "16000000", "depreciation": "None", "depreciationAndAmortization": "133000000", "incomeBeforeTax": "480000000", "incomeTaxExpense": "106000000", "interestAndDebtExpense": "None", "netIncomeFromContinuingOperations": "374000000", "comprehensiveIncomeNetOfTax": "None", "ebit": "477000000", "ebitda": "610000000", "netIncome": "372000000"}, {"fiscalDateEnding": "2017-12-31", "reportedCurrency": "USD", "grossProfit": "2991000000", "totalRevenue": "3744000000", "costOfRevenue": "753000000", "costofGoodsAndServicesSold": "753000000", "operatingIncome": "710000000", "sellingGeneralAndAdministrative": "2214000000", "researchAndDevelopment": "0", "operatingExpenses": "2214000000", "investmentIncomeNet": "None", "netInterestIncome": "None", "interestIncome": "None", "interestExpense": "32000000", "nonInterestIncome": "None", "otherNonOperatingIncome": "12000000", "depreciation": "None", "depreciationAndAmortization": "129000000", "incomeBeforeTax": "690000000", "incomeTaxExpense": "565000000", "interestAndDebtExpense": "None", "netIncomeFromContinuingOperations": "125000000", "comprehensiveIncomeNetOfTax": "None", "ebit": "789000000", "ebitda": "918000000", "netIncome": "123000000"}, {"fiscalDateEnding": "2017-09-30", "reportedCurrency": "USD", "grossProfit": "2563000000", "totalRevenue": "3274000000", "costOfRevenue": "711000000", "costofGoodsAndServicesSold": "711000000", "operatingIncome": "568000000", "sellingGeneralAndAdministrative": "1961000000", "researchAndDevelopment": "0", "operatingExpenses": "1961000000", "investmentIncomeNet": "None", "netInterestIncome": "None", "interestIncome": "None", "interestExpense": "31000000", "nonInterestIncome": "None", "otherNonOperatingIncome": "12000000", "depreciation": "None", "depreciationAndAmortization": "127000000", "incomeBeforeTax": "549000000", "incomeTaxExpense": "119000000", "interestAndDebtExpense": "None", "netIncomeFromContinuingOperations": "430000000", "comprehensiveIncomeNetOfTax": "None", "ebit": "614000000", "ebitda": "741000000", "netIncome": "427000000"}, {"fiscalDateEnding": "2017-06-30", "reportedCurrency": "USD", "grossProfit": "2281000000", "totalRevenue": "2894000000", "costOfRevenue": "613000000", "costofGoodsAndServicesSold": "613000000", "operatingIncome": "230000000", "sellingGeneralAndAdministrative": "1947000000", "researchAndDevelopment": "179000000", "operatingExpenses": "1947000000", "investmentIncomeNet": "None", "netInterestIncome": "None", "interestIncome": "None", "interestExpense": "32000000", "nonInterestIncome": "None", "otherNonOperatingIncome": "9000000", "depreciation": "None", "depreciationAndAmortization": "127000000", "incomeBeforeTax": "207000000", "incomeTaxExpense": "-23000000", "interestAndDebtExpense": "None", "netIncomeFromContinuingOperations": "16000000", "comprehensiveIncomeNetOfTax": "None", "ebit": "216000000", "ebitda": "343000000", "netIncome": "229000000"}, {"fiscalDateEnding": "2017-03-31", "reportedCurrency": "USD", "grossProfit": "2266000000", "totalRevenue": "2857000000", "costOfRevenue": "591000000", "costofGoodsAndServicesSold": "591000000", "operatingIncome": "427000000", "sellingGeneralAndAdministrative": "1780000000", "researchAndDevelopment": "0", "operatingExpenses": "1780000000", "investmentIncomeNet": "None", "netInterestIncome": "None", "interestIncome": "None", "interestExpense": "28000000", "nonInterestIncome": "None", "otherNonOperatingIncome": "8000000", "depreciation": "None", "depreciationAndAmortization": "119000000", "incomeBeforeTax": "407000000", "incomeTaxExpense": "107000000", "interestAndDebtExpense": "None", "netIncomeFromContinuingOperations": "300000000", "comprehensiveIncomeNetOfTax": "None", "ebit": "494000000", "ebitda": "613000000", "netIncome": "298000000"}, {"fiscalDateEnding": "2016-12-31", "reportedCurrency": "USD", "grossProfit": "2571000000", "totalRevenue": "3208000000", "costOfRevenue": "637000000", "costofGoodsAndServicesSold": "637000000", "operatingIncome": "617000000", "sellingGeneralAndAdministrative": "1917000000", "researchAndDevelopment": "0", "operatingExpenses": "1917000000", "investmentIncomeNet": "None", "netInterestIncome": "None", "interestIncome": "None", "interestExpense": "22000000", "nonInterestIncome": "None", "otherNonOperatingIncome": "5000000", "depreciation": "None", "depreciationAndAmortization": "112000000", "incomeBeforeTax": "600000000", "incomeTaxExpense": "170000000", "interestAndDebtExpense": "None", "netIncomeFromContinuingOperations": "430000000", "comprehensiveIncomeNetOfTax": "None", "ebit": "547000000", "ebitda": "659000000", "netIncome": "428000000"}, {"fiscalDateEnding": "2016-09-30", "reportedCurrency": "USD", "grossProfit": "2269000000", "totalRevenue": "2865000000", "costOfRevenue": "596000000", "costofGoodsAndServicesSold": "596000000", "operatingIncome": "418000000", "sellingGeneralAndAdministrative": "1825000000", "researchAndDevelopment": "0", "operatingExpenses": "1825000000", "investmentIncomeNet": "None", "netInterestIncome": "None", "interestIncome": "None", "interestExpense": "21000000", "nonInterestIncome": "None", "otherNonOperatingIncome": "6000000", "depreciation": "None", "depreciationAndAmortization": "106000000", "incomeBeforeTax": "403000000", "incomeTaxExpense": "107000000", "interestAndDebtExpense": "None", "netIncomeFromContinuingOperations": "510000000", "comprehensiveIncomeNetOfTax": "None", "ebit": "450000000", "ebitda": "556000000", "netIncome": "294000000"}, {"fiscalDateEnding": "2016-06-30", "reportedCurrency": "USD", "grossProfit": "2135600000", "totalRevenue": "2646300000", "costOfRevenue": "510700000", "costofGoodsAndServicesSold": "510700000", "operatingIncome": "143700000", "sellingGeneralAndAdministrative": "1892500000", "researchAndDevelopment": "191000000", "operatingExpenses": "1892500000", "investmentIncomeNet": "None", "netInterestIncome": "None", "interestIncome": "None", "interestExpense": "18600000", "nonInterestIncome": "None", "otherNonOperatingIncome": "5200000", "depreciation": "None", "depreciationAndAmortization": "109800000", "incomeBeforeTax": "130300000", "incomeTaxExpense": "35300000", "interestAndDebtExpense": "None", "netIncomeFromContinuingOperations": "95000000", "comprehensiveIncomeNetOfTax": "None", "ebit": "138500000", "ebitda": "248300000", "netIncome": "93500000"}, {"fiscalDateEnding": "2016-03-31", "reportedCurrency": "USD", "grossProfit": "2152300000", "totalRevenue": "2656500000", "costOfRevenue": "504200000", "costofGoodsAndServicesSold": "504200000", "operatingIncome": "384000000", "sellingGeneralAndAdministrative": "1753100000", "researchAndDevelopment": "0", "operatingExpenses": "1753100000", "investmentIncomeNet": "None", "netInterestIncome": "None", "interestIncome": "None", "interestExpense": "18000000", "nonInterestIncome": "None", "otherNonOperatingIncome": "4200000", "depreciation": "None", "depreciationAndAmortization": "103300000", "incomeBeforeTax": "370200000", "incomeTaxExpense": "103600000", "interestAndDebtExpense": "None", "netIncomeFromContinuingOperations": "266600000", "comprehensiveIncomeNetOfTax": "None", "ebit": "403400000", "ebitda": "506700000", "netIncome": "265600000"}, {"fiscalDateEnding": "2015-12-31", "reportedCurrency": "USD", "grossProfit": "2535800000", "totalRevenue": "3124800000", "costOfRevenue": "589000000", "costofGoodsAndServicesSold": "589000000", "operatingIncome": "629400000", "sellingGeneralAndAdministrative": "1887900000", "researchAndDevelopment": "0", "operatingExpenses": "1887900000", "investmentIncomeNet": "None", "netInterestIncome": "None", "interestIncome": "None", "interestExpense": "17000000", "nonInterestIncome": "None", "otherNonOperatingIncome": "3200000", "depreciation": "None", "depreciationAndAmortization": "103500000", "incomeBeforeTax": "615600000", "incomeTaxExpense": "167200000", "interestAndDebtExpense": "None", "netIncomeFromContinuingOperations": "448400000", "comprehensiveIncomeNetOfTax": "None", "ebit": "651100000", "ebitda": "754600000", "netIncome": "446200000"}, {"fiscalDateEnding": "2015-09-30", "reportedCurrency": "USD", "grossProfit": "2257500000", "totalRevenue": "2834700000", "costOfRevenue": "577200000", "costofGoodsAndServicesSold": "577200000", "operatingIncome": "453200000", "sellingGeneralAndAdministrative": "1804300000", "researchAndDevelopment": "0", "operatingExpenses": "1804300000", "investmentIncomeNet": "None", "netInterestIncome": "None", "interestIncome": "None", "interestExpense": "17100000", "nonInterestIncome": "None", "otherNonOperatingIncome": "3000000", "depreciation": "None", "depreciationAndAmortization": "98100000", "incomeBeforeTax": "439100000", "incomeTaxExpense": "128300000", "interestAndDebtExpense": "None", "netIncomeFromContinuingOperations": "310800000", "comprehensiveIncomeNetOfTax": "None", "ebit": "456200000", "ebitda": "554300000", "netIncome": "309300000"}, {"fiscalDateEnding": "2015-06-30", "reportedCurrency": "USD", "grossProfit": "2036400000", "totalRevenue": "2524400000", "costOfRevenue": "488000000", "costofGoodsAndServicesSold": "488000000", "operatingIncome": "228300000", "sellingGeneralAndAdministrative": "1808100000", "researchAndDevelopment": "178100000", "operatingExpenses": "1808100000", "investmentIncomeNet": "None", "netInterestIncome": "None", "interestIncome": "None", "interestExpense": "15000000", "nonInterestIncome": "None", "otherNonOperatingIncome": "7400000", "depreciation": "None", "depreciationAndAmortization": "110700000", "incomeBeforeTax": "219100000", "incomeTaxExpense": "65300000", "interestAndDebtExpense": "None", "netIncomeFromContinuingOperations": "153800000", "comprehensiveIncomeNetOfTax": "None", "ebit": "234100000", "ebitda": "344800000", "netIncome": "153000000"}, {"fiscalDateEnding": "2015-03-31", "reportedCurrency": "USD", "grossProfit": "2077600000", "totalRevenue": "2580500000", "costOfRevenue": "502900000", "costofGoodsAndServicesSold": "502900000", "operatingIncome": "397200000", "sellingGeneralAndAdministrative": "1680400000", "researchAndDevelopment": "0", "operatingExpenses": "1680400000", "investmentIncomeNet": "None", "netInterestIncome": "None", "interestIncome": "None", "interestExpense": "15200000", "nonInterestIncome": "None", "otherNonOperatingIncome": "3100000", "depreciation": "None", "depreciationAndAmortization": "100000000", "incomeBeforeTax": "385100000", "incomeTaxExpense": "112400000", "interestAndDebtExpense": "None", "netIncomeFromContinuingOperations": "272700000", "comprehensiveIncomeNetOfTax": "None", "ebit": "300300000", "ebitda": "400300000", "netIncome": "272100000"}, {"fiscalDateEnding": "2014-12-31", "reportedCurrency": "USD", "grossProfit": "2471400000", "totalRevenue": "3044500000", "costOfRevenue": "573100000", "costofGoodsAndServicesSold": "573100000", "operatingIncome": "632800000", "sellingGeneralAndAdministrative": "1838600000", "researchAndDevelopment": "0", "operatingExpenses": "1838600000", "investmentIncomeNet": "None", "netInterestIncome": "None", "interestIncome": "None", "interestExpense": "15000000", "nonInterestIncome": "None", "otherNonOperatingIncome": "3800000", "depreciation": "None", "depreciationAndAmortization": "98000000", "incomeBeforeTax": "621600000", "incomeTaxExpense": "183900000", "interestAndDebtExpense": "None", "netIncomeFromContinuingOperations": "437700000", "comprehensiveIncomeNetOfTax": "None", "ebit": "636600000", "ebitda": "734600000", "netIncome": "435700000"}, {"fiscalDateEnding": "2014-09-30", "reportedCurrency": "USD", "grossProfit": "2094400000", "totalRevenue": "2631000000", "costOfRevenue": "536600000", "costofGoodsAndServicesSold": "536600000", "operatingIncome": "348000000", "sellingGeneralAndAdministrative": "1746400000", "researchAndDevelopment": "0", "operatingExpenses": "1746400000", "investmentIncomeNet": "None", "netInterestIncome": "None", "interestIncome": "None", "interestExpense": "13200000", "nonInterestIncome": "None", "otherNonOperatingIncome": "None", "depreciation": "None", "depreciationAndAmortization": "100600000", "incomeBeforeTax": "334800000", "incomeTaxExpense": "105600000", "interestAndDebtExpense": "None", "netIncomeFromContinuingOperations": "229200000", "comprehensiveIncomeNetOfTax": "None", "ebit": "348000000", "ebitda": "448600000", "netIncome": "228100000"}, {"fiscalDateEnding": "2014-06-30", "reportedCurrency": "USD", "grossProfit": "2191500000", "totalRevenue": "2725300000", "costOfRevenue": "533800000", "costofGoodsAndServicesSold": "533800000", "operatingIncome": "380200000", "sellingGeneralAndAdministrative": "1812000000", "researchAndDevelopment": "157900000", "operatingExpenses": "1812000000", "investmentIncomeNet": "None", "netInterestIncome": "None", "interestIncome": "None", "interestExpense": "12600000", "nonInterestIncome": "None", "otherNonOperatingIncome": "None", "depreciation": "None", "depreciationAndAmortization": "104600000", "incomeBeforeTax": "367600000", "incomeTaxExpense": "109200000", "interestAndDebtExpense": "None", "netIncomeFromContinuingOperations": "258400000", "comprehensiveIncomeNetOfTax": "None", "ebit": "379500000", "ebitda": "484100000", "netIncome": "257700000"}, {"fiscalDateEnding": "2014-03-31", "reportedCurrency": "USD", "grossProfit": "2051100000", "totalRevenue": "2549800000", "costOfRevenue": "498700000", "costofGoodsAndServicesSold": "498700000", "operatingIncome": "341600000", "sellingGeneralAndAdministrative": "1709500000", "researchAndDevelopment": "0", "operatingExpenses": "1709500000", "investmentIncomeNet": "None", "netInterestIncome": "None", "interestIncome": "None", "interestExpense": "12300000", "nonInterestIncome": "None", "otherNonOperatingIncome": "None", "depreciation": "None", "depreciationAndAmortization": "95600000", "incomeBeforeTax": "329300000", "incomeTaxExpense": "115600000", "interestAndDebtExpense": "None", "netIncomeFromContinuingOperations": "213700000", "comprehensiveIncomeNetOfTax": "None", "ebit": "246000000", "ebitda": "341600000", "netIncome": "213200000"}, {"fiscalDateEnding": "2013-12-31", "reportedCurrency": "USD", "grossProfit": "2437100000", "totalRevenue": "3018700000", "costOfRevenue": "581600000", "costofGoodsAndServicesSold": "581600000", "operatingIncome": "656300000", "sellingGeneralAndAdministrative": "1784200000", "researchAndDevelopment": "0", "operatingExpenses": "1784200000", "investmentIncomeNet": "None", "netInterestIncome": "None", "interestIncome": "None", "interestExpense": "12400000", "nonInterestIncome": "None", "otherNonOperatingIncome": "None", "depreciation": "None", "depreciationAndAmortization": "95500000", "incomeBeforeTax": "643900000", "incomeTaxExpense": "208700000", "interestAndDebtExpense": "None", "netIncomeFromContinuingOperations": "435200000", "comprehensiveIncomeNetOfTax": "None", "ebit": "652900000", "ebitda": "748400000", "netIncome": "432500000"}, {"fiscalDateEnding": "2013-09-30", "reportedCurrency": "USD", "grossProfit": "2130900000", "totalRevenue": "2675000000", "costOfRevenue": "544100000", "costofGoodsAndServicesSold": "544100000", "operatingIncome": "449500000", "sellingGeneralAndAdministrative": "1680200000", "researchAndDevelopment": "0", "operatingExpenses": "1680200000", "investmentIncomeNet": "None", "netInterestIncome": "None", "interestIncome": "None", "interestExpense": "13500000", "nonInterestIncome": "None", "otherNonOperatingIncome": "None", "depreciation": "None", "depreciationAndAmortization": "88900000", "incomeBeforeTax": "436000000", "incomeTaxExpense": "134200000", "interestAndDebtExpense": "None", "netIncomeFromContinuingOperations": "301800000", "comprehensiveIncomeNetOfTax": "None", "ebit": "450700000", "ebitda": "539600000", "netIncome": "300700000"}, {"fiscalDateEnding": "2013-06-30", "reportedCurrency": "USD", "grossProfit": "1931800000", "totalRevenue": "2407400000", "costOfRevenue": "475600000", "costofGoodsAndServicesSold": "475600000", "operatingIncome": "145800000", "sellingGeneralAndAdministrative": "1765200000", "researchAndDevelopment": "146800000", "operatingExpenses": "1765200000", "investmentIncomeNet": "None", "netInterestIncome": "None", "interestIncome": "None", "interestExpense": "13000000", "nonInterestIncome": "None", "otherNonOperatingIncome": "None", "depreciation": "None", "depreciationAndAmortization": "89700000", "incomeBeforeTax": "132800000", "incomeTaxExpense": "36900000", "interestAndDebtExpense": "None", "netIncomeFromContinuingOperations": "95900000", "comprehensiveIncomeNetOfTax": "None", "ebit": "166600000", "ebitda": "256300000", "netIncome": "94000000"}, {"fiscalDateEnding": "2013-03-31", "reportedCurrency": "USD", "grossProfit": "1848700000", "totalRevenue": "2291800000", "costOfRevenue": "443100000", "costofGoodsAndServicesSold": "443100000", "operatingIncome": "245100000", "sellingGeneralAndAdministrative": "1605300000", "researchAndDevelopment": "0", "operatingExpenses": "1605300000", "investmentIncomeNet": "None", "netInterestIncome": "None", "interestIncome": "None", "interestExpense": "12600000", "nonInterestIncome": "None", "otherNonOperatingIncome": "None", "depreciation": "None", "depreciationAndAmortization": "90400000", "incomeBeforeTax": "232500000", "incomeTaxExpense": "53600000", "interestAndDebtExpense": "None", "netIncomeFromContinuingOperations": "178900000", "comprehensiveIncomeNetOfTax": "None", "ebit": "243400000", "ebitda": "333800000", "netIncome": "178800000"}, {"fiscalDateEnding": "2012-12-31", "reportedCurrency": "USD", "grossProfit": "2365000000", "totalRevenue": "2933000000", "costOfRevenue": "568000000", "costofGoodsAndServicesSold": "568000000", "operatingIncome": "653100000", "sellingGeneralAndAdministrative": "1698600000", "researchAndDevelopment": "0", "operatingExpenses": "1698600000", "investmentIncomeNet": "None", "netInterestIncome": "None", "interestIncome": "None", "interestExpense": "13400000", "nonInterestIncome": "None", "otherNonOperatingIncome": "21300000", "depreciation": "None", "depreciationAndAmortization": "79300000", "incomeBeforeTax": "661000000", "incomeTaxExpense": "211600000", "interestAndDebtExpense": "None", "netIncomeFromContinuingOperations": "449400000", "comprehensiveIncomeNetOfTax": "None", "ebit": "608400000", "ebitda": "687700000", "netIncome": "447500000"}, {"fiscalDateEnding": "2012-09-30", "reportedCurrency": "USD", "grossProfit": "2010300000", "totalRevenue": "2549500000", "costOfRevenue": "539200000", "costofGoodsAndServicesSold": "539200000", "operatingIncome": "482000000", "sellingGeneralAndAdministrative": "1527900000", "researchAndDevelopment": "0", "operatingExpenses": "1527900000", "investmentIncomeNet": "None", "netInterestIncome": "None", "interestIncome": "None", "interestExpense": "34900000", "nonInterestIncome": "None", "otherNonOperatingIncome": "1800000", "depreciation": "None", "depreciationAndAmortization": "77500000", "incomeBeforeTax": "448900000", "incomeTaxExpense": "149300000", "interestAndDebtExpense": "None", "netIncomeFromContinuingOperations": "299600000", "comprehensiveIncomeNetOfTax": "None", "ebit": "404900000", "ebitda": "482400000", "netIncome": "299500000"}, {"fiscalDateEnding": "2012-06-30", "reportedCurrency": "USD", "grossProfit": "1810000000", "totalRevenue": "2251200000", "costOfRevenue": "441200000", "costofGoodsAndServicesSold": "441200000", "operatingIncome": "73200000", "sellingGeneralAndAdministrative": "1701400000", "researchAndDevelopment": "96500000", "operatingExpenses": "1701400000", "investmentIncomeNet": "None", "netInterestIncome": "None", "interestIncome": "None", "interestExpense": "14000000", "nonInterestIncome": "None", "otherNonOperatingIncome": "None", "depreciation": "None", "depreciationAndAmortization": "80400000", "incomeBeforeTax": "59200000", "incomeTaxExpense": "7000000", "interestAndDebtExpense": "None", "netIncomeFromContinuingOperations": "52200000", "comprehensiveIncomeNetOfTax": "None", "ebit": "108600000", "ebitda": "189000000", "netIncome": "51200000"}, {"fiscalDateEnding": "2012-03-31", "reportedCurrency": "USD", "grossProfit": "1778900000", "totalRevenue": "2248200000", "costOfRevenue": "469300000", "costofGoodsAndServicesSold": "469300000", "operatingIncome": "211500000", "sellingGeneralAndAdministrative": "1539000000", "researchAndDevelopment": "0", "operatingExpenses": "1539000000", "investmentIncomeNet": "None", "netInterestIncome": "None", "interestIncome": "None", "interestExpense": "14500000", "nonInterestIncome": "None", "otherNonOperatingIncome": "None", "depreciation": "None", "depreciationAndAmortization": "74400000", "incomeBeforeTax": "197000000", "incomeTaxExpense": "65700000", "interestAndDebtExpense": "None", "netIncomeFromContinuingOperations": "131300000", "comprehensiveIncomeNetOfTax": "None", "ebit": "193900000", "ebitda": "268300000", "netIncome": "130400000"}, {"fiscalDateEnding": "2011-12-31", "reportedCurrency": "USD", "grossProfit": "2186500000", "totalRevenue": "2737500000", "costOfRevenue": "551000000", "costofGoodsAndServicesSold": "551000000", "operatingIncome": "597000000", "sellingGeneralAndAdministrative": "1576700000", "researchAndDevelopment": "0", "operatingExpenses": "1576700000", "investmentIncomeNet": "None", "netInterestIncome": "None", "interestIncome": "None", "interestExpense": "16600000", "nonInterestIncome": "None", "otherNonOperatingIncome": "10500000", "depreciation": "None", "depreciationAndAmortization": "71400000", "incomeBeforeTax": "590900000", "incomeTaxExpense": "192500000", "interestAndDebtExpense": "None", "netIncomeFromContinuingOperations": "398400000", "comprehensiveIncomeNetOfTax": "None", "ebit": "540700000", "ebitda": "612100000", "netIncome": "396700000"}, {"fiscalDateEnding": "2011-09-30", "reportedCurrency": "USD", "grossProfit": "1942400000", "totalRevenue": "2476700000", "costOfRevenue": "534300000", "costofGoodsAndServicesSold": "534300000", "operatingIncome": "430000000", "sellingGeneralAndAdministrative": "1507700000", "researchAndDevelopment": "0", "operatingExpenses": "1507700000", "investmentIncomeNet": "None", "netInterestIncome": "None", "interestIncome": "None", "interestExpense": "16000000", "nonInterestIncome": "None", "otherNonOperatingIncome": "None", "depreciation": "None", "depreciationAndAmortization": "69600000", "incomeBeforeTax": "414000000", "incomeTaxExpense": "135400000", "interestAndDebtExpense": "None", "netIncomeFromContinuingOperations": "278600000", "comprehensiveIncomeNetOfTax": "None", "ebit": "365100000", "ebitda": "434700000", "netIncome": "278600000"}, {"fiscalDateEnding": "2011-06-30", "reportedCurrency": "USD", "grossProfit": "1635500000", "totalRevenue": "2060600000", "costOfRevenue": "425100000", "costofGoodsAndServicesSold": "425100000", "operatingIncome": "64600000", "sellingGeneralAndAdministrative": "1559800000", "researchAndDevelopment": "85700000", "operatingExpenses": "1552800000", "investmentIncomeNet": "None", "netInterestIncome": "None", "interestIncome": "None", "interestExpense": "15900000", "nonInterestIncome": "None", "otherNonOperatingIncome": "None", "depreciation": "None", "depreciationAndAmortization": "81800000", "incomeBeforeTax": "48700000", "incomeTaxExpense": "5500000", "interestAndDebtExpense": "None", "netIncomeFromContinuingOperations": "43200000", "comprehensiveIncomeNetOfTax": "None", "ebit": "43100000", "ebitda": "124900000", "netIncome": "41100000"}, {"fiscalDateEnding": "2011-03-31", "reportedCurrency": "USD", "grossProfit": "1683100000", "totalRevenue": "2165700000", "costOfRevenue": "482600000", "costofGoodsAndServicesSold": "482600000", "operatingIncome": "209100000", "sellingGeneralAndAdministrative": "1415900000", "researchAndDevelopment": "0", "operatingExpenses": "1415900000", "investmentIncomeNet": "None", "netInterestIncome": "None", "interestIncome": "None", "interestExpense": "15800000", "nonInterestIncome": "None", "otherNonOperatingIncome": "None", "depreciation": "None", "depreciationAndAmortization": "77300000", "incomeBeforeTax": "193300000", "incomeTaxExpense": "68200000", "interestAndDebtExpense": "None", "netIncomeFromContinuingOperations": "125100000", "comprehensiveIncomeNetOfTax": "None", "ebit": "248000000", "ebitda": "325300000", "netIncome": "124700000"}, {"fiscalDateEnding": "2010-12-31", "reportedCurrency": "USD", "grossProfit": "1950900000", "totalRevenue": "2492000000", "costOfRevenue": "541100000", "costofGoodsAndServicesSold": "541100000", "operatingIncome": "517700000", "sellingGeneralAndAdministrative": "1419200000", "researchAndDevelopment": "0", "operatingExpenses": "1419200000", "investmentIncomeNet": "None", "netInterestIncome": "None", "interestIncome": "None", "interestExpense": "16100000", "nonInterestIncome": "None", "otherNonOperatingIncome": "None", "depreciation": "None", "depreciationAndAmortization": "66500000", "incomeBeforeTax": "501600000", "incomeTaxExpense": "155700000", "interestAndDebtExpense": "None", "netIncomeFromContinuingOperations": "345900000", "comprehensiveIncomeNetOfTax": "None", "ebit": "465200000", "ebitda": "531700000", "netIncome": "343900000"}, {"fiscalDateEnding": "2010-09-30", "reportedCurrency": "USD", "grossProfit": "1603600000", "totalRevenue": "2091700000", "costOfRevenue": "488100000", "costofGoodsAndServicesSold": "488100000", "operatingIncome": "298000000", "sellingGeneralAndAdministrative": "1301800000", "researchAndDevelopment": "0", "operatingExpenses": "1301800000", "investmentIncomeNet": "None", "netInterestIncome": "None", "interestIncome": "None", "interestExpense": "16100000", "nonInterestIncome": "None", "otherNonOperatingIncome": "None", "depreciation": "None", "depreciationAndAmortization": "68800000", "incomeBeforeTax": "281900000", "incomeTaxExpense": "92300000", "interestAndDebtExpense": "None", "netIncomeFromContinuingOperations": "189600000", "comprehensiveIncomeNetOfTax": "None", "ebit": "233000000", "ebitda": "301800000", "netIncome": "191100000"}, {"fiscalDateEnding": "2010-06-30", "reportedCurrency": "USD", "grossProfit": "1425800000", "totalRevenue": "1840100000", "costOfRevenue": "414300000", "costofGoodsAndServicesSold": "414300000", "operatingIncome": "43600000", "sellingGeneralAndAdministrative": "1358300000", "researchAndDevelopment": "79500000", "operatingExpenses": "1358300000", "investmentIncomeNet": "None", "netInterestIncome": "None", "interestIncome": "None", "interestExpense": "16600000", "nonInterestIncome": "None", "otherNonOperatingIncome": "None", "depreciation": "None", "depreciationAndAmortization": "66900000", "incomeBeforeTax": "-300000", "incomeTaxExpense": "-25300000", "interestAndDebtExpense": "None", "netIncomeFromContinuingOperations": "0", "comprehensiveIncomeNetOfTax": "None", "ebit": "118700000", "ebitda": "185600000", "netIncome": "23900000"}, {"fiscalDateEnding": "2010-03-31", "reportedCurrency": "USD", "grossProfit": "1415400000", "totalRevenue": "1860000000", "costOfRevenue": "444600000", "costofGoodsAndServicesSold": "444600000", "operatingIncome": "126300000", "sellingGeneralAndAdministrative": "1276600000", "researchAndDevelopment": "0", "operatingExpenses": "1276600000", "investmentIncomeNet": "None", "netInterestIncome": "None", "interestIncome": "None", "interestExpense": "18200000", "nonInterestIncome": "None", "otherNonOperatingIncome": "None", "depreciation": "None", "depreciationAndAmortization": "69100000", "incomeBeforeTax": "108100000", "incomeTaxExpense": "50200000", "interestAndDebtExpense": "None", "netIncomeFromContinuingOperations": "0", "comprehensiveIncomeNetOfTax": "None", "ebit": "151300000", "ebitda": "220400000", "netIncome": "57500000"}, {"fiscalDateEnding": "2009-12-31", "reportedCurrency": "USD", "grossProfit": "1736900000", "totalRevenue": "2262300000", "costOfRevenue": "525400000", "costofGoodsAndServicesSold": "525400000", "operatingIncome": "399600000", "sellingGeneralAndAdministrative": "1282400000", "researchAndDevelopment": "0", "operatingExpenses": "1282400000", "investmentIncomeNet": "None", "netInterestIncome": "None", "interestIncome": "None", "interestExpense": "19900000", "nonInterestIncome": "None", "otherNonOperatingIncome": "None", "depreciation": "None", "depreciationAndAmortization": "62400000", "incomeBeforeTax": "379700000", "incomeTaxExpense": "118000000", "interestAndDebtExpense": "None", "netIncomeFromContinuingOperations": "0", "comprehensiveIncomeNetOfTax": "None", "ebit": "509400000", "ebitda": "571800000", "netIncome": "256200000"}, {"fiscalDateEnding": "2009-09-30", "reportedCurrency": "USD", "grossProfit": "1388300000", "totalRevenue": "1833400000", "costOfRevenue": "445100000", "costofGoodsAndServicesSold": "445100000", "operatingIncome": "220400000", "sellingGeneralAndAdministrative": "1149700000", "researchAndDevelopment": "0", "operatingExpenses": "1149700000", "investmentIncomeNet": "None", "netInterestIncome": "None", "interestIncome": "None", "interestExpense": "19600000", "nonInterestIncome": "None", "otherNonOperatingIncome": "None", "depreciation": "None", "depreciationAndAmortization": "65300000", "incomeBeforeTax": "200800000", "incomeTaxExpense": "63000000", "interestAndDebtExpense": "None", "netIncomeFromContinuingOperations": "0", "comprehensiveIncomeNetOfTax": "None", "ebit": "238600000", "ebitda": "303900000", "netIncome": "140700000"}, {"fiscalDateEnding": "2009-06-30", "reportedCurrency": "USD", "grossProfit": "1255700000", "totalRevenue": "1682800000", "costOfRevenue": "427100000", "costofGoodsAndServicesSold": "427100000", "operatingIncome": "-14700000", "sellingGeneralAndAdministrative": "1151700000", "researchAndDevelopment": "81600000", "operatingExpenses": "1151700000", "investmentIncomeNet": "None", "netInterestIncome": "None", "interestIncome": "None", "interestExpense": "20200000", "nonInterestIncome": "None", "otherNonOperatingIncome": "None", "depreciation": "None", "depreciationAndAmortization": "62200000", "incomeBeforeTax": "-34900000", "incomeTaxExpense": "-22500000", "interestAndDebtExpense": "None", "netIncomeFromContinuingOperations": "0", "comprehensiveIncomeNetOfTax": "None", "ebit": "104000000", "ebitda": "166200000", "netIncome": "-17900000"}, {"fiscalDateEnding": "2009-03-31", "reportedCurrency": "USD", "grossProfit": "1250100000", "totalRevenue": "1696500000", "costOfRevenue": "446400000", "costofGoodsAndServicesSold": "446400000", "operatingIncome": "70300000", "sellingGeneralAndAdministrative": "1159000000", "researchAndDevelopment": "0", "operatingExpenses": "1159000000", "investmentIncomeNet": "None", "netInterestIncome": "None", "interestIncome": "None", "interestExpense": "20600000", "nonInterestIncome": "None", "otherNonOperatingIncome": "None", "depreciation": "None", "depreciationAndAmortization": "65900000", "incomeBeforeTax": "49700000", "incomeTaxExpense": "21400000", "interestAndDebtExpense": "None", "netIncomeFromContinuingOperations": "0", "comprehensiveIncomeNetOfTax": "None", "ebit": "91100000", "ebitda": "157000000", "netIncome": "27200000"}, {"fiscalDateEnding": "2008-12-31", "reportedCurrency": "USD", "grossProfit": "1533000000", "totalRevenue": "2041000000", "costOfRevenue": "508000000", "costofGoodsAndServicesSold": "508000000", "operatingIncome": "270300000", "sellingGeneralAndAdministrative": "1262400000", "researchAndDevelopment": "0", "operatingExpenses": "1262700000", "investmentIncomeNet": "None", "netInterestIncome": "None", "interestIncome": "None", "interestExpense": "19600000", "nonInterestIncome": "None", "otherNonOperatingIncome": "None", "depreciation": "None", "depreciationAndAmortization": "63300000", "incomeBeforeTax": "250700000", "incomeTaxExpense": "89400000", "interestAndDebtExpense": "None", "netIncomeFromContinuingOperations": "0", "comprehensiveIncomeNetOfTax": "None", "ebit": "270600000", "ebitda": "333900000", "netIncome": "158000000"}, {"fiscalDateEnding": "2008-09-30", "reportedCurrency": "USD", "grossProfit": "1403400000", "totalRevenue": "1903500000", "costOfRevenue": "500100000", "costofGoodsAndServicesSold": "500100000", "operatingIncome": "92500000", "sellingGeneralAndAdministrative": "1310800000", "researchAndDevelopment": "0", "operatingExpenses": "1310900000", "investmentIncomeNet": "None", "netInterestIncome": "None", "interestIncome": "None", "interestExpense": "15300000", "nonInterestIncome": "None", "otherNonOperatingIncome": "None", "depreciation": "None", "depreciationAndAmortization": "62600000", "incomeBeforeTax": "77200000", "incomeTaxExpense": "27600000", "interestAndDebtExpense": "None", "netIncomeFromContinuingOperations": "0", "comprehensiveIncomeNetOfTax": "None", "ebit": "92600000", "ebitda": "155200000", "netIncome": "51100000"}, {"fiscalDateEnding": "2008-06-30", "reportedCurrency": "USD", "grossProfit": "1521500000", "totalRevenue": "2012100000", "costOfRevenue": "490600000", "costofGoodsAndServicesSold": "490600000", "operatingIncome": "201100000", "sellingGeneralAndAdministrative": "1319500000", "researchAndDevelopment": "80900000", "operatingExpenses": "1320400000", "investmentIncomeNet": "None", "netInterestIncome": "None", "interestIncome": "None", "interestExpense": "14000000", "nonInterestIncome": "None", "otherNonOperatingIncome": "None", "depreciation": "None", "depreciationAndAmortization": "66200000", "incomeBeforeTax": "187100000", "incomeTaxExpense": "62200000", "interestAndDebtExpense": "None", "netIncomeFromContinuingOperations": "0", "comprehensiveIncomeNetOfTax": "None", "ebit": "202000000", "ebitda": "268200000", "netIncome": "120200000"}, {"fiscalDateEnding": "2008-03-31", "reportedCurrency": "USD", "grossProfit": "1407900000", "totalRevenue": "1879800000", "costOfRevenue": "471900000", "costofGoodsAndServicesSold": "471900000", "operatingIncome": "161200000", "sellingGeneralAndAdministrative": "1247400000", "researchAndDevelopment": "0", "operatingExpenses": "1246700000", "investmentIncomeNet": "None", "netInterestIncome": "None", "interestIncome": "None", "interestExpense": "16100000", "nonInterestIncome": "None", "otherNonOperatingIncome": "None", "depreciation": "None", "depreciationAndAmortization": "62600000", "incomeBeforeTax": "145100000", "incomeTaxExpense": "53700000", "interestAndDebtExpense": "None", "netIncomeFromContinuingOperations": "0", "comprehensiveIncomeNetOfTax": "None", "ebit": "160500000", "ebitda": "223100000", "netIncome": "90100000"}, {"fiscalDateEnding": "2007-12-31", "reportedCurrency": "USD", "grossProfit": "1730300000", "totalRevenue": "2308800000", "costOfRevenue": "578500000", "costofGoodsAndServicesSold": "578500000", "operatingIncome": "370500000", "sellingGeneralAndAdministrative": "1359900000", "researchAndDevelopment": "0", "operatingExpenses": "1359800000", "investmentIncomeNet": "None", "netInterestIncome": "None", "interestIncome": "None", "interestExpense": "18300000", "nonInterestIncome": "None", "otherNonOperatingIncome": "None", "depreciation": "None", "depreciationAndAmortization": "62900000", "incomeBeforeTax": "352200000", "incomeTaxExpense": "122900000", "interestAndDebtExpense": "None", "netIncomeFromContinuingOperations": "0", "comprehensiveIncomeNetOfTax": "None", "ebit": "370400000", "ebitda": "433300000", "netIncome": "224400000"}, {"fiscalDateEnding": "2007-09-30", "reportedCurrency": "USD", "grossProfit": "1254300000", "totalRevenue": "1710100000", "costOfRevenue": "455800000", "costofGoodsAndServicesSold": "455800000", "operatingIncome": "77900000", "sellingGeneralAndAdministrative": "1176100000", "researchAndDevelopment": "0", "operatingExpenses": "1176400000", "investmentIncomeNet": "None", "netInterestIncome": "None", "interestIncome": "None", "interestExpense": "18400000", "nonInterestIncome": "None", "otherNonOperatingIncome": "None", "depreciation": "None", "depreciationAndAmortization": "59000000", "incomeBeforeTax": "59500000", "incomeTaxExpense": "21100000", "interestAndDebtExpense": "None", "netIncomeFromContinuingOperations": "0", "comprehensiveIncomeNetOfTax": "None", "ebit": "78200000", "ebitda": "137200000", "netIncome": "39100000"}, {"fiscalDateEnding": "2007-06-30", "reportedCurrency": "USD", "grossProfit": "1340700000", "totalRevenue": "1762400000", "costOfRevenue": "421700000", "costofGoodsAndServicesSold": "421700000", "operatingIncome": "160900000", "sellingGeneralAndAdministrative": "1179100000", "researchAndDevelopment": "74400000", "operatingExpenses": "1179800000", "investmentIncomeNet": "None", "netInterestIncome": "None", "interestIncome": "None", "interestExpense": "30100000", "nonInterestIncome": "None", "otherNonOperatingIncome": "None", "depreciation": "None", "depreciationAndAmortization": "54400000", "incomeBeforeTax": "145200000", "incomeTaxExpense": "56100000", "interestAndDebtExpense": "None", "netIncomeFromContinuingOperations": "0", "comprehensiveIncomeNetOfTax": "None", "ebit": "161600000", "ebitda": "216000000", "netIncome": "88600000"}, {"fiscalDateEnding": "2007-03-31", "reportedCurrency": "USD", "grossProfit": "1264500000", "totalRevenue": "1690500000", "costOfRevenue": "426000000", "costofGoodsAndServicesSold": "426000000", "operatingIncome": "156700000", "sellingGeneralAndAdministrative": "1107900000", "researchAndDevelopment": "0", "operatingExpenses": "1107800000", "investmentIncomeNet": "None", "netInterestIncome": "None", "interestIncome": "None", "interestExpense": "8800000", "nonInterestIncome": "None", "otherNonOperatingIncome": "None", "depreciation": "None", "depreciationAndAmortization": "49000000", "incomeBeforeTax": "147900000", "incomeTaxExpense": "52400000", "interestAndDebtExpense": "None", "netIncomeFromContinuingOperations": "0", "comprehensiveIncomeNetOfTax": "None", "ebit": "156600000", "ebitda": "205600000", "netIncome": "93900000"}, {"fiscalDateEnding": "2006-12-31", "reportedCurrency": "USD", "grossProfit": "1492100000", "totalRevenue": "1991100000", "costOfRevenue": "499000000", "costofGoodsAndServicesSold": "499000000", "operatingIncome": "332400000", "sellingGeneralAndAdministrative": "1159700000", "researchAndDevelopment": "0", "operatingExpenses": "1159700000", "investmentIncomeNet": "None", "netInterestIncome": "None", "interestIncome": "None", "interestExpense": "7700000", "nonInterestIncome": "None", "otherNonOperatingIncome": "None", "depreciation": "None", "depreciationAndAmortization": "52900000", "incomeBeforeTax": "324700000", "incomeTaxExpense": "113300000", "interestAndDebtExpense": "None", "netIncomeFromContinuingOperations": "0", "comprehensiveIncomeNetOfTax": "None", "ebit": "332400000", "ebitda": "385300000", "netIncome": "208400000"}, {"fiscalDateEnding": "2006-09-30", "reportedCurrency": "USD", "grossProfit": "1165400000", "totalRevenue": "1593500000", "costOfRevenue": "428100000", "costofGoodsAndServicesSold": "428100000", "operatingIncome": "99900000", "sellingGeneralAndAdministrative": "1065000000", "researchAndDevelopment": "0", "operatingExpenses": "1065500000", "investmentIncomeNet": "None", "netInterestIncome": "None", "interestIncome": "None", "interestExpense": "6700000", "nonInterestIncome": "None", "otherNonOperatingIncome": "None", "depreciation": "None", "depreciationAndAmortization": "50900000", "incomeBeforeTax": "93200000", "incomeTaxExpense": "33400000", "interestAndDebtExpense": "None", "netIncomeFromContinuingOperations": "0", "comprehensiveIncomeNetOfTax": "None", "ebit": "100400000", "ebitda": "151300000", "netIncome": "58300000"}, {"fiscalDateEnding": "2006-06-30", "reportedCurrency": "USD", "grossProfit": "1207500000", "totalRevenue": "1604600000", "costOfRevenue": "397100000", "costofGoodsAndServicesSold": "397100000", "operatingIncome": "147500000", "sellingGeneralAndAdministrative": "1021100000", "researchAndDevelopment": "72000000", "operatingExpenses": "1060000000", "investmentIncomeNet": "None", "netInterestIncome": "None", "interestIncome": "None", "interestExpense": "23800000", "nonInterestIncome": "None", "otherNonOperatingIncome": "None", "depreciation": "None", "depreciationAndAmortization": "51400000", "incomeBeforeTax": "142800000", "incomeTaxExpense": "90300000", "interestAndDebtExpense": "None", "netIncomeFromContinuingOperations": "0", "comprehensiveIncomeNetOfTax": "None", "ebit": "186400000", "ebitda": "237800000", "netIncome": "44500000"}, {"fiscalDateEnding": "2006-03-31", "reportedCurrency": "USD", "grossProfit": "1166700000", "totalRevenue": "1578200000", "costOfRevenue": "411500000", "costofGoodsAndServicesSold": "411500000", "operatingIncome": "116300000", "sellingGeneralAndAdministrative": "998800000", "researchAndDevelopment": "0", "operatingExpenses": "1050400000", "investmentIncomeNet": "None", "netInterestIncome": "None", "interestIncome": "None", "interestExpense": "6600000", "nonInterestIncome": "None", "otherNonOperatingIncome": "None", "depreciation": "None", "depreciationAndAmortization": "49900000", "incomeBeforeTax": "109700000", "incomeTaxExpense": "43400000", "interestAndDebtExpense": "None", "netIncomeFromContinuingOperations": "0", "comprehensiveIncomeNetOfTax": "None", "ebit": "167900000", "ebitda": "217800000", "netIncome": "59500000"}, {"fiscalDateEnding": "2005-12-31", "reportedCurrency": "USD", "grossProfit": "1325400000", "totalRevenue": "1783900000", "costOfRevenue": "458500000", "costofGoodsAndServicesSold": "458500000", "operatingIncome": "250700000", "sellingGeneralAndAdministrative": "1074700000", "researchAndDevelopment": "0", "operatingExpenses": "1074700000", "investmentIncomeNet": "None", "netInterestIncome": "None", "interestIncome": "None", "interestExpense": "6900000", "nonInterestIncome": "None", "otherNonOperatingIncome": "None", "depreciation": "None", "depreciationAndAmortization": "49900000", "incomeBeforeTax": "243800000", "incomeTaxExpense": "90200000", "interestAndDebtExpense": "None", "netIncomeFromContinuingOperations": "0", "comprehensiveIncomeNetOfTax": "None", "ebit": "250700000", "ebitda": "300600000", "netIncome": "81700000"}, {"fiscalDateEnding": "2005-09-30", "reportedCurrency": "USD", "grossProfit": "1077600000", "totalRevenue": "1497100000", "costOfRevenue": "419500000", "costofGoodsAndServicesSold": "419500000", "operatingIncome": "105100000", "sellingGeneralAndAdministrative": "972500000", "researchAndDevelopment": "0", "operatingExpenses": "972500000", "investmentIncomeNet": "None", "netInterestIncome": "None", "interestIncome": "None", "interestExpense": "5600000", "nonInterestIncome": "None", "otherNonOperatingIncome": "None", "depreciation": "None", "depreciationAndAmortization": "47200000", "incomeBeforeTax": "99500000", "incomeTaxExpense": "35800000", "interestAndDebtExpense": "None", "netIncomeFromContinuingOperations": "0", "comprehensiveIncomeNetOfTax": "None", "ebit": "105100000", "ebitda": "152300000", "netIncome": "58500000"}, {"fiscalDateEnding": "2005-06-30", "reportedCurrency": "USD", "grossProfit": "1172100000", "totalRevenue": "1543700000", "costOfRevenue": "371600000", "costofGoodsAndServicesSold": "371600000", "operatingIncome": "158400000", "sellingGeneralAndAdministrative": "1013700000", "researchAndDevelopment": "72300000", "operatingExpenses": "1013700000", "investmentIncomeNet": "None", "netInterestIncome": "None", "interestIncome": "None", "interestExpense": "13900000", "nonInterestIncome": "None", "otherNonOperatingIncome": "None", "depreciation": "None", "depreciationAndAmortization": "52700000", "incomeBeforeTax": "155200000", "incomeTaxExpense": "85100000", "interestAndDebtExpense": "None", "netIncomeFromContinuingOperations": "0", "comprehensiveIncomeNetOfTax": "None", "ebit": "158400000", "ebitda": "211100000", "netIncome": "66600000"}, {"fiscalDateEnding": "2005-03-31", "reportedCurrency": "USD", "grossProfit": "1151700000", "totalRevenue": "1538200000", "costOfRevenue": "386500000", "costofGoodsAndServicesSold": "386500000", "operatingIncome": "176400000", "sellingGeneralAndAdministrative": "975300000", "researchAndDevelopment": "0", "operatingExpenses": "975300000", "investmentIncomeNet": "None", "netInterestIncome": "None", "interestIncome": "None", "interestExpense": "3300000", "nonInterestIncome": "None", "otherNonOperatingIncome": "None", "depreciation": "None", "depreciationAndAmortization": "49500000", "incomeBeforeTax": "173100000", "incomeTaxExpense": "64700000", "interestAndDebtExpense": "None", "netIncomeFromContinuingOperations": "0", "comprehensiveIncomeNetOfTax": "None", "ebit": "176400000", "ebitda": "225900000", "netIncome": "106200000"}, {"fiscalDateEnding": "2004-12-31", "reportedCurrency": "USD", "grossProfit": "1302300000", "totalRevenue": "1750300000", "costOfRevenue": "448000000", "costofGoodsAndServicesSold": "448000000", "operatingIncome": "230500000", "sellingGeneralAndAdministrative": "1071800000", "researchAndDevelopment": "0", "operatingExpenses": "1071800000", "investmentIncomeNet": "None", "netInterestIncome": "None", "interestIncome": "None", "interestExpense": "3300000", "nonInterestIncome": "None", "otherNonOperatingIncome": "None", "depreciation": "None", "depreciationAndAmortization": "47600000", "incomeBeforeTax": "227200000", "incomeTaxExpense": "85500000", "interestAndDebtExpense": "None", "netIncomeFromContinuingOperations": "0", "comprehensiveIncomeNetOfTax": "None", "ebit": "230500000", "ebitda": "278100000", "netIncome": "138300000"}]}