{"symbol": "ETN", "annualReports": [{"fiscalDateEnding": "2024-12-31", "reportedCurrency": "USD", "grossProfit": "9503000000", "totalRevenue": "24878000000", "costOfRevenue": "15375000000", "costofGoodsAndServicesSold": "15375000000", "operatingIncome": "4632000000", "sellingGeneralAndAdministrative": "4077000000", "researchAndDevelopment": "794000000", "operatingExpenses": "4871000000", "investmentIncomeNet": "None", "netInterestIncome": "-130000000", "interestIncome": "None", "interestExpense": "130000000", "nonInterestIncome": "None", "otherNonOperatingIncome": "None", "depreciation": "None", "depreciationAndAmortization": "921000000", "incomeBeforeTax": "4566000000", "incomeTaxExpense": "768000000", "interestAndDebtExpense": "None", "netIncomeFromContinuingOperations": "3798000000", "comprehensiveIncomeNetOfTax": "None", "ebit": "4626999771", "ebitda": "5547999771", "netIncome": "3794000000"}, {"fiscalDateEnding": "2023-12-31", "reportedCurrency": "USD", "grossProfit": "23196000000", "totalRevenue": "23196000000", "costOfRevenue": "14576000000", "costofGoodsAndServicesSold": "14576000000", "operatingIncome": "3822000000", "sellingGeneralAndAdministrative": "3635000000", "researchAndDevelopment": "754000000", "operatingExpenses": "4549000000", "investmentIncomeNet": "None", "netInterestIncome": "-168000000", "interestIncome": "None", "interestExpense": "151000000", "nonInterestIncome": "None", "otherNonOperatingIncome": "None", "depreciation": "None", "depreciationAndAmortization": "-63000000", "incomeBeforeTax": "3827000000", "incomeTaxExpense": "604000000", "interestAndDebtExpense": "None", "netIncomeFromContinuingOperations": "2998000000", "comprehensiveIncomeNetOfTax": "None", "ebit": "3822000000", "ebitda": "3822000000", "netIncome": "3218000000"}, {"fiscalDateEnding": "2022-12-31", "reportedCurrency": "USD", "grossProfit": "6887000000", "totalRevenue": "20752000000", "costOfRevenue": "13865000000", "costofGoodsAndServicesSold": "13865000000", "operatingIncome": "2077000000", "sellingGeneralAndAdministrative": "3227000000", "researchAndDevelopment": "665000000", "operatingExpenses": "3892000000", "investmentIncomeNet": "None", "netInterestIncome": "-144000000", "interestIncome": "144000000", "interestExpense": "144000000", "nonInterestIncome": "None", "otherNonOperatingIncome": "60000000", "depreciation": "None", "depreciationAndAmortization": "954000000", "incomeBeforeTax": "2911000000", "incomeTaxExpense": "445000000", "interestAndDebtExpense": "None", "netIncomeFromContinuingOperations": "2466000000", "comprehensiveIncomeNetOfTax": "None", "ebit": "2077000000", "ebitda": "3031000000", "netIncome": "2462000000"}, {"fiscalDateEnding": "2021-12-31", "reportedCurrency": "USD", "grossProfit": "6335000000", "totalRevenue": "19628000000", "costOfRevenue": "13293000000", "costofGoodsAndServicesSold": "13293000000", "operatingIncome": "1501000000", "sellingGeneralAndAdministrative": "3256000000", "researchAndDevelopment": "616000000", "operatingExpenses": "3872000000", "investmentIncomeNet": "None", "netInterestIncome": "-144000000", "interestIncome": "144000000", "interestExpense": "144000000", "nonInterestIncome": "None", "otherNonOperatingIncome": "577000000", "depreciation": "None", "depreciationAndAmortization": "922000000", "incomeBeforeTax": "2896000000", "incomeTaxExpense": "750000000", "interestAndDebtExpense": "None", "netIncomeFromContinuingOperations": "2146000000", "comprehensiveIncomeNetOfTax": "None", "ebit": "1501000000", "ebitda": "2423000000", "netIncome": "2144000000"}, {"fiscalDateEnding": "2020-12-31", "reportedCurrency": "USD", "grossProfit": "5450000000", "totalRevenue": "17858000000", "costOfRevenue": "12408000000", "costofGoodsAndServicesSold": "12408000000", "operatingIncome": "863000000", "sellingGeneralAndAdministrative": "3075000000", "researchAndDevelopment": "551000000", "operatingExpenses": "3626000000", "investmentIncomeNet": "None", "netInterestIncome": "-149000000", "interestIncome": "149000000", "interestExpense": "149000000", "nonInterestIncome": "None", "otherNonOperatingIncome": "71000000", "depreciation": "None", "depreciationAndAmortization": "811000000", "incomeBeforeTax": "1746000000", "incomeTaxExpense": "331000000", "interestAndDebtExpense": "None", "netIncomeFromContinuingOperations": "1415000000", "comprehensiveIncomeNetOfTax": "None", "ebit": "863000000", "ebitda": "1674000000", "netIncome": "1410000000"}, {"fiscalDateEnding": "2019-12-31", "reportedCurrency": "USD", "grossProfit": "7052000000", "totalRevenue": "21390000000", "costOfRevenue": "14338000000", "costofGoodsAndServicesSold": "14338000000", "operatingIncome": "1943000000", "sellingGeneralAndAdministrative": "3583000000", "researchAndDevelopment": "606000000", "operatingExpenses": "4189000000", "investmentIncomeNet": "None", "netInterestIncome": "-236000000", "interestIncome": "236000000", "interestExpense": "236000000", "nonInterestIncome": "None", "otherNonOperatingIncome": "-36000000", "depreciation": "None", "depreciationAndAmortization": "884000000", "incomeBeforeTax": "2591000000", "incomeTaxExpense": "378000000", "interestAndDebtExpense": "None", "netIncomeFromContinuingOperations": "2969000000", "comprehensiveIncomeNetOfTax": "None", "ebit": "1943000000", "ebitda": "2827000000", "netIncome": "2211000000"}, {"fiscalDateEnding": "2018-12-31", "reportedCurrency": "USD", "grossProfit": "7098000000", "totalRevenue": "21609000000", "costOfRevenue": "14511000000", "costofGoodsAndServicesSold": "14511000000", "operatingIncome": "2966000000", "sellingGeneralAndAdministrative": "3548000000", "researchAndDevelopment": "584000000", "operatingExpenses": "4132000000", "investmentIncomeNet": "None", "netInterestIncome": "-271000000", "interestIncome": "270000000", "interestExpense": "271000000", "nonInterestIncome": "None", "otherNonOperatingIncome": "4000000", "depreciation": "None", "depreciationAndAmortization": "903000000", "incomeBeforeTax": "2424000000", "incomeTaxExpense": "278000000", "interestAndDebtExpense": "None", "netIncomeFromContinuingOperations": "2146000000", "comprehensiveIncomeNetOfTax": "None", "ebit": "2972000000", "ebitda": "3875000000", "netIncome": "2145000000"}, {"fiscalDateEnding": "2017-12-31", "reportedCurrency": "USD", "grossProfit": "6648000000", "totalRevenue": "20404000000", "costOfRevenue": "13756000000", "costofGoodsAndServicesSold": "13756000000", "operatingIncome": "2499000000", "sellingGeneralAndAdministrative": "3565000000", "researchAndDevelopment": "584000000", "operatingExpenses": "4149000000", "investmentIncomeNet": "None", "netInterestIncome": "-246000000", "interestIncome": "244000000", "interestExpense": "246000000", "nonInterestIncome": "None", "otherNonOperatingIncome": "1077000000", "depreciation": "None", "depreciationAndAmortization": "914000000", "incomeBeforeTax": "3368000000", "incomeTaxExpense": "382000000", "interestAndDebtExpense": "None", "netIncomeFromContinuingOperations": "2986000000", "comprehensiveIncomeNetOfTax": "None", "ebit": "2504000000", "ebitda": "3418000000", "netIncome": "2985000000"}, {"fiscalDateEnding": "2016-12-31", "reportedCurrency": "USD", "grossProfit": "6347000000", "totalRevenue": "19747000000", "costOfRevenue": "13400000000", "costofGoodsAndServicesSold": "13400000000", "operatingIncome": "2253000000", "sellingGeneralAndAdministrative": "3505000000", "researchAndDevelopment": "589000000", "operatingExpenses": "4094000000", "investmentIncomeNet": "None", "netInterestIncome": "-233000000", "interestIncome": "226000000", "interestExpense": "233000000", "nonInterestIncome": "None", "otherNonOperatingIncome": "107000000", "depreciation": "None", "depreciationAndAmortization": "929000000", "incomeBeforeTax": "2127000000", "incomeTaxExpense": "202000000", "interestAndDebtExpense": "None", "netIncomeFromContinuingOperations": "1925000000", "comprehensiveIncomeNetOfTax": "None", "ebit": "2247000000", "ebitda": "3176000000", "netIncome": "1922000000"}, {"fiscalDateEnding": "2015-12-31", "reportedCurrency": "USD", "grossProfit": "6563000000", "totalRevenue": "20855000000", "costOfRevenue": "14292000000", "costofGoodsAndServicesSold": "14292000000", "operatingIncome": "2342000000", "sellingGeneralAndAdministrative": "3596000000", "researchAndDevelopment": "625000000", "operatingExpenses": "4221000000", "investmentIncomeNet": "None", "netInterestIncome": "None", "interestIncome": "232000000", "interestExpense": "232000000", "nonInterestIncome": "None", "otherNonOperatingIncome": "35000000", "depreciation": "None", "depreciationAndAmortization": "925000000", "incomeBeforeTax": "2145000000", "incomeTaxExpense": "164000000", "interestAndDebtExpense": "None", "netIncomeFromContinuingOperations": "2309000000", "comprehensiveIncomeNetOfTax": "None", "ebit": "2377000000", "ebitda": "3302000000", "netIncome": "1979000000"}, {"fiscalDateEnding": "2014-12-31", "reportedCurrency": "USD", "grossProfit": "6906000000", "totalRevenue": "22552000000", "costOfRevenue": "15646000000", "costofGoodsAndServicesSold": "15646000000", "operatingIncome": "2449000000", "sellingGeneralAndAdministrative": "3810000000", "researchAndDevelopment": "647000000", "operatingExpenses": "4457000000", "investmentIncomeNet": "None", "netInterestIncome": "None", "interestIncome": "None", "interestExpense": "227000000", "nonInterestIncome": "None", "otherNonOperatingIncome": "183000000", "depreciation": "None", "depreciationAndAmortization": "983000000", "incomeBeforeTax": "1761000000", "incomeTaxExpense": "-42000000", "interestAndDebtExpense": "None", "netIncomeFromContinuingOperations": "1719000000", "comprehensiveIncomeNetOfTax": "None", "ebit": "2603000000", "ebitda": "3586000000", "netIncome": "1793000000"}, {"fiscalDateEnding": "2013-12-31", "reportedCurrency": "USD", "grossProfit": "6677000000", "totalRevenue": "22046000000", "costOfRevenue": "15369000000", "costofGoodsAndServicesSold": "15369000000", "operatingIncome": "2147000000", "sellingGeneralAndAdministrative": "3886000000", "researchAndDevelopment": "644000000", "operatingExpenses": "4530000000", "investmentIncomeNet": "None", "netInterestIncome": "None", "interestIncome": "None", "interestExpense": "271000000", "nonInterestIncome": "None", "otherNonOperatingIncome": "8000000", "depreciation": "None", "depreciationAndAmortization": "997000000", "incomeBeforeTax": "1884000000", "incomeTaxExpense": "11000000", "interestAndDebtExpense": "None", "netIncomeFromContinuingOperations": "1895000000", "comprehensiveIncomeNetOfTax": "None", "ebit": "2310000000", "ebitda": "3307000000", "netIncome": "1861000000"}, {"fiscalDateEnding": "2012-12-31", "reportedCurrency": "USD", "grossProfit": "4863000000", "totalRevenue": "16311000000", "costOfRevenue": "11448000000", "costofGoodsAndServicesSold": "11448000000", "operatingIncome": "1530000000", "sellingGeneralAndAdministrative": "2894000000", "researchAndDevelopment": "439000000", "operatingExpenses": "3333000000", "investmentIncomeNet": "None", "netInterestIncome": "None", "interestIncome": "None", "interestExpense": "208000000", "nonInterestIncome": "None", "otherNonOperatingIncome": "-71000000", "depreciation": "None", "depreciationAndAmortization": "598000000", "incomeBeforeTax": "1251000000", "incomeTaxExpense": "31000000", "interestAndDebtExpense": "None", "netIncomeFromContinuingOperations": "1282000000", "comprehensiveIncomeNetOfTax": "None", "ebit": "1459000000", "ebitda": "2057000000", "netIncome": "1217000000"}, {"fiscalDateEnding": "2011-12-31", "reportedCurrency": "USD", "grossProfit": "4788000000", "totalRevenue": "16049000000", "costOfRevenue": "11261000000", "costofGoodsAndServicesSold": "11261000000", "operatingIncome": "1633000000", "sellingGeneralAndAdministrative": "3155000000", "researchAndDevelopment": "417000000", "operatingExpenses": "3155000000", "investmentIncomeNet": "None", "netInterestIncome": "None", "interestIncome": "None", "interestExpense": "118000000", "nonInterestIncome": "None", "otherNonOperatingIncome": "None", "depreciation": "None", "depreciationAndAmortization": "556000000", "incomeBeforeTax": "1553000000", "incomeTaxExpense": "201000000", "interestAndDebtExpense": "None", "netIncomeFromContinuingOperations": "None", "comprehensiveIncomeNetOfTax": "None", "ebit": "1671000000", "ebitda": "2227000000", "netIncome": "1350000000"}, {"fiscalDateEnding": "2010-12-31", "reportedCurrency": "USD", "grossProfit": "4082000000", "totalRevenue": "13715000000", "costOfRevenue": "9633000000", "costofGoodsAndServicesSold": "9633000000", "operatingIncome": "1171000000", "sellingGeneralAndAdministrative": "2911000000", "researchAndDevelopment": "425000000", "operatingExpenses": "2911000000", "investmentIncomeNet": "None", "netInterestIncome": "None", "interestIncome": "None", "interestExpense": "136000000", "nonInterestIncome": "None", "otherNonOperatingIncome": "None", "depreciation": "None", "depreciationAndAmortization": "551000000", "incomeBeforeTax": "1036000000", "incomeTaxExpense": "99000000", "interestAndDebtExpense": "None", "netIncomeFromContinuingOperations": "None", "comprehensiveIncomeNetOfTax": "None", "ebit": "1172000000", "ebitda": "1723000000", "netIncome": "929000000"}, {"fiscalDateEnding": "2009-12-31", "reportedCurrency": "USD", "grossProfit": "3091000000", "totalRevenue": "11873000000", "costOfRevenue": "8782000000", "costofGoodsAndServicesSold": "8782000000", "operatingIncome": "444000000", "sellingGeneralAndAdministrative": "2647000000", "researchAndDevelopment": "395000000", "operatingExpenses": "2647000000", "investmentIncomeNet": "None", "netInterestIncome": "None", "interestIncome": "None", "interestExpense": "150000000", "nonInterestIncome": "None", "otherNonOperatingIncome": "None", "depreciation": "None", "depreciationAndAmortization": "573000000", "incomeBeforeTax": "303000000", "incomeTaxExpense": "-82000000", "interestAndDebtExpense": "None", "netIncomeFromContinuingOperations": "None", "comprehensiveIncomeNetOfTax": "None", "ebit": "444000000", "ebitda": "1017000000", "netIncome": "383000000"}, {"fiscalDateEnding": "2008-12-31", "reportedCurrency": "USD", "grossProfit": "4185000000", "totalRevenue": "15376000000", "costOfRevenue": "11191000000", "costofGoodsAndServicesSold": "11191000000", "operatingIncome": "1255000000", "sellingGeneralAndAdministrative": "2930000000", "researchAndDevelopment": "417000000", "operatingExpenses": "2773000000", "investmentIncomeNet": "None", "netInterestIncome": "None", "interestIncome": "None", "interestExpense": "157000000", "nonInterestIncome": "None", "otherNonOperatingIncome": "None", "depreciation": "None", "depreciationAndAmortization": "592000000", "incomeBeforeTax": "1128000000", "incomeTaxExpense": "73000000", "interestAndDebtExpense": "None", "netIncomeFromContinuingOperations": "None", "comprehensiveIncomeNetOfTax": "None", "ebit": "1285000000", "ebitda": "1877000000", "netIncome": "1058000000"}, {"fiscalDateEnding": "2007-12-31", "reportedCurrency": "USD", "grossProfit": "3651000000", "totalRevenue": "13033000000", "costOfRevenue": "9382000000", "costofGoodsAndServicesSold": "9382000000", "operatingIncome": "1177000000", "sellingGeneralAndAdministrative": "2474000000", "researchAndDevelopment": "335000000", "operatingExpenses": "2474000000", "investmentIncomeNet": "None", "netInterestIncome": "None", "interestIncome": "None", "interestExpense": "147000000", "nonInterestIncome": "None", "otherNonOperatingIncome": "None", "depreciation": "None", "depreciationAndAmortization": "469000000", "incomeBeforeTax": "1041000000", "incomeTaxExpense": "82000000", "interestAndDebtExpense": "None", "netIncomeFromContinuingOperations": "None", "comprehensiveIncomeNetOfTax": "None", "ebit": "1177000000", "ebitda": "1646000000", "netIncome": "994000000"}, {"fiscalDateEnding": "2006-12-31", "reportedCurrency": "USD", "grossProfit": "3320000000", "totalRevenue": "12370000000", "costOfRevenue": "9050000000", "costofGoodsAndServicesSold": "9050000000", "operatingIncome": "1053000000", "sellingGeneralAndAdministrative": "2267000000", "researchAndDevelopment": "321000000", "operatingExpenses": "2267000000", "investmentIncomeNet": "None", "netInterestIncome": "None", "interestIncome": "None", "interestExpense": "0", "nonInterestIncome": "None", "otherNonOperatingIncome": "None", "depreciation": "None", "depreciationAndAmortization": "434000000", "incomeBeforeTax": "989000000", "incomeTaxExpense": "77000000", "interestAndDebtExpense": "None", "netIncomeFromContinuingOperations": "None", "comprehensiveIncomeNetOfTax": "None", "ebit": "1029000000", "ebitda": "1463000000", "netIncome": "950000000"}, {"fiscalDateEnding": "2005-12-31", "reportedCurrency": "USD", "grossProfit": "3103000000", "totalRevenue": "11115000000", "costOfRevenue": "8012000000", "costofGoodsAndServicesSold": "8012000000", "operatingIncome": "1059000000", "sellingGeneralAndAdministrative": "2044000000", "researchAndDevelopment": "287000000", "operatingExpenses": "2044000000", "investmentIncomeNet": "None", "netInterestIncome": "None", "interestIncome": "None", "interestExpense": "0", "nonInterestIncome": "None", "otherNonOperatingIncome": "None", "depreciation": "None", "depreciationAndAmortization": "409000000", "incomeBeforeTax": "996000000", "incomeTaxExpense": "191000000", "interestAndDebtExpense": "None", "netIncomeFromContinuingOperations": "None", "comprehensiveIncomeNetOfTax": "None", "ebit": "1019000000", "ebitda": "1428000000", "netIncome": "805000000"}], "quarterlyReports": [{"fiscalDateEnding": "2024-12-31", "reportedCurrency": "USD", "grossProfit": "2429000000", "totalRevenue": "6240000000", "costOfRevenue": "3811000000", "costofGoodsAndServicesSold": "3811000000", "operatingIncome": "1225000000", "sellingGeneralAndAdministrative": "1003000000", "researchAndDevelopment": "201000000", "operatingExpenses": "1204000000", "investmentIncomeNet": "None", "netInterestIncome": "-42000000", "interestIncome": "None", "interestExpense": "42000000", "nonInterestIncome": "None", "otherNonOperatingIncome": "None", "depreciation": "None", "depreciationAndAmortization": "234000000", "incomeBeforeTax": "1167000000", "incomeTaxExpense": "195000000", "interestAndDebtExpense": "None", "netIncomeFromContinuingOperations": "972000000", "comprehensiveIncomeNetOfTax": "None", "ebit": "1226000000", "ebitda": "1460000000", "netIncome": "971000000"}, {"fiscalDateEnding": "2024-09-30", "reportedCurrency": "USD", "grossProfit": "2446000000", "totalRevenue": "6345000000", "costOfRevenue": "3899000000", "costofGoodsAndServicesSold": "3899000000", "operatingIncome": "1259000000", "sellingGeneralAndAdministrative": "1028000000", "researchAndDevelopment": "207000000", "operatingExpenses": "2446000000", "investmentIncomeNet": "None", "netInterestIncome": "-29000000", "interestIncome": "None", "interestExpense": "29000000", "nonInterestIncome": "None", "otherNonOperatingIncome": "None", "depreciation": "None", "depreciationAndAmortization": "235000000", "incomeBeforeTax": "1204000000", "incomeTaxExpense": "193000000", "interestAndDebtExpense": "None", "netIncomeFromContinuingOperations": "1011000000", "comprehensiveIncomeNetOfTax": "None", "ebit": "1236000000", "ebitda": "1471000000", "netIncome": "1009000000"}, {"fiscalDateEnding": "2024-06-30", "reportedCurrency": "USD", "grossProfit": "2409000000", "totalRevenue": "6350000000", "costOfRevenue": "3941000000", "costofGoodsAndServicesSold": "3941000000", "operatingIncome": "1217000000", "sellingGeneralAndAdministrative": "1021000000", "researchAndDevelopment": "196000000", "operatingExpenses": "1192000000", "investmentIncomeNet": "None", "netInterestIncome": "-29000000", "interestIncome": "None", "interestExpense": "29000000", "nonInterestIncome": "None", "otherNonOperatingIncome": "None", "depreciation": "None", "depreciationAndAmortization": "227000000", "incomeBeforeTax": "1195000000", "incomeTaxExpense": "201000000", "interestAndDebtExpense": "None", "netIncomeFromContinuingOperations": "994000000", "comprehensiveIncomeNetOfTax": "None", "ebit": "1217000000", "ebitda": "1444000000", "netIncome": "993000000"}, {"fiscalDateEnding": "2024-03-31", "reportedCurrency": "USD", "grossProfit": "2218000000", "totalRevenue": "5943000000", "costOfRevenue": "3725000000", "costofGoodsAndServicesSold": "3725000000", "operatingIncome": "1000000000", "sellingGeneralAndAdministrative": "1025000000", "researchAndDevelopment": "189000000", "operatingExpenses": "1214000000", "investmentIncomeNet": "None", "netInterestIncome": "-30000000", "interestIncome": "None", "interestExpense": "30000000", "nonInterestIncome": "None", "otherNonOperatingIncome": "None", "depreciation": "None", "depreciationAndAmortization": "225000000", "incomeBeforeTax": "1001000000", "incomeTaxExpense": "179000000", "interestAndDebtExpense": "None", "netIncomeFromContinuingOperations": "822000000", "comprehensiveIncomeNetOfTax": "None", "ebit": "1015000000", "ebitda": "1240000000", "netIncome": "821000000"}, {"fiscalDateEnding": "2023-12-31", "reportedCurrency": "USD", "grossProfit": "2342000000", "totalRevenue": "5967000000", "costOfRevenue": "3625000000", "costofGoodsAndServicesSold": "3625000000", "operatingIncome": "1078000000", "sellingGeneralAndAdministrative": "956000000", "researchAndDevelopment": "201000000", "operatingExpenses": "1264000000", "investmentIncomeNet": "None", "netInterestIncome": "-27000000", "interestIncome": "None", "interestExpense": "27000000", "nonInterestIncome": "None", "otherNonOperatingIncome": "None", "depreciation": "None", "depreciationAndAmortization": "231000000", "incomeBeforeTax": "1088000000", "incomeTaxExpense": "141000000", "interestAndDebtExpense": "None", "netIncomeFromContinuingOperations": "947000000", "comprehensiveIncomeNetOfTax": "None", "ebit": "1092000000", "ebitda": "1323000000", "netIncome": "945000000"}, {"fiscalDateEnding": "2023-09-30", "reportedCurrency": "USD", "grossProfit": "2196000000", "totalRevenue": "5880000000", "costOfRevenue": "3684000000", "costofGoodsAndServicesSold": "3684000000", "operatingIncome": "1078000000", "sellingGeneralAndAdministrative": "949000000", "researchAndDevelopment": "187000000", "operatingExpenses": "1136000000", "investmentIncomeNet": "None", "netInterestIncome": "-33000000", "interestIncome": "33000000", "interestExpense": "33000000", "nonInterestIncome": "None", "otherNonOperatingIncome": "None", "depreciation": "None", "depreciationAndAmortization": "229000000", "incomeBeforeTax": "1079000000", "incomeTaxExpense": "187000000", "interestAndDebtExpense": "None", "netIncomeFromContinuingOperations": "892000000", "comprehensiveIncomeNetOfTax": "None", "ebit": "1071000000", "ebitda": "1300000000", "netIncome": "891000000"}, {"fiscalDateEnding": "2023-06-30", "reportedCurrency": "USD", "grossProfit": "2119000000", "totalRevenue": "5866000000", "costOfRevenue": "3747000000", "costofGoodsAndServicesSold": "3747000000", "operatingIncome": "897000000", "sellingGeneralAndAdministrative": "986000000", "researchAndDevelopment": "187000000", "operatingExpenses": "1173000000", "investmentIncomeNet": "None", "netInterestIncome": "-42000000", "interestIncome": "42000000", "interestExpense": "42000000", "nonInterestIncome": "None", "otherNonOperatingIncome": "-7000000", "depreciation": "None", "depreciationAndAmortization": "228000000", "incomeBeforeTax": "898000000", "incomeTaxExpense": "153000000", "interestAndDebtExpense": "None", "netIncomeFromContinuingOperations": "745000000", "comprehensiveIncomeNetOfTax": "None", "ebit": "955000000", "ebitda": "1183000000", "netIncome": "744000000"}, {"fiscalDateEnding": "2023-03-31", "reportedCurrency": "USD", "grossProfit": "1884000000", "totalRevenue": "5483000000", "costOfRevenue": "3599000000", "costofGoodsAndServicesSold": "3599000000", "operatingIncome": "811000000", "sellingGeneralAndAdministrative": "904000000", "researchAndDevelopment": "179000000", "operatingExpenses": "1083000000", "investmentIncomeNet": "None", "netInterestIncome": "-50000000", "interestIncome": "50000000", "interestExpense": "50000000", "nonInterestIncome": "None", "otherNonOperatingIncome": "11000000", "depreciation": "None", "depreciationAndAmortization": "238000000", "incomeBeforeTax": "762000000", "incomeTaxExpense": "123000000", "interestAndDebtExpense": "None", "netIncomeFromContinuingOperations": "639000000", "comprehensiveIncomeNetOfTax": "None", "ebit": "811000000", "ebitda": "1049000000", "netIncome": "638000000"}, {"fiscalDateEnding": "2022-12-31", "reportedCurrency": "USD", "grossProfit": "1837000000", "totalRevenue": "5384000000", "costOfRevenue": "3547000000", "costofGoodsAndServicesSold": "3547000000", "operatingIncome": "657000000", "sellingGeneralAndAdministrative": "796000000", "researchAndDevelopment": "167000000", "operatingExpenses": "963000000", "investmentIncomeNet": "None", "netInterestIncome": "-44000000", "interestIncome": "44000000", "interestExpense": "44000000", "nonInterestIncome": "None", "otherNonOperatingIncome": "21000000", "depreciation": "None", "depreciationAndAmortization": "238000000", "incomeBeforeTax": "851000000", "incomeTaxExpense": "129000000", "interestAndDebtExpense": "None", "netIncomeFromContinuingOperations": "722000000", "comprehensiveIncomeNetOfTax": "None", "ebit": "657000000", "ebitda": "895000000", "netIncome": "721000000"}, {"fiscalDateEnding": "2022-09-30", "reportedCurrency": "USD", "grossProfit": "1768000000", "totalRevenue": "5313000000", "costOfRevenue": "3545000000", "costofGoodsAndServicesSold": "3545000000", "operatingIncome": "757000000", "sellingGeneralAndAdministrative": "813000000", "researchAndDevelopment": "165000000", "operatingExpenses": "978000000", "investmentIncomeNet": "None", "netInterestIncome": "-37000000", "interestIncome": "37000000", "interestExpense": "37000000", "nonInterestIncome": "None", "otherNonOperatingIncome": "-34000000", "depreciation": "None", "depreciationAndAmortization": "237000000", "incomeBeforeTax": "720000000", "incomeTaxExpense": "112000000", "interestAndDebtExpense": "None", "netIncomeFromContinuingOperations": "608000000", "comprehensiveIncomeNetOfTax": "None", "ebit": "757000000", "ebitda": "994000000", "netIncome": "607000000"}, {"fiscalDateEnding": "2022-06-30", "reportedCurrency": "USD", "grossProfit": "1707000000", "totalRevenue": "5212000000", "costOfRevenue": "3505000000", "costofGoodsAndServicesSold": "3505000000", "operatingIncome": "516000000", "sellingGeneralAndAdministrative": "828000000", "researchAndDevelopment": "168000000", "operatingExpenses": "996000000", "investmentIncomeNet": "None", "netInterestIncome": "-31000000", "interestIncome": "31000000", "interestExpense": "31000000", "nonInterestIncome": "None", "otherNonOperatingIncome": "41000000", "depreciation": "None", "depreciationAndAmortization": "235000000", "incomeBeforeTax": "720000000", "incomeTaxExpense": "119000000", "interestAndDebtExpense": "None", "netIncomeFromContinuingOperations": "601000000", "comprehensiveIncomeNetOfTax": "None", "ebit": "516000000", "ebitda": "751000000", "netIncome": "601000000"}, {"fiscalDateEnding": "2022-03-31", "reportedCurrency": "USD", "grossProfit": "1574000000", "totalRevenue": "4843000000", "costOfRevenue": "3269000000", "costofGoodsAndServicesSold": "3269000000", "operatingIncome": "383000000", "sellingGeneralAndAdministrative": "790000000", "researchAndDevelopment": "165000000", "operatingExpenses": "955000000", "investmentIncomeNet": "None", "netInterestIncome": "-32000000", "interestIncome": "32000000", "interestExpense": "32000000", "nonInterestIncome": "None", "otherNonOperatingIncome": "32000000", "depreciation": "None", "depreciationAndAmortization": "244000000", "incomeBeforeTax": "619000000", "incomeTaxExpense": "86000000", "interestAndDebtExpense": "None", "netIncomeFromContinuingOperations": "533000000", "comprehensiveIncomeNetOfTax": "None", "ebit": "383000000", "ebitda": "627000000", "netIncome": "532000000"}, {"fiscalDateEnding": "2021-12-31", "reportedCurrency": "USD", "grossProfit": "1572000000", "totalRevenue": "4798000000", "costOfRevenue": "3226000000", "costofGoodsAndServicesSold": "3226000000", "operatingIncome": "657000000", "sellingGeneralAndAdministrative": "751000000", "researchAndDevelopment": "162000000", "operatingExpenses": "913000000", "investmentIncomeNet": "None", "netInterestIncome": "-32000000", "interestIncome": "32000000", "interestExpense": "32000000", "nonInterestIncome": "None", "otherNonOperatingIncome": "-2000000", "depreciation": "None", "depreciationAndAmortization": "238000000", "incomeBeforeTax": "625000000", "incomeTaxExpense": "74000000", "interestAndDebtExpense": "None", "netIncomeFromContinuingOperations": "551000000", "comprehensiveIncomeNetOfTax": "None", "ebit": "657000000", "ebitda": "895000000", "netIncome": "551000000"}, {"fiscalDateEnding": "2021-09-30", "reportedCurrency": "USD", "grossProfit": "1585000000", "totalRevenue": "4923000000", "costOfRevenue": "3338000000", "costofGoodsAndServicesSold": "3338000000", "operatingIncome": "599000000", "sellingGeneralAndAdministrative": "834000000", "researchAndDevelopment": "152000000", "operatingExpenses": "986000000", "investmentIncomeNet": "None", "netInterestIncome": "-37000000", "interestIncome": "37000000", "interestExpense": "37000000", "nonInterestIncome": "None", "otherNonOperatingIncome": "551000000", "depreciation": "None", "depreciationAndAmortization": "247000000", "incomeBeforeTax": "1113000000", "incomeTaxExpense": "483000000", "interestAndDebtExpense": "None", "netIncomeFromContinuingOperations": "630000000", "comprehensiveIncomeNetOfTax": "None", "ebit": "599000000", "ebitda": "846000000", "netIncome": "629000000"}, {"fiscalDateEnding": "2021-06-30", "reportedCurrency": "USD", "grossProfit": "1670000000", "totalRevenue": "5215000000", "costOfRevenue": "3545000000", "costofGoodsAndServicesSold": "3545000000", "operatingIncome": "640000000", "sellingGeneralAndAdministrative": "876000000", "researchAndDevelopment": "154000000", "operatingExpenses": "1030000000", "investmentIncomeNet": "None", "netInterestIncome": "-37000000", "interestIncome": "36000000", "interestExpense": "37000000", "nonInterestIncome": "None", "otherNonOperatingIncome": "17000000", "depreciation": "None", "depreciationAndAmortization": "229000000", "incomeBeforeTax": "620000000", "incomeTaxExpense": "114000000", "interestAndDebtExpense": "None", "netIncomeFromContinuingOperations": "506000000", "comprehensiveIncomeNetOfTax": "None", "ebit": "656000000", "ebitda": "885000000", "netIncome": "506000000"}, {"fiscalDateEnding": "2021-03-31", "reportedCurrency": "USD", "grossProfit": "1508000000", "totalRevenue": "4692000000", "costOfRevenue": "3184000000", "costofGoodsAndServicesSold": "3184000000", "operatingIncome": "565000000", "sellingGeneralAndAdministrative": "795000000", "researchAndDevelopment": "148000000", "operatingExpenses": "943000000", "investmentIncomeNet": "None", "netInterestIncome": "-38000000", "interestIncome": "39000000", "interestExpense": "38000000", "nonInterestIncome": "None", "otherNonOperatingIncome": "11000000", "depreciation": "None", "depreciationAndAmortization": "208000000", "incomeBeforeTax": "538000000", "incomeTaxExpense": "79000000", "interestAndDebtExpense": "None", "netIncomeFromContinuingOperations": "459000000", "comprehensiveIncomeNetOfTax": "None", "ebit": "580000000", "ebitda": "788000000", "netIncome": "458000000"}, {"fiscalDateEnding": "2020-12-31", "reportedCurrency": "USD", "grossProfit": "1509000000", "totalRevenue": "4687000000", "costOfRevenue": "3178000000", "costofGoodsAndServicesSold": "3178000000", "operatingIncome": "604000000", "sellingGeneralAndAdministrative": "865000000", "researchAndDevelopment": "140000000", "operatingExpenses": "905000000", "investmentIncomeNet": "None", "netInterestIncome": "-36000000", "interestIncome": "36000000", "interestExpense": "36000000", "nonInterestIncome": "None", "otherNonOperatingIncome": "-15000000", "depreciation": "None", "depreciationAndAmortization": "208000000", "incomeBeforeTax": "553000000", "incomeTaxExpense": "77000000", "interestAndDebtExpense": "None", "netIncomeFromContinuingOperations": "476000000", "comprehensiveIncomeNetOfTax": "None", "ebit": "596000000", "ebitda": "804000000", "netIncome": "475000000"}, {"fiscalDateEnding": "2020-09-30", "reportedCurrency": "USD", "grossProfit": "1475000000", "totalRevenue": "4526000000", "costOfRevenue": "3051000000", "costofGoodsAndServicesSold": "3051000000", "operatingIncome": "589000000", "sellingGeneralAndAdministrative": "754000000", "researchAndDevelopment": "132000000", "operatingExpenses": "886000000", "investmentIncomeNet": "None", "netInterestIncome": "-41000000", "interestIncome": "41000000", "interestExpense": "41000000", "nonInterestIncome": "None", "otherNonOperatingIncome": "-23000000", "depreciation": "None", "depreciationAndAmortization": "206000000", "incomeBeforeTax": "525000000", "incomeTaxExpense": "78000000", "interestAndDebtExpense": "None", "netIncomeFromContinuingOperations": "447000000", "comprehensiveIncomeNetOfTax": "None", "ebit": "583000000", "ebitda": "789000000", "netIncome": "446000000"}, {"fiscalDateEnding": "2020-06-30", "reportedCurrency": "USD", "grossProfit": "979000000", "totalRevenue": "3856000000", "costOfRevenue": "2877000000", "costofGoodsAndServicesSold": "2877000000", "operatingIncome": "162000000", "sellingGeneralAndAdministrative": "691000000", "researchAndDevelopment": "126000000", "operatingExpenses": "817000000", "investmentIncomeNet": "None", "netInterestIncome": "-38000000", "interestIncome": "38000000", "interestExpense": "38000000", "nonInterestIncome": "None", "otherNonOperatingIncome": "-77000000", "depreciation": "None", "depreciationAndAmortization": "198000000", "incomeBeforeTax": "47000000", "incomeTaxExpense": "-7000000", "interestAndDebtExpense": "None", "netIncomeFromContinuingOperations": "54000000", "comprehensiveIncomeNetOfTax": "None", "ebit": "150000000", "ebitda": "348000000", "netIncome": "51000000"}, {"fiscalDateEnding": "2020-03-31", "reportedCurrency": "USD", "grossProfit": "1487000000", "totalRevenue": "4789000000", "costOfRevenue": "3302000000", "costofGoodsAndServicesSold": "3302000000", "operatingIncome": "469000000", "sellingGeneralAndAdministrative": "865000000", "researchAndDevelopment": "153000000", "operatingExpenses": "1018000000", "investmentIncomeNet": "None", "netInterestIncome": "-34000000", "interestIncome": "34000000", "interestExpense": "34000000", "nonInterestIncome": "None", "otherNonOperatingIncome": "186000000", "depreciation": "None", "depreciationAndAmortization": "199000000", "incomeBeforeTax": "621000000", "incomeTaxExpense": "183000000", "interestAndDebtExpense": "None", "netIncomeFromContinuingOperations": "438000000", "comprehensiveIncomeNetOfTax": "None", "ebit": "457000000", "ebitda": "656000000", "netIncome": "438000000"}, {"fiscalDateEnding": "2019-12-31", "reportedCurrency": "USD", "grossProfit": "1682000000", "totalRevenue": "5238000000", "costOfRevenue": "3556000000", "costofGoodsAndServicesSold": "3556000000", "operatingIncome": "656000000", "sellingGeneralAndAdministrative": "874000000", "researchAndDevelopment": "152000000", "operatingExpenses": "1026000000", "investmentIncomeNet": "None", "netInterestIncome": "-53000000", "interestIncome": "53000000", "interestExpense": "53000000", "nonInterestIncome": "None", "otherNonOperatingIncome": "-71000000", "depreciation": "None", "depreciationAndAmortization": "216000000", "incomeBeforeTax": "532000000", "incomeTaxExpense": "79000000", "interestAndDebtExpense": "None", "netIncomeFromContinuingOperations": "843000000", "comprehensiveIncomeNetOfTax": "None", "ebit": "653000000", "ebitda": "869000000", "netIncome": "452000000"}, {"fiscalDateEnding": "2019-09-30", "reportedCurrency": "USD", "grossProfit": "1802000000", "totalRevenue": "5314000000", "costOfRevenue": "3512000000", "costofGoodsAndServicesSold": "3512000000", "operatingIncome": "770000000", "sellingGeneralAndAdministrative": "885000000", "researchAndDevelopment": "147000000", "operatingExpenses": "1032000000", "investmentIncomeNet": "None", "netInterestIncome": "-54000000", "interestIncome": "54000000", "interestExpense": "54000000", "nonInterestIncome": "None", "otherNonOperatingIncome": "2000000", "depreciation": "None", "depreciationAndAmortization": "226000000", "incomeBeforeTax": "718000000", "incomeTaxExpense": "116000000", "interestAndDebtExpense": "None", "netIncomeFromContinuingOperations": "602000000", "comprehensiveIncomeNetOfTax": "None", "ebit": "766000000", "ebitda": "992000000", "netIncome": "601000000"}, {"fiscalDateEnding": "2019-06-30", "reportedCurrency": "USD", "grossProfit": "1836000000", "totalRevenue": "5533000000", "costOfRevenue": "3697000000", "costofGoodsAndServicesSold": "3697000000", "operatingIncome": "778000000", "sellingGeneralAndAdministrative": "907000000", "researchAndDevelopment": "151000000", "operatingExpenses": "1058000000", "investmentIncomeNet": "None", "netInterestIncome": "-63000000", "interestIncome": "63000000", "interestExpense": "63000000", "nonInterestIncome": "None", "otherNonOperatingIncome": "23000000", "depreciation": "None", "depreciationAndAmortization": "221000000", "incomeBeforeTax": "738000000", "incomeTaxExpense": "102000000", "interestAndDebtExpense": "None", "netIncomeFromContinuingOperations": "636000000", "comprehensiveIncomeNetOfTax": "None", "ebit": "792000000", "ebitda": "1013000000", "netIncome": "636000000"}, {"fiscalDateEnding": "2019-03-31", "reportedCurrency": "USD", "grossProfit": "1732000000", "totalRevenue": "5305000000", "costOfRevenue": "3573000000", "costofGoodsAndServicesSold": "3573000000", "operatingIncome": "659000000", "sellingGeneralAndAdministrative": "917000000", "researchAndDevelopment": "156000000", "operatingExpenses": "1073000000", "investmentIncomeNet": "None", "netInterestIncome": "-66000000", "interestIncome": "None", "interestExpense": "66000000", "nonInterestIncome": "None", "otherNonOperatingIncome": "10000000", "depreciation": "None", "depreciationAndAmortization": "221000000", "incomeBeforeTax": "603000000", "incomeTaxExpense": "81000000", "interestAndDebtExpense": "None", "netIncomeFromContinuingOperations": "684000000", "comprehensiveIncomeNetOfTax": "None", "ebit": "661000000", "ebitda": "882000000", "netIncome": "522000000"}, {"fiscalDateEnding": "2018-12-31", "reportedCurrency": "USD", "grossProfit": "1789000000", "totalRevenue": "5459000000", "costOfRevenue": "3670000000", "costofGoodsAndServicesSold": "3670000000", "operatingIncome": "775000000", "sellingGeneralAndAdministrative": "869000000", "researchAndDevelopment": "145000000", "operatingExpenses": "1014000000", "investmentIncomeNet": "None", "netInterestIncome": "None", "interestIncome": "None", "interestExpense": "66000000", "nonInterestIncome": "None", "otherNonOperatingIncome": "17000000", "depreciation": "None", "depreciationAndAmortization": "223000000", "incomeBeforeTax": "726000000", "incomeTaxExpense": "94000000", "interestAndDebtExpense": "None", "netIncomeFromContinuingOperations": "820000000", "comprehensiveIncomeNetOfTax": "None", "ebit": "779000000", "ebitda": "1002000000", "netIncome": "631000000"}, {"fiscalDateEnding": "2018-09-30", "reportedCurrency": "USD", "grossProfit": "1815000000", "totalRevenue": "5412000000", "costOfRevenue": "3597000000", "costofGoodsAndServicesSold": "3597000000", "operatingIncome": "788000000", "sellingGeneralAndAdministrative": "889000000", "researchAndDevelopment": "138000000", "operatingExpenses": "1027000000", "investmentIncomeNet": "None", "netInterestIncome": "None", "interestIncome": "None", "interestExpense": "67000000", "nonInterestIncome": "None", "otherNonOperatingIncome": "-7000000", "depreciation": "None", "depreciationAndAmortization": "223000000", "incomeBeforeTax": "439000000", "incomeTaxExpense": "23000000", "interestAndDebtExpense": "None", "netIncomeFromContinuingOperations": "462000000", "comprehensiveIncomeNetOfTax": "None", "ebit": "789000000", "ebitda": "1012000000", "netIncome": "416000000"}, {"fiscalDateEnding": "2018-06-30", "reportedCurrency": "USD", "grossProfit": "1816000000", "totalRevenue": "5487000000", "costOfRevenue": "3671000000", "costofGoodsAndServicesSold": "3671000000", "operatingIncome": "770000000", "sellingGeneralAndAdministrative": "901000000", "researchAndDevelopment": "145000000", "operatingExpenses": "1046000000", "investmentIncomeNet": "None", "netInterestIncome": "None", "interestIncome": "None", "interestExpense": "68000000", "nonInterestIncome": "None", "otherNonOperatingIncome": "-8000000", "depreciation": "None", "depreciationAndAmortization": "227000000", "incomeBeforeTax": "694000000", "incomeTaxExpense": "83000000", "interestAndDebtExpense": "None", "netIncomeFromContinuingOperations": "777000000", "comprehensiveIncomeNetOfTax": "None", "ebit": "762000000", "ebitda": "989000000", "netIncome": "610000000"}, {"fiscalDateEnding": "2018-03-31", "reportedCurrency": "USD", "grossProfit": "1678000000", "totalRevenue": "5251000000", "costOfRevenue": "3573000000", "costofGoodsAndServicesSold": "3573000000", "operatingIncome": "633000000", "sellingGeneralAndAdministrative": "889000000", "researchAndDevelopment": "156000000", "operatingExpenses": "1045000000", "investmentIncomeNet": "None", "netInterestIncome": "None", "interestIncome": "None", "interestExpense": "70000000", "nonInterestIncome": "None", "otherNonOperatingIncome": "2000000", "depreciation": "None", "depreciationAndAmortization": "230000000", "incomeBeforeTax": "565000000", "incomeTaxExpense": "78000000", "interestAndDebtExpense": "None", "netIncomeFromContinuingOperations": "643000000", "comprehensiveIncomeNetOfTax": "None", "ebit": "635000000", "ebitda": "865000000", "netIncome": "488000000"}, {"fiscalDateEnding": "2017-12-31", "reportedCurrency": "USD", "grossProfit": "1678000000", "totalRevenue": "5213000000", "costOfRevenue": "3535000000", "costofGoodsAndServicesSold": "3535000000", "operatingIncome": "615000000", "sellingGeneralAndAdministrative": "862000000", "researchAndDevelopment": "144000000", "operatingExpenses": "1006000000", "investmentIncomeNet": "None", "netInterestIncome": "None", "interestIncome": "None", "interestExpense": "65000000", "nonInterestIncome": "None", "otherNonOperatingIncome": "-15000000", "depreciation": "None", "depreciationAndAmortization": "229000000", "incomeBeforeTax": "635000000", "incomeTaxExpense": "1000000", "interestAndDebtExpense": "None", "netIncomeFromContinuingOperations": "647000000", "comprehensiveIncomeNetOfTax": "None", "ebit": "673000000", "ebitda": "902000000", "netIncome": "639000000"}, {"fiscalDateEnding": "2017-09-30", "reportedCurrency": "USD", "grossProfit": "1742000000", "totalRevenue": "5211000000", "costOfRevenue": "3469000000", "costofGoodsAndServicesSold": "3469000000", "operatingIncome": "679000000", "sellingGeneralAndAdministrative": "916000000", "researchAndDevelopment": "147000000", "operatingExpenses": "1063000000", "investmentIncomeNet": "None", "netInterestIncome": "None", "interestIncome": "None", "interestExpense": "60000000", "nonInterestIncome": "None", "otherNonOperatingIncome": "1077000000", "depreciation": "None", "depreciationAndAmortization": "232000000", "incomeBeforeTax": "1691000000", "incomeTaxExpense": "292000000", "interestAndDebtExpense": "None", "netIncomeFromContinuingOperations": "1983000000", "comprehensiveIncomeNetOfTax": "None", "ebit": "683000000", "ebitda": "915000000", "netIncome": "1401000000"}, {"fiscalDateEnding": "2017-06-30", "reportedCurrency": "USD", "grossProfit": "1682000000", "totalRevenue": "5132000000", "costOfRevenue": "3450000000", "costofGoodsAndServicesSold": "3450000000", "operatingIncome": "630000000", "sellingGeneralAndAdministrative": "902000000", "researchAndDevelopment": "150000000", "operatingExpenses": "1052000000", "investmentIncomeNet": "None", "netInterestIncome": "None", "interestIncome": "None", "interestExpense": "60000000", "nonInterestIncome": "None", "otherNonOperatingIncome": "None", "depreciation": "None", "depreciationAndAmortization": "228000000", "incomeBeforeTax": "570000000", "incomeTaxExpense": "54000000", "interestAndDebtExpense": "None", "netIncomeFromContinuingOperations": "624000000", "comprehensiveIncomeNetOfTax": "None", "ebit": "630000000", "ebitda": "858000000", "netIncome": "516000000"}, {"fiscalDateEnding": "2017-03-31", "reportedCurrency": "USD", "grossProfit": "1538000000", "totalRevenue": "4848000000", "costOfRevenue": "3310000000", "costofGoodsAndServicesSold": "3310000000", "operatingIncome": "510000000", "sellingGeneralAndAdministrative": "885000000", "researchAndDevelopment": "143000000", "operatingExpenses": "1028000000", "investmentIncomeNet": "None", "netInterestIncome": "None", "interestIncome": "None", "interestExpense": "61000000", "nonInterestIncome": "None", "otherNonOperatingIncome": "15000000", "depreciation": "None", "depreciationAndAmortization": "225000000", "incomeBeforeTax": "464000000", "incomeTaxExpense": "32000000", "interestAndDebtExpense": "None", "netIncomeFromContinuingOperations": "496000000", "comprehensiveIncomeNetOfTax": "None", "ebit": "523000000", "ebitda": "748000000", "netIncome": "434000000"}, {"fiscalDateEnding": "2016-12-31", "reportedCurrency": "USD", "grossProfit": "1548000000", "totalRevenue": "4867000000", "costOfRevenue": "3319000000", "costofGoodsAndServicesSold": "3319000000", "operatingIncome": "480000000", "sellingGeneralAndAdministrative": "863000000", "researchAndDevelopment": "145000000", "operatingExpenses": "1008000000", "investmentIncomeNet": "None", "netInterestIncome": "None", "interestIncome": "None", "interestExpense": "60000000", "nonInterestIncome": "None", "otherNonOperatingIncome": "79000000", "depreciation": "None", "depreciationAndAmortization": "229000000", "incomeBeforeTax": "559000000", "incomeTaxExpense": "51000000", "interestAndDebtExpense": "None", "netIncomeFromContinuingOperations": "610000000", "comprehensiveIncomeNetOfTax": "None", "ebit": "532000000", "ebitda": "761000000", "netIncome": "504000000"}, {"fiscalDateEnding": "2016-09-30", "reportedCurrency": "USD", "grossProfit": "1616000000", "totalRevenue": "4987000000", "costOfRevenue": "3371000000", "costofGoodsAndServicesSold": "3371000000", "operatingIncome": "617000000", "sellingGeneralAndAdministrative": "853000000", "researchAndDevelopment": "146000000", "operatingExpenses": "999000000", "investmentIncomeNet": "None", "netInterestIncome": "None", "interestIncome": "None", "interestExpense": "59000000", "nonInterestIncome": "None", "otherNonOperatingIncome": "15000000", "depreciation": "None", "depreciationAndAmortization": "233000000", "incomeBeforeTax": "573000000", "incomeTaxExpense": "51000000", "interestAndDebtExpense": "None", "netIncomeFromContinuingOperations": "624000000", "comprehensiveIncomeNetOfTax": "None", "ebit": "632000000", "ebitda": "865000000", "netIncome": "523000000"}, {"fiscalDateEnding": "2016-06-30", "reportedCurrency": "USD", "grossProfit": "1661000000", "totalRevenue": "5080000000", "costOfRevenue": "3419000000", "costofGoodsAndServicesSold": "3419000000", "operatingIncome": "615000000", "sellingGeneralAndAdministrative": "897000000", "researchAndDevelopment": "149000000", "operatingExpenses": "1046000000", "investmentIncomeNet": "None", "netInterestIncome": "None", "interestIncome": "None", "interestExpense": "57000000", "nonInterestIncome": "None", "otherNonOperatingIncome": "-5000000", "depreciation": "None", "depreciationAndAmortization": "234000000", "incomeBeforeTax": "553000000", "incomeTaxExpense": "61000000", "interestAndDebtExpense": "None", "netIncomeFromContinuingOperations": "614000000", "comprehensiveIncomeNetOfTax": "None", "ebit": "616000000", "ebitda": "850000000", "netIncome": "491000000"}, {"fiscalDateEnding": "2016-03-31", "reportedCurrency": "USD", "grossProfit": "1522000000", "totalRevenue": "4813000000", "costOfRevenue": "3291000000", "costofGoodsAndServicesSold": "3291000000", "operatingIncome": "481000000", "sellingGeneralAndAdministrative": "892000000", "researchAndDevelopment": "149000000", "operatingExpenses": "1041000000", "investmentIncomeNet": "None", "netInterestIncome": "None", "interestIncome": "None", "interestExpense": "57000000", "nonInterestIncome": "None", "otherNonOperatingIncome": "18000000", "depreciation": "None", "depreciationAndAmortization": "233000000", "incomeBeforeTax": "442000000", "incomeTaxExpense": "39000000", "interestAndDebtExpense": "None", "netIncomeFromContinuingOperations": "481000000", "comprehensiveIncomeNetOfTax": "None", "ebit": "482000000", "ebitda": "715000000", "netIncome": "404000000"}, {"fiscalDateEnding": "2015-12-31", "reportedCurrency": "USD", "grossProfit": "1630000000", "totalRevenue": "5057000000", "costOfRevenue": "3427000000", "costofGoodsAndServicesSold": "3427000000", "operatingIncome": "547000000", "sellingGeneralAndAdministrative": "873000000", "researchAndDevelopment": "153000000", "operatingExpenses": "1026000000", "investmentIncomeNet": "None", "netInterestIncome": "None", "interestIncome": "None", "interestExpense": "57000000", "nonInterestIncome": "None", "otherNonOperatingIncome": "8000000", "depreciation": "None", "depreciationAndAmortization": "233000000", "incomeBeforeTax": "555000000", "incomeTaxExpense": "21000000", "interestAndDebtExpense": "None", "netIncomeFromContinuingOperations": "576000000", "comprehensiveIncomeNetOfTax": "None", "ebit": "618000000", "ebitda": "851000000", "netIncome": "532000000"}, {"fiscalDateEnding": "2015-09-30", "reportedCurrency": "USD", "grossProfit": "1606000000", "totalRevenue": "5203000000", "costOfRevenue": "3597000000", "costofGoodsAndServicesSold": "3597000000", "operatingIncome": "543000000", "sellingGeneralAndAdministrative": "907000000", "researchAndDevelopment": "156000000", "operatingExpenses": "1063000000", "investmentIncomeNet": "None", "netInterestIncome": "None", "interestIncome": "None", "interestExpense": "59000000", "nonInterestIncome": "None", "otherNonOperatingIncome": "3000000", "depreciation": "None", "depreciationAndAmortization": "232000000", "incomeBeforeTax": "487000000", "incomeTaxExpense": "42000000", "interestAndDebtExpense": "None", "netIncomeFromContinuingOperations": "529000000", "comprehensiveIncomeNetOfTax": "None", "ebit": "553000000", "ebitda": "785000000", "netIncome": "446000000"}, {"fiscalDateEnding": "2015-06-30", "reportedCurrency": "USD", "grossProfit": "1697000000", "totalRevenue": "5372000000", "costOfRevenue": "3675000000", "costofGoodsAndServicesSold": "3675000000", "operatingIncome": "638000000", "sellingGeneralAndAdministrative": "901000000", "researchAndDevelopment": "158000000", "operatingExpenses": "1059000000", "investmentIncomeNet": "None", "netInterestIncome": "None", "interestIncome": "None", "interestExpense": "59000000", "nonInterestIncome": "None", "otherNonOperatingIncome": "19000000", "depreciation": "None", "depreciationAndAmortization": "234000000", "incomeBeforeTax": "598000000", "incomeTaxExpense": "63000000", "interestAndDebtExpense": "None", "netIncomeFromContinuingOperations": "661000000", "comprehensiveIncomeNetOfTax": "None", "ebit": "650000000", "ebitda": "884000000", "netIncome": "535000000"}, {"fiscalDateEnding": "2015-03-31", "reportedCurrency": "USD", "grossProfit": "1630000000", "totalRevenue": "5223000000", "costOfRevenue": "3593000000", "costofGoodsAndServicesSold": "3593000000", "operatingIncome": "557000000", "sellingGeneralAndAdministrative": "915000000", "researchAndDevelopment": "158000000", "operatingExpenses": "1073000000", "investmentIncomeNet": "None", "netInterestIncome": "None", "interestIncome": "None", "interestExpense": "57000000", "nonInterestIncome": "None", "otherNonOperatingIncome": "5000000", "depreciation": "None", "depreciationAndAmortization": "226000000", "incomeBeforeTax": "505000000", "incomeTaxExpense": "38000000", "interestAndDebtExpense": "None", "netIncomeFromContinuingOperations": "543000000", "comprehensiveIncomeNetOfTax": "None", "ebit": "568000000", "ebitda": "794000000", "netIncome": "466000000"}, {"fiscalDateEnding": "2014-12-31", "reportedCurrency": "USD", "grossProfit": "1718000000", "totalRevenue": "5565000000", "costOfRevenue": "3847000000", "costofGoodsAndServicesSold": "3847000000", "operatingIncome": "661000000", "sellingGeneralAndAdministrative": "903000000", "researchAndDevelopment": "154000000", "operatingExpenses": "1057000000", "investmentIncomeNet": "None", "netInterestIncome": "None", "interestIncome": "None", "interestExpense": "54000000", "nonInterestIncome": "None", "otherNonOperatingIncome": "2000000", "depreciation": "None", "depreciationAndAmortization": "240000000", "incomeBeforeTax": "609000000", "incomeTaxExpense": "24000000", "interestAndDebtExpense": "None", "netIncomeFromContinuingOperations": "633000000", "comprehensiveIncomeNetOfTax": "None", "ebit": "693000000", "ebitda": "933000000", "netIncome": "581000000"}, {"fiscalDateEnding": "2014-09-30", "reportedCurrency": "USD", "grossProfit": "1812000000", "totalRevenue": "5728000000", "costOfRevenue": "3916000000", "costofGoodsAndServicesSold": "3916000000", "operatingIncome": "688000000", "sellingGeneralAndAdministrative": "961000000", "researchAndDevelopment": "163000000", "operatingExpenses": "1124000000", "investmentIncomeNet": "None", "netInterestIncome": "None", "interestIncome": "None", "interestExpense": "56000000", "nonInterestIncome": "None", "otherNonOperatingIncome": "10000000", "depreciation": "None", "depreciationAndAmortization": "244000000", "incomeBeforeTax": "642000000", "incomeTaxExpense": "37000000", "interestAndDebtExpense": "None", "netIncomeFromContinuingOperations": "679000000", "comprehensiveIncomeNetOfTax": "None", "ebit": "707000000", "ebitda": "951000000", "netIncome": "602000000"}, {"fiscalDateEnding": "2014-06-30", "reportedCurrency": "USD", "grossProfit": "1742000000", "totalRevenue": "5767000000", "costOfRevenue": "4025000000", "costofGoodsAndServicesSold": "4025000000", "operatingIncome": "590000000", "sellingGeneralAndAdministrative": "984000000", "researchAndDevelopment": "168000000", "operatingExpenses": "1152000000", "investmentIncomeNet": "None", "netInterestIncome": "None", "interestIncome": "None", "interestExpense": "55000000", "nonInterestIncome": "None", "otherNonOperatingIncome": "166000000", "depreciation": "None", "depreciationAndAmortization": "250000000", "incomeBeforeTax": "57000000", "incomeTaxExpense": "-115000000", "interestAndDebtExpense": "None", "netIncomeFromContinuingOperations": "-58000000", "comprehensiveIncomeNetOfTax": "None", "ebit": "627000000", "ebitda": "877000000", "netIncome": "171000000"}, {"fiscalDateEnding": "2014-03-31", "reportedCurrency": "USD", "grossProfit": "1634000000", "totalRevenue": "5492000000", "costOfRevenue": "3858000000", "costofGoodsAndServicesSold": "3858000000", "operatingIncome": "510000000", "sellingGeneralAndAdministrative": "962000000", "researchAndDevelopment": "162000000", "operatingExpenses": "1124000000", "investmentIncomeNet": "None", "netInterestIncome": "None", "interestIncome": "None", "interestExpense": "62000000", "nonInterestIncome": "None", "otherNonOperatingIncome": "5000000", "depreciation": "None", "depreciationAndAmortization": "249000000", "incomeBeforeTax": "453000000", "incomeTaxExpense": "12000000", "interestAndDebtExpense": "None", "netIncomeFromContinuingOperations": "465000000", "comprehensiveIncomeNetOfTax": "None", "ebit": "576000000", "ebitda": "825000000", "netIncome": "439000000"}, {"fiscalDateEnding": "2013-12-31", "reportedCurrency": "USD", "grossProfit": "1646000000", "totalRevenue": "5527000000", "costOfRevenue": "3881000000", "costofGoodsAndServicesSold": "3881000000", "operatingIncome": "480000000", "sellingGeneralAndAdministrative": "1001000000", "researchAndDevelopment": "165000000", "operatingExpenses": "1166000000", "investmentIncomeNet": "None", "netInterestIncome": "None", "interestIncome": "None", "interestExpense": "62000000", "nonInterestIncome": "None", "otherNonOperatingIncome": "11000000", "depreciation": "None", "depreciationAndAmortization": "257000000", "incomeBeforeTax": "429000000", "incomeTaxExpense": "-53000000", "interestAndDebtExpense": "None", "netIncomeFromContinuingOperations": "376000000", "comprehensiveIncomeNetOfTax": "None", "ebit": "535000000", "ebitda": "792000000", "netIncome": "479000000"}, {"fiscalDateEnding": "2013-09-30", "reportedCurrency": "USD", "grossProfit": "1724000000", "totalRevenue": "5607000000", "costOfRevenue": "3883000000", "costofGoodsAndServicesSold": "3883000000", "operatingIncome": "591000000", "sellingGeneralAndAdministrative": "967000000", "researchAndDevelopment": "166000000", "operatingExpenses": "1133000000", "investmentIncomeNet": "None", "netInterestIncome": "None", "interestIncome": "None", "interestExpense": "63000000", "nonInterestIncome": "None", "otherNonOperatingIncome": "-7000000", "depreciation": "None", "depreciationAndAmortization": "250000000", "incomeBeforeTax": "521000000", "incomeTaxExpense": "7000000", "interestAndDebtExpense": "None", "netIncomeFromContinuingOperations": "528000000", "comprehensiveIncomeNetOfTax": "None", "ebit": "629000000", "ebitda": "879000000", "netIncome": "510000000"}, {"fiscalDateEnding": "2013-06-30", "reportedCurrency": "USD", "grossProfit": "1732000000", "totalRevenue": "5602000000", "costOfRevenue": "3870000000", "costofGoodsAndServicesSold": "3870000000", "operatingIncome": "611000000", "sellingGeneralAndAdministrative": "960000000", "researchAndDevelopment": "161000000", "operatingExpenses": "1121000000", "investmentIncomeNet": "None", "netInterestIncome": "None", "interestIncome": "None", "interestExpense": "71000000", "nonInterestIncome": "None", "otherNonOperatingIncome": "-6000000", "depreciation": "None", "depreciationAndAmortization": "245000000", "incomeBeforeTax": "534000000", "incomeTaxExpense": "37000000", "interestAndDebtExpense": "None", "netIncomeFromContinuingOperations": "571000000", "comprehensiveIncomeNetOfTax": "None", "ebit": "605000000", "ebitda": "850000000", "netIncome": "494000000"}, {"fiscalDateEnding": "2013-03-31", "reportedCurrency": "USD", "grossProfit": "1575000000", "totalRevenue": "5310000000", "costOfRevenue": "3735000000", "costofGoodsAndServicesSold": "3735000000", "operatingIncome": "465000000", "sellingGeneralAndAdministrative": "958000000", "researchAndDevelopment": "152000000", "operatingExpenses": "1110000000", "investmentIncomeNet": "None", "netInterestIncome": "None", "interestIncome": "None", "interestExpense": "75000000", "nonInterestIncome": "None", "otherNonOperatingIncome": "10000000", "depreciation": "None", "depreciationAndAmortization": "245000000", "incomeBeforeTax": "400000000", "incomeTaxExpense": "20000000", "interestAndDebtExpense": "None", "netIncomeFromContinuingOperations": "420000000", "comprehensiveIncomeNetOfTax": "None", "ebit": "475000000", "ebitda": "720000000", "netIncome": "378000000"}, {"fiscalDateEnding": "2012-12-31", "reportedCurrency": "USD", "grossProfit": "1201000000", "totalRevenue": "4333000000", "costOfRevenue": "3132000000", "costofGoodsAndServicesSold": "3132000000", "operatingIncome": "260000000", "sellingGeneralAndAdministrative": "815000000", "researchAndDevelopment": "126000000", "operatingExpenses": "941000000", "investmentIncomeNet": "None", "netInterestIncome": "None", "interestIncome": "None", "interestExpense": "108000000", "nonInterestIncome": "None", "otherNonOperatingIncome": "None", "depreciation": "None", "depreciationAndAmortization": "179000000", "incomeBeforeTax": "88000000", "incomeTaxExpense": "-92000000", "interestAndDebtExpense": "None", "netIncomeFromContinuingOperations": "0", "comprehensiveIncomeNetOfTax": "None", "ebit": "196000000", "ebitda": "375000000", "netIncome": "179000000"}, {"fiscalDateEnding": "2012-09-30", "reportedCurrency": "USD", "grossProfit": "1203000000", "totalRevenue": "3950000000", "costOfRevenue": "2747000000", "costofGoodsAndServicesSold": "2747000000", "operatingIncome": "414000000", "sellingGeneralAndAdministrative": "789000000", "researchAndDevelopment": "102000000", "operatingExpenses": "789000000", "investmentIncomeNet": "None", "netInterestIncome": "None", "interestIncome": "None", "interestExpense": "42000000", "nonInterestIncome": "None", "otherNonOperatingIncome": "-149", "depreciation": "None", "depreciationAndAmortization": "141000000", "incomeBeforeTax": "376000000", "incomeTaxExpense": "29000000", "interestAndDebtExpense": "None", "netIncomeFromContinuingOperations": "-149", "comprehensiveIncomeNetOfTax": "None", "ebit": "418000000", "ebitda": "559000000", "netIncome": "345000000"}, {"fiscalDateEnding": "2012-06-30", "reportedCurrency": "USD", "grossProfit": "1253000000", "totalRevenue": "4068000000", "costOfRevenue": "2815000000", "costofGoodsAndServicesSold": "2815000000", "operatingIncome": "457000000", "sellingGeneralAndAdministrative": "796000000", "researchAndDevelopment": "106000000", "operatingExpenses": "796000000", "investmentIncomeNet": "None", "netInterestIncome": "None", "interestIncome": "None", "interestExpense": "30000000", "nonInterestIncome": "None", "otherNonOperatingIncome": "None", "depreciation": "None", "depreciationAndAmortization": "138000000", "incomeBeforeTax": "419000000", "incomeTaxExpense": "37000000", "interestAndDebtExpense": "None", "netIncomeFromContinuingOperations": "0", "comprehensiveIncomeNetOfTax": "None", "ebit": "449000000", "ebitda": "587000000", "netIncome": "382000000"}, {"fiscalDateEnding": "2012-03-31", "reportedCurrency": "USD", "grossProfit": "1206000000", "totalRevenue": "3960000000", "costOfRevenue": "2754000000", "costofGoodsAndServicesSold": "2754000000", "operatingIncome": "399000000", "sellingGeneralAndAdministrative": "807000000", "researchAndDevelopment": "105000000", "operatingExpenses": "807000000", "investmentIncomeNet": "None", "netInterestIncome": "None", "interestIncome": "None", "interestExpense": "28000000", "nonInterestIncome": "None", "otherNonOperatingIncome": "None", "depreciation": "None", "depreciationAndAmortization": "140000000", "incomeBeforeTax": "368000000", "incomeTaxExpense": "57000000", "interestAndDebtExpense": "None", "netIncomeFromContinuingOperations": "0", "comprehensiveIncomeNetOfTax": "None", "ebit": "396000000", "ebitda": "536000000", "netIncome": "311000000"}, {"fiscalDateEnding": "2011-12-31", "reportedCurrency": "USD", "grossProfit": "1216000000", "totalRevenue": "4033000000", "costOfRevenue": "2817000000", "costofGoodsAndServicesSold": "2817000000", "operatingIncome": "408000000", "sellingGeneralAndAdministrative": "808000000", "researchAndDevelopment": "101000000", "operatingExpenses": "808000000", "investmentIncomeNet": "None", "netInterestIncome": "None", "interestIncome": "None", "interestExpense": "26000000", "nonInterestIncome": "None", "otherNonOperatingIncome": "None", "depreciation": "None", "depreciationAndAmortization": "137000000", "incomeBeforeTax": "390000000", "incomeTaxExpense": "29000000", "interestAndDebtExpense": "None", "netIncomeFromContinuingOperations": "0", "comprehensiveIncomeNetOfTax": "None", "ebit": "378000000", "ebitda": "515000000", "netIncome": "362000000"}, {"fiscalDateEnding": "2011-09-30", "reportedCurrency": "USD", "grossProfit": "1223000000", "totalRevenue": "4123000000", "costOfRevenue": "2900000000", "costofGoodsAndServicesSold": "2900000000", "operatingIncome": "451000000", "sellingGeneralAndAdministrative": "772000000", "researchAndDevelopment": "104000000", "operatingExpenses": "772000000", "investmentIncomeNet": "None", "netInterestIncome": "None", "interestIncome": "None", "interestExpense": "29000000", "nonInterestIncome": "None", "otherNonOperatingIncome": "None", "depreciation": "None", "depreciationAndAmortization": "139000000", "incomeBeforeTax": "432000000", "incomeTaxExpense": "65000000", "interestAndDebtExpense": "None", "netIncomeFromContinuingOperations": "0", "comprehensiveIncomeNetOfTax": "None", "ebit": "461000000", "ebitda": "600000000", "netIncome": "365000000"}, {"fiscalDateEnding": "2011-06-30", "reportedCurrency": "USD", "grossProfit": "1228000000", "totalRevenue": "4090000000", "costOfRevenue": "2862000000", "costofGoodsAndServicesSold": "2862000000", "operatingIncome": "423000000", "sellingGeneralAndAdministrative": "805000000", "researchAndDevelopment": "107000000", "operatingExpenses": "805000000", "investmentIncomeNet": "None", "netInterestIncome": "None", "interestIncome": "None", "interestExpense": "31000000", "nonInterestIncome": "None", "otherNonOperatingIncome": "None", "depreciation": "None", "depreciationAndAmortization": "141000000", "incomeBeforeTax": "396000000", "incomeTaxExpense": "58000000", "interestAndDebtExpense": "None", "netIncomeFromContinuingOperations": "0", "comprehensiveIncomeNetOfTax": "None", "ebit": "427000000", "ebitda": "568000000", "netIncome": "336000000"}, {"fiscalDateEnding": "2011-03-31", "reportedCurrency": "USD", "grossProfit": "1121000000", "totalRevenue": "3803000000", "costOfRevenue": "2682000000", "costofGoodsAndServicesSold": "2682000000", "operatingIncome": "351000000", "sellingGeneralAndAdministrative": "770000000", "researchAndDevelopment": "105000000", "operatingExpenses": "770000000", "investmentIncomeNet": "None", "netInterestIncome": "None", "interestIncome": "None", "interestExpense": "32000000", "nonInterestIncome": "None", "otherNonOperatingIncome": "None", "depreciation": "None", "depreciationAndAmortization": "139000000", "incomeBeforeTax": "335000000", "incomeTaxExpense": "49000000", "interestAndDebtExpense": "None", "netIncomeFromContinuingOperations": "0", "comprehensiveIncomeNetOfTax": "None", "ebit": "367000000", "ebitda": "506000000", "netIncome": "287000000"}, {"fiscalDateEnding": "2010-12-31", "reportedCurrency": "USD", "grossProfit": "1098000000", "totalRevenue": "3663000000", "costOfRevenue": "2565000000", "costofGoodsAndServicesSold": "2565000000", "operatingIncome": "337000000", "sellingGeneralAndAdministrative": "761000000", "researchAndDevelopment": "117000000", "operatingExpenses": "761000000", "investmentIncomeNet": "None", "netInterestIncome": "None", "interestIncome": "None", "interestExpense": "34000000", "nonInterestIncome": "None", "otherNonOperatingIncome": "None", "depreciation": "None", "depreciationAndAmortization": "138000000", "incomeBeforeTax": "293000000", "incomeTaxExpense": "10000000", "interestAndDebtExpense": "None", "netIncomeFromContinuingOperations": "0", "comprehensiveIncomeNetOfTax": "None", "ebit": "338000000", "ebitda": "476000000", "netIncome": "280000000"}, {"fiscalDateEnding": "2010-09-30", "reportedCurrency": "USD", "grossProfit": "1091000000", "totalRevenue": "3571000000", "costOfRevenue": "2480000000", "costofGoodsAndServicesSold": "2480000000", "operatingIncome": "336000000", "sellingGeneralAndAdministrative": "755000000", "researchAndDevelopment": "104000000", "operatingExpenses": "755000000", "investmentIncomeNet": "None", "netInterestIncome": "None", "interestIncome": "None", "interestExpense": "33000000", "nonInterestIncome": "None", "otherNonOperatingIncome": "None", "depreciation": "None", "depreciationAndAmortization": "136000000", "incomeBeforeTax": "305000000", "incomeTaxExpense": "36000000", "interestAndDebtExpense": "None", "netIncomeFromContinuingOperations": "0", "comprehensiveIncomeNetOfTax": "None", "ebit": "338000000", "ebitda": "474000000", "netIncome": "268000000"}, {"fiscalDateEnding": "2010-06-30", "reportedCurrency": "USD", "grossProfit": "991000000", "totalRevenue": "3378000000", "costOfRevenue": "2387000000", "costofGoodsAndServicesSold": "2387000000", "operatingIncome": "284000000", "sellingGeneralAndAdministrative": "707000000", "researchAndDevelopment": "103000000", "operatingExpenses": "707000000", "investmentIncomeNet": "None", "netInterestIncome": "None", "interestIncome": "None", "interestExpense": "34000000", "nonInterestIncome": "None", "otherNonOperatingIncome": "None", "depreciation": "None", "depreciationAndAmortization": "136000000", "incomeBeforeTax": "251000000", "incomeTaxExpense": "22000000", "interestAndDebtExpense": "None", "netIncomeFromContinuingOperations": "0", "comprehensiveIncomeNetOfTax": "None", "ebit": "284000000", "ebitda": "420000000", "netIncome": "226000000"}, {"fiscalDateEnding": "2010-03-31", "reportedCurrency": "USD", "grossProfit": "902000000", "totalRevenue": "3103000000", "costOfRevenue": "2201000000", "costofGoodsAndServicesSold": "2201000000", "operatingIncome": "214000000", "sellingGeneralAndAdministrative": "688000000", "researchAndDevelopment": "101000000", "operatingExpenses": "688000000", "investmentIncomeNet": "None", "netInterestIncome": "None", "interestIncome": "None", "interestExpense": "35000000", "nonInterestIncome": "None", "otherNonOperatingIncome": "None", "depreciation": "None", "depreciationAndAmortization": "141000000", "incomeBeforeTax": "187000000", "incomeTaxExpense": "31000000", "interestAndDebtExpense": "None", "netIncomeFromContinuingOperations": "0", "comprehensiveIncomeNetOfTax": "None", "ebit": "222000000", "ebitda": "363000000", "netIncome": "155000000"}, {"fiscalDateEnding": "2009-12-31", "reportedCurrency": "USD", "grossProfit": "890000000", "totalRevenue": "3131000000", "costOfRevenue": "2241000000", "costofGoodsAndServicesSold": "2241000000", "operatingIncome": "200000000", "sellingGeneralAndAdministrative": "690000000", "researchAndDevelopment": "103000000", "operatingExpenses": "690000000", "investmentIncomeNet": "None", "netInterestIncome": "None", "interestIncome": "None", "interestExpense": "34000000", "nonInterestIncome": "None", "otherNonOperatingIncome": "None", "depreciation": "None", "depreciationAndAmortization": "130000000", "incomeBeforeTax": "170000000", "incomeTaxExpense": "-42000000", "interestAndDebtExpense": "None", "netIncomeFromContinuingOperations": "0", "comprehensiveIncomeNetOfTax": "None", "ebit": "195000000", "ebitda": "325000000", "netIncome": "211000000"}, {"fiscalDateEnding": "2009-09-30", "reportedCurrency": "USD", "grossProfit": "850000000", "totalRevenue": "3028000000", "costOfRevenue": "2178000000", "costofGoodsAndServicesSold": "2178000000", "operatingIncome": "198000000", "sellingGeneralAndAdministrative": "652000000", "researchAndDevelopment": "99000000", "operatingExpenses": "652000000", "investmentIncomeNet": "None", "netInterestIncome": "None", "interestIncome": "None", "interestExpense": "38000000", "nonInterestIncome": "None", "otherNonOperatingIncome": "None", "depreciation": "None", "depreciationAndAmortization": "153000000", "incomeBeforeTax": "166000000", "incomeTaxExpense": "-28000000", "interestAndDebtExpense": "None", "netIncomeFromContinuingOperations": "0", "comprehensiveIncomeNetOfTax": "None", "ebit": "199000000", "ebitda": "352000000", "netIncome": "193000000"}, {"fiscalDateEnding": "2009-06-30", "reportedCurrency": "USD", "grossProfit": "712000000", "totalRevenue": "2901000000", "costOfRevenue": "2189000000", "costofGoodsAndServicesSold": "2189000000", "operatingIncome": "63000000", "sellingGeneralAndAdministrative": "649000000", "researchAndDevelopment": "95000000", "operatingExpenses": "649000000", "investmentIncomeNet": "None", "netInterestIncome": "None", "interestIncome": "None", "interestExpense": "41000000", "nonInterestIncome": "None", "otherNonOperatingIncome": "None", "depreciation": "None", "depreciationAndAmortization": "147000000", "incomeBeforeTax": "30000000", "incomeTaxExpense": "-1000000", "interestAndDebtExpense": "None", "netIncomeFromContinuingOperations": "0", "comprehensiveIncomeNetOfTax": "None", "ebit": "66000000", "ebitda": "213000000", "netIncome": "29000000"}, {"fiscalDateEnding": "2009-03-31", "reportedCurrency": "USD", "grossProfit": "639000000", "totalRevenue": "2813000000", "costOfRevenue": "2174000000", "costofGoodsAndServicesSold": "2174000000", "operatingIncome": "-17000000", "sellingGeneralAndAdministrative": "656000000", "researchAndDevelopment": "98000000", "operatingExpenses": "656000000", "investmentIncomeNet": "None", "netInterestIncome": "None", "interestIncome": "None", "interestExpense": "37000000", "nonInterestIncome": "None", "otherNonOperatingIncome": "None", "depreciation": "None", "depreciationAndAmortization": "143000000", "incomeBeforeTax": "-63000000", "incomeTaxExpense": "-11000000", "interestAndDebtExpense": "None", "netIncomeFromContinuingOperations": "0", "comprehensiveIncomeNetOfTax": "None", "ebit": "-17000000", "ebitda": "126000000", "netIncome": "-50000000"}, {"fiscalDateEnding": "2008-12-31", "reportedCurrency": "USD", "grossProfit": "861000000", "totalRevenue": "3487000000", "costOfRevenue": "2626000000", "costofGoodsAndServicesSold": "2626000000", "operatingIncome": "163000000", "sellingGeneralAndAdministrative": "698000000", "researchAndDevelopment": "100000000", "operatingExpenses": "698000000", "investmentIncomeNet": "None", "netInterestIncome": "None", "interestIncome": "None", "interestExpense": "38000000", "nonInterestIncome": "None", "otherNonOperatingIncome": "None", "depreciation": "None", "depreciationAndAmortization": "157000000", "incomeBeforeTax": "134000000", "incomeTaxExpense": "-29000000", "interestAndDebtExpense": "None", "netIncomeFromContinuingOperations": "0", "comprehensiveIncomeNetOfTax": "None", "ebit": "163000000", "ebitda": "320000000", "netIncome": "163000000"}, {"fiscalDateEnding": "2008-09-30", "reportedCurrency": "USD", "grossProfit": "1150000000", "totalRevenue": "4114000000", "costOfRevenue": "2964000000", "costofGoodsAndServicesSold": "2964000000", "operatingIncome": "374000000", "sellingGeneralAndAdministrative": "776000000", "researchAndDevelopment": "117000000", "operatingExpenses": "776000000", "investmentIncomeNet": "None", "netInterestIncome": "None", "interestIncome": "None", "interestExpense": "37000000", "nonInterestIncome": "None", "otherNonOperatingIncome": "None", "depreciation": "None", "depreciationAndAmortization": "155000000", "incomeBeforeTax": "354000000", "incomeTaxExpense": "39000000", "interestAndDebtExpense": "None", "netIncomeFromContinuingOperations": "0", "comprehensiveIncomeNetOfTax": "None", "ebit": "374000000", "ebitda": "529000000", "netIncome": "315000000"}, {"fiscalDateEnding": "2008-06-30", "reportedCurrency": "USD", "grossProfit": "1210000000", "totalRevenue": "4279000000", "costOfRevenue": "3069000000", "costofGoodsAndServicesSold": "3069000000", "operatingIncome": "395000000", "sellingGeneralAndAdministrative": "815000000", "researchAndDevelopment": "111000000", "operatingExpenses": "815000000", "investmentIncomeNet": "None", "netInterestIncome": "None", "interestIncome": "None", "interestExpense": "44000000", "nonInterestIncome": "None", "otherNonOperatingIncome": "None", "depreciation": "None", "depreciationAndAmortization": "154000000", "incomeBeforeTax": "354000000", "incomeTaxExpense": "21000000", "interestAndDebtExpense": "None", "netIncomeFromContinuingOperations": "0", "comprehensiveIncomeNetOfTax": "None", "ebit": "395000000", "ebitda": "549000000", "netIncome": "333000000"}, {"fiscalDateEnding": "2008-03-31", "reportedCurrency": "USD", "grossProfit": "964000000", "totalRevenue": "3496000000", "costOfRevenue": "2532000000", "costofGoodsAndServicesSold": "2532000000", "operatingIncome": "323000000", "sellingGeneralAndAdministrative": "641000000", "researchAndDevelopment": "89000000", "operatingExpenses": "641000000", "investmentIncomeNet": "None", "netInterestIncome": "None", "interestIncome": "None", "interestExpense": "38000000", "nonInterestIncome": "None", "otherNonOperatingIncome": "None", "depreciation": "None", "depreciationAndAmortization": "126000000", "incomeBeforeTax": "286000000", "incomeTaxExpense": "42000000", "interestAndDebtExpense": "None", "netIncomeFromContinuingOperations": "0", "comprehensiveIncomeNetOfTax": "None", "ebit": "322000000", "ebitda": "448000000", "netIncome": "247000000"}, {"fiscalDateEnding": "2007-12-31", "reportedCurrency": "USD", "grossProfit": "946000000", "totalRevenue": "3374000000", "costOfRevenue": "2428000000", "costofGoodsAndServicesSold": "2428000000", "operatingIncome": "288000000", "sellingGeneralAndAdministrative": "658000000", "researchAndDevelopment": "77000000", "operatingExpenses": "658000000", "investmentIncomeNet": "None", "netInterestIncome": "None", "interestIncome": "None", "interestExpense": "39000000", "nonInterestIncome": "None", "otherNonOperatingIncome": "None", "depreciation": "None", "depreciationAndAmortization": "125000000", "incomeBeforeTax": "259000000", "incomeTaxExpense": "7000000", "interestAndDebtExpense": "None", "netIncomeFromContinuingOperations": "0", "comprehensiveIncomeNetOfTax": "None", "ebit": "288000000", "ebitda": "413000000", "netIncome": "256000000"}, {"fiscalDateEnding": "2007-09-30", "reportedCurrency": "USD", "grossProfit": "917000000", "totalRevenue": "3298000000", "costOfRevenue": "2381000000", "costofGoodsAndServicesSold": "2381000000", "operatingIncome": "301000000", "sellingGeneralAndAdministrative": "616000000", "researchAndDevelopment": "88000000", "operatingExpenses": "616000000", "investmentIncomeNet": "None", "netInterestIncome": "None", "interestIncome": "None", "interestExpense": "37000000", "nonInterestIncome": "None", "otherNonOperatingIncome": "None", "depreciation": "None", "depreciationAndAmortization": "117000000", "incomeBeforeTax": "263000000", "incomeTaxExpense": "25000000", "interestAndDebtExpense": "None", "netIncomeFromContinuingOperations": "0", "comprehensiveIncomeNetOfTax": "None", "ebit": "301000000", "ebitda": "418000000", "netIncome": "258000000"}, {"fiscalDateEnding": "2007-06-30", "reportedCurrency": "USD", "grossProfit": "902000000", "totalRevenue": "3248000000", "costOfRevenue": "2346000000", "costofGoodsAndServicesSold": "2346000000", "operatingIncome": "289000000", "sellingGeneralAndAdministrative": "613000000", "researchAndDevelopment": "88000000", "operatingExpenses": "613000000", "investmentIncomeNet": "None", "netInterestIncome": "None", "interestIncome": "None", "interestExpense": "41000000", "nonInterestIncome": "None", "otherNonOperatingIncome": "None", "depreciation": "None", "depreciationAndAmortization": "118000000", "incomeBeforeTax": "256000000", "incomeTaxExpense": "16000000", "interestAndDebtExpense": "None", "netIncomeFromContinuingOperations": "0", "comprehensiveIncomeNetOfTax": "None", "ebit": "289000000", "ebitda": "407000000", "netIncome": "246000000"}, {"fiscalDateEnding": "2007-03-31", "reportedCurrency": "USD", "grossProfit": "897000000", "totalRevenue": "3153000000", "costOfRevenue": "2256000000", "costofGoodsAndServicesSold": "2256000000", "operatingIncome": "306000000", "sellingGeneralAndAdministrative": "587000000", "researchAndDevelopment": "83000000", "operatingExpenses": "591000000", "investmentIncomeNet": "None", "netInterestIncome": "None", "interestIncome": "None", "interestExpense": "30000000", "nonInterestIncome": "None", "otherNonOperatingIncome": "None", "depreciation": "None", "depreciationAndAmortization": "109000000", "incomeBeforeTax": "269000000", "incomeTaxExpense": "35000000", "interestAndDebtExpense": "None", "netIncomeFromContinuingOperations": "0", "comprehensiveIncomeNetOfTax": "None", "ebit": "299000000", "ebitda": "408000000", "netIncome": "234000000"}, {"fiscalDateEnding": "2006-12-31", "reportedCurrency": "USD", "grossProfit": "802000000", "totalRevenue": "3102000000", "costOfRevenue": "2300000000", "costofGoodsAndServicesSold": "2300000000", "operatingIncome": "228000000", "sellingGeneralAndAdministrative": "571000000", "researchAndDevelopment": "73000000", "operatingExpenses": "574000000", "investmentIncomeNet": "None", "netInterestIncome": "None", "interestIncome": "None", "interestExpense": "24000000", "nonInterestIncome": "None", "otherNonOperatingIncome": "None", "depreciation": "None", "depreciationAndAmortization": "112000000", "incomeBeforeTax": "239000000", "incomeTaxExpense": "-2000000", "interestAndDebtExpense": "None", "netIncomeFromContinuingOperations": "0", "comprehensiveIncomeNetOfTax": "None", "ebit": "228000000", "ebitda": "340000000", "netIncome": "241000000"}, {"fiscalDateEnding": "2006-09-30", "reportedCurrency": "USD", "grossProfit": "802000000", "totalRevenue": "3115000000", "costOfRevenue": "2313000000", "costofGoodsAndServicesSold": "2313000000", "operatingIncome": "248000000", "sellingGeneralAndAdministrative": "551000000", "researchAndDevelopment": "86000000", "operatingExpenses": "554000000", "investmentIncomeNet": "None", "netInterestIncome": "None", "interestIncome": "None", "interestExpense": "25000000", "nonInterestIncome": "None", "otherNonOperatingIncome": "None", "depreciation": "None", "depreciationAndAmortization": "108000000", "incomeBeforeTax": "225000000", "incomeTaxExpense": "12000000", "interestAndDebtExpense": "None", "netIncomeFromContinuingOperations": "0", "comprehensiveIncomeNetOfTax": "None", "ebit": "243000000", "ebitda": "351000000", "netIncome": "248000000"}, {"fiscalDateEnding": "2006-06-30", "reportedCurrency": "USD", "grossProfit": "879000000", "totalRevenue": "3186000000", "costOfRevenue": "2307000000", "costofGoodsAndServicesSold": "2307000000", "operatingIncome": "298000000", "sellingGeneralAndAdministrative": "575000000", "researchAndDevelopment": "82000000", "operatingExpenses": "581000000", "investmentIncomeNet": "None", "netInterestIncome": "None", "interestIncome": "None", "interestExpense": "28000000", "nonInterestIncome": "None", "otherNonOperatingIncome": "None", "depreciation": "None", "depreciationAndAmortization": "108000000", "incomeBeforeTax": "278000000", "incomeTaxExpense": "25000000", "interestAndDebtExpense": "None", "netIncomeFromContinuingOperations": "0", "comprehensiveIncomeNetOfTax": "None", "ebit": "288000000", "ebitda": "396000000", "netIncome": "253000000"}, {"fiscalDateEnding": "2006-03-31", "reportedCurrency": "USD", "grossProfit": "846000000", "totalRevenue": "3013000000", "costOfRevenue": "2167000000", "costofGoodsAndServicesSold": "2167000000", "operatingIncome": "285000000", "sellingGeneralAndAdministrative": "557000000", "researchAndDevelopment": "81000000", "operatingExpenses": "561000000", "investmentIncomeNet": "None", "netInterestIncome": "None", "interestIncome": "None", "interestExpense": "28000000", "nonInterestIncome": "None", "otherNonOperatingIncome": "None", "depreciation": "None", "depreciationAndAmortization": "106000000", "incomeBeforeTax": "253000000", "incomeTaxExpense": "45000000", "interestAndDebtExpense": "None", "netIncomeFromContinuingOperations": "0", "comprehensiveIncomeNetOfTax": "None", "ebit": "283000000", "ebitda": "389000000", "netIncome": "208000000"}, {"fiscalDateEnding": "2005-12-31", "reportedCurrency": "USD", "grossProfit": "779000000", "totalRevenue": "2838000000", "costOfRevenue": "2059000000", "costofGoodsAndServicesSold": "2059000000", "operatingIncome": "252000000", "sellingGeneralAndAdministrative": "526000000", "researchAndDevelopment": "74000000", "operatingExpenses": "527000000", "investmentIncomeNet": "None", "netInterestIncome": "None", "interestIncome": "None", "interestExpense": "22000000", "nonInterestIncome": "None", "otherNonOperatingIncome": "None", "depreciation": "None", "depreciationAndAmortization": "109000000", "incomeBeforeTax": "244000000", "incomeTaxExpense": "34000000", "interestAndDebtExpense": "None", "netIncomeFromContinuingOperations": "0", "comprehensiveIncomeNetOfTax": "None", "ebit": "252000000", "ebitda": "361000000", "netIncome": "210000000"}, {"fiscalDateEnding": "2005-09-30", "reportedCurrency": "USD", "grossProfit": "788000000", "totalRevenue": "2789000000", "costOfRevenue": "2001000000", "costofGoodsAndServicesSold": "2001000000", "operatingIncome": "274000000", "sellingGeneralAndAdministrative": "512000000", "researchAndDevelopment": "75000000", "operatingExpenses": "514000000", "investmentIncomeNet": "None", "netInterestIncome": "None", "interestIncome": "None", "interestExpense": "24000000", "nonInterestIncome": "None", "otherNonOperatingIncome": "None", "depreciation": "None", "depreciationAndAmortization": "101000000", "incomeBeforeTax": "249000000", "incomeTaxExpense": "50000000", "interestAndDebtExpense": "None", "netIncomeFromContinuingOperations": "0", "comprehensiveIncomeNetOfTax": "None", "ebit": "272000000", "ebitda": "373000000", "netIncome": "199000000"}, {"fiscalDateEnding": "2005-06-30", "reportedCurrency": "USD", "grossProfit": "795000000", "totalRevenue": "2834000000", "costOfRevenue": "2039000000", "costofGoodsAndServicesSold": "2039000000", "operatingIncome": "280000000", "sellingGeneralAndAdministrative": "512000000", "researchAndDevelopment": "69000000", "operatingExpenses": "515000000", "investmentIncomeNet": "None", "netInterestIncome": "None", "interestIncome": "None", "interestExpense": "22000000", "nonInterestIncome": "None", "otherNonOperatingIncome": "None", "depreciation": "None", "depreciationAndAmortization": "99000000", "incomeBeforeTax": "267000000", "incomeTaxExpense": "58000000", "interestAndDebtExpense": "None", "netIncomeFromContinuingOperations": "0", "comprehensiveIncomeNetOfTax": "None", "ebit": "280000000", "ebitda": "379000000", "netIncome": "209000000"}, {"fiscalDateEnding": "2005-03-31", "reportedCurrency": "USD", "grossProfit": "741000000", "totalRevenue": "2654000000", "costOfRevenue": "1913000000", "costofGoodsAndServicesSold": "1913000000", "operatingIncome": "253000000", "sellingGeneralAndAdministrative": "488000000", "researchAndDevelopment": "69000000", "operatingExpenses": "488000000", "investmentIncomeNet": "None", "netInterestIncome": "None", "interestIncome": "None", "interestExpense": "22000000", "nonInterestIncome": "None", "otherNonOperatingIncome": "None", "depreciation": "None", "depreciationAndAmortization": "100000000", "incomeBeforeTax": "236000000", "incomeTaxExpense": "49000000", "interestAndDebtExpense": "None", "netIncomeFromContinuingOperations": "0", "comprehensiveIncomeNetOfTax": "None", "ebit": "253000000", "ebitda": "353000000", "netIncome": "187000000"}, {"fiscalDateEnding": "2004-12-31", "reportedCurrency": "USD", "grossProfit": "734000000", "totalRevenue": "2633000000", "costOfRevenue": "1899000000", "costofGoodsAndServicesSold": "1899000000", "operatingIncome": "238000000", "sellingGeneralAndAdministrative": "496000000", "researchAndDevelopment": "65000000", "operatingExpenses": "496000000", "investmentIncomeNet": "None", "netInterestIncome": "None", "interestIncome": "None", "interestExpense": "20000000", "nonInterestIncome": "None", "otherNonOperatingIncome": "None", "depreciation": "None", "depreciationAndAmortization": "102000000", "incomeBeforeTax": "194000000", "incomeTaxExpense": "11000000", "interestAndDebtExpense": "None", "netIncomeFromContinuingOperations": "0", "comprehensiveIncomeNetOfTax": "None", "ebit": "238000000", "ebitda": "340000000", "netIncome": "183000000"}]}