{"symbol": "COP", "annualReports": [{"fiscalDateEnding": "2024-12-31", "reportedCurrency": "USD", "grossProfit": "16383000000", "totalRevenue": "54745000000", "costOfRevenue": "38362000000", "costofGoodsAndServicesSold": "38362000000", "operatingIncome": "12783000000", "sellingGeneralAndAdministrative": "1158000000", "researchAndDevelopment": "None", "operatingExpenses": "3600000000", "investmentIncomeNet": "None", "netInterestIncome": "-706000000", "interestIncome": "402000000", "interestExpense": "783000000", "nonInterestIncome": "None", "otherNonOperatingIncome": "None", "depreciation": "None", "depreciationAndAmortization": "9599000000", "incomeBeforeTax": "13672000000", "incomeTaxExpense": "4427000000", "interestAndDebtExpense": "None", "netIncomeFromContinuingOperations": "9245000000", "comprehensiveIncomeNetOfTax": "None", "ebit": "14780000000", "ebitda": "24379000000", "netIncome": "9245000000"}, {"fiscalDateEnding": "2023-12-31", "reportedCurrency": "USD", "grossProfit": "28193000000", "totalRevenue": "57861000000", "costOfRevenue": "29668000000", "costofGoodsAndServicesSold": "29668000000", "operatingIncome": "27035000000", "sellingGeneralAndAdministrative": "705000000", "researchAndDevelopment": "81000000", "operatingExpenses": "1158000000", "investmentIncomeNet": "None", "netInterestIncome": "-651000000", "interestIncome": "412000000", "interestExpense": "1063000000", "nonInterestIncome": "None", "otherNonOperatingIncome": "None", "depreciation": "None", "depreciationAndAmortization": "8432000000", "incomeBeforeTax": "16288000000", "incomeTaxExpense": "5331000000", "interestAndDebtExpense": "None", "netIncomeFromContinuingOperations": "10957000000", "comprehensiveIncomeNetOfTax": "None", "ebit": "17351000000", "ebitda": "25783000000", "netIncome": "10957000000"}, {"fiscalDateEnding": "2022-12-31", "reportedCurrency": "USD", "grossProfit": "30013000000", "totalRevenue": "78494000000", "costOfRevenue": "48481000000", "costofGoodsAndServicesSold": "48481000000", "operatingIncome": "28094000000", "sellingGeneralAndAdministrative": "3987000000", "researchAndDevelopment": "71000000", "operatingExpenses": "4551000000", "investmentIncomeNet": "None", "netInterestIncome": "-1055000000", "interestIncome": "1376000000", "interestExpense": "1055000000", "nonInterestIncome": "None", "otherNonOperatingIncome": "3305000000", "depreciation": "None", "depreciationAndAmortization": "7844000000", "incomeBeforeTax": "28228000000", "incomeTaxExpense": "9548000000", "interestAndDebtExpense": "None", "netIncomeFromContinuingOperations": "18680000000", "comprehensiveIncomeNetOfTax": "None", "ebit": "29283000000", "ebitda": "37127000000", "netIncome": "18680000000"}, {"fiscalDateEnding": "2021-12-31", "reportedCurrency": "USD", "grossProfit": "14768000000", "totalRevenue": "45828000000", "costOfRevenue": "31060000000", "costofGoodsAndServicesSold": "31060000000", "operatingIncome": "14004000000", "sellingGeneralAndAdministrative": "719000000", "researchAndDevelopment": "62000000", "operatingExpenses": "2697000000", "investmentIncomeNet": "None", "netInterestIncome": "-1126000000", "interestIncome": "1010000000", "interestExpense": "1126000000", "nonInterestIncome": "None", "otherNonOperatingIncome": "-80000000", "depreciation": "None", "depreciationAndAmortization": "7252000000", "incomeBeforeTax": "12712000000", "incomeTaxExpense": "4633000000", "interestAndDebtExpense": "None", "netIncomeFromContinuingOperations": "8079000000", "comprehensiveIncomeNetOfTax": "None", "ebit": "13838000000", "ebitda": "21090000000", "netIncome": "8079000000"}, {"fiscalDateEnding": "2020-12-31", "reportedCurrency": "USD", "grossProfit": "841000000", "totalRevenue": "18784000000", "costOfRevenue": "17943000000", "costofGoodsAndServicesSold": "17943000000", "operatingIncome": "-1890000000", "sellingGeneralAndAdministrative": "1184000000", "researchAndDevelopment": "75000000", "operatingExpenses": "2641000000", "investmentIncomeNet": "None", "netInterestIncome": "-806000000", "interestIncome": "302000000", "interestExpense": "1058000000", "nonInterestIncome": "None", "otherNonOperatingIncome": "59000000", "depreciation": "None", "depreciationAndAmortization": "6604000000", "incomeBeforeTax": "-3140000000", "incomeTaxExpense": "-485000000", "interestAndDebtExpense": "None", "netIncomeFromContinuingOperations": "-2655000000", "comprehensiveIncomeNetOfTax": "None", "ebit": "-2082000000", "ebitda": "4522000000", "netIncome": "-2655000000"}, {"fiscalDateEnding": "2019-12-31", "reportedCurrency": "USD", "grossProfit": "9313000000", "totalRevenue": "32567000000", "costOfRevenue": "23254000000", "costofGoodsAndServicesSold": "23254000000", "operatingIncome": "9133000000", "sellingGeneralAndAdministrative": "556000000", "researchAndDevelopment": "82000000", "operatingExpenses": "2252000000", "investmentIncomeNet": "None", "netInterestIncome": "-612000000", "interestIncome": "166000000", "interestExpense": "1104000000", "nonInterestIncome": "None", "otherNonOperatingIncome": "-131000000", "depreciation": "None", "depreciationAndAmortization": "6511000000", "incomeBeforeTax": "9524000000", "incomeTaxExpense": "2267000000", "interestAndDebtExpense": "None", "netIncomeFromContinuingOperations": "7257000000", "comprehensiveIncomeNetOfTax": "None", "ebit": "10628000000", "ebitda": "17139000000", "netIncome": "7189000000"}, {"fiscalDateEnding": "2018-12-31", "reportedCurrency": "USD", "grossProfit": "10954000000", "totalRevenue": "36417000000", "costOfRevenue": "25463000000", "costofGoodsAndServicesSold": "25463000000", "operatingIncome": "9136000000", "sellingGeneralAndAdministrative": "401000000", "researchAndDevelopment": "78000000", "operatingExpenses": "1818000000", "investmentIncomeNet": "None", "netInterestIncome": "-638000000", "interestIncome": "97000000", "interestExpense": "1088000000", "nonInterestIncome": "None", "otherNonOperatingIncome": "-358000000", "depreciation": "None", "depreciationAndAmortization": "6051000000", "incomeBeforeTax": "9973000000", "incomeTaxExpense": "3668000000", "interestAndDebtExpense": "None", "netIncomeFromContinuingOperations": "6305000000", "comprehensiveIncomeNetOfTax": "None", "ebit": "11061000000", "ebitda": "17112000000", "netIncome": "6257000000"}, {"fiscalDateEnding": "2017-12-31", "reportedCurrency": "USD", "grossProfit": "4613000000", "totalRevenue": "29106000000", "costOfRevenue": "24493000000", "costofGoodsAndServicesSold": "24493000000", "operatingIncome": "2305000000", "sellingGeneralAndAdministrative": "561000000", "researchAndDevelopment": "100000000", "operatingExpenses": "2308000000", "investmentIncomeNet": "None", "netInterestIncome": "-986000000", "interestIncome": "112000000", "interestExpense": "1460000000", "nonInterestIncome": "None", "otherNonOperatingIncome": "-337000000", "depreciation": "None", "depreciationAndAmortization": "7411000000", "incomeBeforeTax": "-2615000000", "incomeTaxExpense": "-1822000000", "interestAndDebtExpense": "None", "netIncomeFromContinuingOperations": "-793000000", "comprehensiveIncomeNetOfTax": "None", "ebit": "-1155000000", "ebitda": "6256000000", "netIncome": "-855000000"}, {"fiscalDateEnding": "2016-12-31", "reportedCurrency": "USD", "grossProfit": "-1030000000", "totalRevenue": "23693000000", "costOfRevenue": "24723000000", "costofGoodsAndServicesSold": "24723000000", "operatingIncome": "-4407000000", "sellingGeneralAndAdministrative": "723000000", "researchAndDevelopment": "116000000", "operatingExpenses": "3377000000", "investmentIncomeNet": "None", "netInterestIncome": "-1188000000", "interestIncome": "57000000", "interestExpense": "1670000000", "nonInterestIncome": "None", "otherNonOperatingIncome": "19000000", "depreciation": "None", "depreciationAndAmortization": "10246000000", "incomeBeforeTax": "-5530000000", "incomeTaxExpense": "-1971000000", "interestAndDebtExpense": "None", "netIncomeFromContinuingOperations": "-3559000000", "comprehensiveIncomeNetOfTax": "None", "ebit": "-4648000000", "ebitda": "5598000000", "netIncome": "-3615000000"}, {"fiscalDateEnding": "2015-12-31", "reportedCurrency": "USD", "grossProfit": "1009000000", "totalRevenue": "29564000000", "costOfRevenue": "28555000000", "costofGoodsAndServicesSold": "28555000000", "operatingIncome": "-5037000000", "sellingGeneralAndAdministrative": "953000000", "researchAndDevelopment": "222000000", "operatingExpenses": "6046000000", "investmentIncomeNet": "None", "netInterestIncome": "None", "interestIncome": "158000000", "interestExpense": "1403000000", "nonInterestIncome": "None", "otherNonOperatingIncome": "75000000", "depreciation": "None", "depreciationAndAmortization": "9113000000", "incomeBeforeTax": "-7239000000", "incomeTaxExpense": "-2868000000", "interestAndDebtExpense": "None", "netIncomeFromContinuingOperations": "-4371000000", "comprehensiveIncomeNetOfTax": "None", "ebit": "-2771000000", "ebitda": "6342000000", "netIncome": "-4428000000"}, {"fiscalDateEnding": "2014-12-31", "reportedCurrency": "USD", "grossProfit": "13187000000", "totalRevenue": "52524000000", "costOfRevenue": "39337000000", "costofGoodsAndServicesSold": "39337000000", "operatingIncome": "8319000000", "sellingGeneralAndAdministrative": "735000000", "researchAndDevelopment": "263000000", "operatingExpenses": "4868000000", "investmentIncomeNet": "None", "netInterestIncome": "None", "interestIncome": "None", "interestExpense": "1132000000", "nonInterestIncome": "None", "otherNonOperatingIncome": "66000000", "depreciation": "None", "depreciationAndAmortization": "8329000000", "incomeBeforeTax": "9390000000", "incomeTaxExpense": "3583000000", "interestAndDebtExpense": "None", "netIncomeFromContinuingOperations": "5807000000", "comprehensiveIncomeNetOfTax": "None", "ebit": "11688000000", "ebitda": "20017000000", "netIncome": "6869000000"}, {"fiscalDateEnding": "2013-12-31", "reportedCurrency": "USD", "grossProfit": "17098000000", "totalRevenue": "54413000000", "costOfRevenue": "37315000000", "costofGoodsAndServicesSold": "37315000000", "operatingIncome": "11195000000", "sellingGeneralAndAdministrative": "854000000", "researchAndDevelopment": "258000000", "operatingExpenses": "4970000000", "investmentIncomeNet": "None", "netInterestIncome": "None", "interestIncome": "None", "interestExpense": "1046000000", "nonInterestIncome": "None", "otherNonOperatingIncome": "58000000", "depreciation": "None", "depreciationAndAmortization": "7434000000", "incomeBeforeTax": "14446000000", "incomeTaxExpense": "6409000000", "interestAndDebtExpense": "None", "netIncomeFromContinuingOperations": "8037000000", "comprehensiveIncomeNetOfTax": "None", "ebit": "15935000000", "ebitda": "23369000000", "netIncome": "9156000000"}, {"fiscalDateEnding": "2012-12-31", "reportedCurrency": "USD", "grossProfit": "19362000000", "totalRevenue": "57967000000", "costOfRevenue": "38605000000", "costofGoodsAndServicesSold": "38605000000", "operatingIncome": "12270000000", "sellingGeneralAndAdministrative": "1106000000", "researchAndDevelopment": "221000000", "operatingExpenses": "6152000000", "investmentIncomeNet": "None", "netInterestIncome": "None", "interestIncome": "None", "interestExpense": "1103000000", "nonInterestIncome": "None", "otherNonOperatingIncome": "-41000000", "depreciation": "None", "depreciationAndAmortization": "6580000000", "incomeBeforeTax": "15423000000", "incomeTaxExpense": "7942000000", "interestAndDebtExpense": "None", "netIncomeFromContinuingOperations": "7481000000", "comprehensiveIncomeNetOfTax": "None", "ebit": "17400000000", "ebitda": "23980000000", "netIncome": "8428000000"}, {"fiscalDateEnding": "2011-12-31", "reportedCurrency": "USD", "grossProfit": "50512000000", "totalRevenue": "247149000000", "costOfRevenue": "196637000000", "costofGoodsAndServicesSold": "196637000000", "operatingIncome": "21127000000", "sellingGeneralAndAdministrative": "2078000000", "researchAndDevelopment": "267000000", "operatingExpenses": "29385000000", "investmentIncomeNet": "None", "netInterestIncome": "None", "interestIncome": "None", "interestExpense": "972000000", "nonInterestIncome": "None", "otherNonOperatingIncome": "4422000000", "depreciation": "None", "depreciationAndAmortization": "7934000000", "incomeBeforeTax": "23001000000", "incomeTaxExpense": "10499000000", "interestAndDebtExpense": "None", "netIncomeFromContinuingOperations": "10950000000", "comprehensiveIncomeNetOfTax": "None", "ebit": "16134000000", "ebitda": "24068000000", "netIncome": "12436000000"}, {"fiscalDateEnding": "2010-12-31", "reportedCurrency": "USD", "grossProfit": "52269000000", "totalRevenue": "198655000000", "costOfRevenue": "146386000000", "costofGoodsAndServicesSold": "146386000000", "operatingIncome": "14042000000", "sellingGeneralAndAdministrative": "2005000000", "researchAndDevelopment": "230000000", "operatingExpenses": "29105000000", "investmentIncomeNet": "None", "netInterestIncome": "None", "interestIncome": "None", "interestExpense": "1187000000", "nonInterestIncome": "None", "otherNonOperatingIncome": "3319000000", "depreciation": "None", "depreciationAndAmortization": "9060000000", "incomeBeforeTax": "19750000000", "incomeTaxExpense": "8333000000", "interestAndDebtExpense": "None", "netIncomeFromContinuingOperations": "6061000000", "comprehensiveIncomeNetOfTax": "None", "ebit": "18395000000", "ebitda": "27455000000", "netIncome": "11358000000"}, {"fiscalDateEnding": "2009-12-31", "reportedCurrency": "USD", "grossProfit": "40068000000", "totalRevenue": "152840000000", "costOfRevenue": "112772000000", "costofGoodsAndServicesSold": "112772000000", "operatingIncome": "12278000000", "sellingGeneralAndAdministrative": "1830000000", "researchAndDevelopment": "190000000", "operatingExpenses": "27790000000", "investmentIncomeNet": "None", "netInterestIncome": "None", "interestIncome": "None", "interestExpense": "1289000000", "nonInterestIncome": "None", "otherNonOperatingIncome": "3545000000", "depreciation": "None", "depreciationAndAmortization": "9295000000", "incomeBeforeTax": "10032000000", "incomeTaxExpense": "5096000000", "interestAndDebtExpense": "None", "netIncomeFromContinuingOperations": "5893000000", "comprehensiveIncomeNetOfTax": "None", "ebit": "11899000000", "ebitda": "21194000000", "netIncome": "4858000000"}, {"fiscalDateEnding": "2008-12-31", "reportedCurrency": "USD", "grossProfit": "65701000000", "totalRevenue": "246182000000", "costOfRevenue": "180481000000", "costofGoodsAndServicesSold": "180481000000", "operatingIncome": "32486000000", "sellingGeneralAndAdministrative": "3566000000", "researchAndDevelopment": "209000000", "operatingExpenses": "33215000000", "investmentIncomeNet": "None", "netInterestIncome": "None", "interestIncome": "None", "interestExpense": "1006000000", "nonInterestIncome": "None", "otherNonOperatingIncome": "None", "depreciation": "None", "depreciationAndAmortization": "9012000000", "incomeBeforeTax": "-3593000000", "incomeTaxExpense": "13405000000", "interestAndDebtExpense": "None", "netIncomeFromContinuingOperations": "None", "comprehensiveIncomeNetOfTax": "None", "ebit": "-1472000000", "ebitda": "7540000000", "netIncome": "-16998000000"}, {"fiscalDateEnding": "2007-12-31", "reportedCurrency": "USD", "grossProfit": "60383000000", "totalRevenue": "194495000000", "costOfRevenue": "134112000000", "costofGoodsAndServicesSold": "134112000000", "operatingIncome": "29782000000", "sellingGeneralAndAdministrative": "3313000000", "researchAndDevelopment": "160000000", "operatingExpenses": "30601000000", "investmentIncomeNet": "None", "netInterestIncome": "None", "interestIncome": "None", "interestExpense": "356000000", "nonInterestIncome": "None", "otherNonOperatingIncome": "None", "depreciation": "None", "depreciationAndAmortization": "8298000000", "incomeBeforeTax": "23272000000", "incomeTaxExpense": "11381000000", "interestAndDebtExpense": "None", "netIncomeFromContinuingOperations": "None", "comprehensiveIncomeNetOfTax": "None", "ebit": "29782000000", "ebitda": "38080000000", "netIncome": "11891000000"}, {"fiscalDateEnding": "2006-12-31", "reportedCurrency": "USD", "grossProfit": "37432000000", "totalRevenue": "167578000000", "costOfRevenue": "130146000000", "costofGoodsAndServicesSold": "130146000000", "operatingIncome": "25557000000", "sellingGeneralAndAdministrative": "2476000000", "researchAndDevelopment": "117000000", "operatingExpenses": "11875000000", "investmentIncomeNet": "None", "netInterestIncome": "None", "interestIncome": "None", "interestExpense": "356000000", "nonInterestIncome": "None", "otherNonOperatingIncome": "None", "depreciation": "None", "depreciationAndAmortization": "7284000000", "incomeBeforeTax": "28333000000", "incomeTaxExpense": "12783000000", "interestAndDebtExpense": "None", "netIncomeFromContinuingOperations": "None", "comprehensiveIncomeNetOfTax": "None", "ebit": "30128000000", "ebitda": "37412000000", "netIncome": "15550000000"}, {"fiscalDateEnding": "2005-12-31", "reportedCurrency": "USD", "grossProfit": "49216000000", "totalRevenue": "183364000000", "costOfRevenue": "134148000000", "costofGoodsAndServicesSold": "134148000000", "operatingIncome": "41397000000", "sellingGeneralAndAdministrative": "2247000000", "researchAndDevelopment": "125000000", "operatingExpenses": "7819000000", "investmentIncomeNet": "None", "netInterestIncome": "None", "interestIncome": "None", "interestExpense": "197000000", "nonInterestIncome": "None", "otherNonOperatingIncome": "None", "depreciation": "None", "depreciationAndAmortization": "4253000000", "incomeBeforeTax": "23547000000", "incomeTaxExpense": "9907000000", "interestAndDebtExpense": "None", "netIncomeFromContinuingOperations": "None", "comprehensiveIncomeNetOfTax": "None", "ebit": "24360000000", "ebitda": "28613000000", "netIncome": "13617000000"}], "quarterlyReports": [{"fiscalDateEnding": "2024-12-31", "reportedCurrency": "USD", "grossProfit": "4188000000", "totalRevenue": "14236000000", "costOfRevenue": "10048000000", "costofGoodsAndServicesSold": "10048000000", "operatingIncome": "2967000000", "sellingGeneralAndAdministrative": "630000000", "researchAndDevelopment": "None", "operatingExpenses": "1221000000", "investmentIncomeNet": "None", "netInterestIncome": "126000000", "interestIncome": "None", "interestExpense": "276000000", "nonInterestIncome": "None", "otherNonOperatingIncome": "None", "depreciation": "None", "depreciationAndAmortization": "2616000000", "incomeBeforeTax": "2970000000", "incomeTaxExpense": "664000000", "interestAndDebtExpense": "None", "netIncomeFromContinuingOperations": "2306000000", "comprehensiveIncomeNetOfTax": "None", "ebit": "3246000000", "ebitda": "5862000000", "netIncome": "2306000000"}, {"fiscalDateEnding": "2024-09-30", "reportedCurrency": "USD", "grossProfit": "4206000000", "totalRevenue": "13604000000", "costOfRevenue": "9398000000", "costofGoodsAndServicesSold": "9398000000", "operatingIncome": "6596000000", "sellingGeneralAndAdministrative": "186000000", "researchAndDevelopment": "None", "operatingExpenses": "3643000000", "investmentIncomeNet": "None", "netInterestIncome": "-269000000", "interestIncome": "None", "interestExpense": "269000000", "nonInterestIncome": "None", "otherNonOperatingIncome": "None", "depreciation": "None", "depreciationAndAmortization": "2390000000", "incomeBeforeTax": "3235000000", "incomeTaxExpense": "1176000000", "interestAndDebtExpense": "None", "netIncomeFromContinuingOperations": "2059000000", "comprehensiveIncomeNetOfTax": "None", "ebit": "3504000000", "ebitda": "5894000000", "netIncome": "2059000000"}, {"fiscalDateEnding": "2024-06-30", "reportedCurrency": "USD", "grossProfit": "4159000000", "totalRevenue": "13588000000", "costOfRevenue": "9429000000", "costofGoodsAndServicesSold": "9429000000", "operatingIncome": "3459000000", "sellingGeneralAndAdministrative": "164000000", "researchAndDevelopment": "None", "operatingExpenses": "700000000", "investmentIncomeNet": "None", "netInterestIncome": "-278000000", "interestIncome": "None", "interestExpense": "278000000", "nonInterestIncome": "None", "otherNonOperatingIncome": "None", "depreciation": "None", "depreciationAndAmortization": "2363000000", "incomeBeforeTax": "3659000000", "incomeTaxExpense": "1330000000", "interestAndDebtExpense": "None", "netIncomeFromContinuingOperations": "2329000000", "comprehensiveIncomeNetOfTax": "None", "ebit": "3937000000", "ebitda": "6300000000", "netIncome": "2329000000"}, {"fiscalDateEnding": "2024-03-31", "reportedCurrency": "USD", "grossProfit": "4288000000", "totalRevenue": "13848000000", "costOfRevenue": "9560000000", "costofGoodsAndServicesSold": "9560000000", "operatingIncome": "3785000000", "sellingGeneralAndAdministrative": "178000000", "researchAndDevelopment": "None", "operatingExpenses": "845000000", "investmentIncomeNet": "None", "netInterestIncome": "-285000000", "interestIncome": "None", "interestExpense": "285000000", "nonInterestIncome": "None", "otherNonOperatingIncome": "None", "depreciation": "None", "depreciationAndAmortization": "2230000000", "incomeBeforeTax": "3808000000", "incomeTaxExpense": "1257000000", "interestAndDebtExpense": "None", "netIncomeFromContinuingOperations": "2551000000", "comprehensiveIncomeNetOfTax": "None", "ebit": "4093000000", "ebitda": "6323000000", "netIncome": "2551000000"}, {"fiscalDateEnding": "2023-12-31", "reportedCurrency": "USD", "grossProfit": "4666000000", "totalRevenue": "14644000000", "costOfRevenue": "9978000000", "costofGoodsAndServicesSold": "9978000000", "operatingIncome": "4044000000", "sellingGeneralAndAdministrative": "90000000", "researchAndDevelopment": "81000000", "operatingExpenses": "622000000", "investmentIncomeNet": "None", "netInterestIncome": "114000000", "interestIncome": "None", "interestExpense": "341000000", "nonInterestIncome": "None", "otherNonOperatingIncome": "None", "depreciation": "None", "depreciationAndAmortization": "2234000000", "incomeBeforeTax": "4264000000", "incomeTaxExpense": "1257000000", "interestAndDebtExpense": "None", "netIncomeFromContinuingOperations": "3007000000", "comprehensiveIncomeNetOfTax": "None", "ebit": "4428000000", "ebitda": "6662000000", "netIncome": "3007000000"}, {"fiscalDateEnding": "2023-09-30", "reportedCurrency": "USD", "grossProfit": "4617000000", "totalRevenue": "14250000000", "costOfRevenue": "9633000000", "costofGoodsAndServicesSold": "9633000000", "operatingIncome": "7328000000", "sellingGeneralAndAdministrative": "169000000", "researchAndDevelopment": "None", "operatingExpenses": "797000000", "investmentIncomeNet": "None", "netInterestIncome": "-262000000", "interestIncome": "139000000", "interestExpense": "262000000", "nonInterestIncome": "None", "otherNonOperatingIncome": "None", "depreciation": "None", "depreciationAndAmortization": "2144000000", "incomeBeforeTax": "4100000000", "incomeTaxExpense": "1302000000", "interestAndDebtExpense": "None", "netIncomeFromContinuingOperations": "2798000000", "comprehensiveIncomeNetOfTax": "None", "ebit": "4362000000", "ebitda": "6506000000", "netIncome": "2798000000"}, {"fiscalDateEnding": "2023-06-30", "reportedCurrency": "USD", "grossProfit": "3839000000", "totalRevenue": "12351000000", "costOfRevenue": "8512000000", "costofGoodsAndServicesSold": "8512000000", "operatingIncome": "6382000000", "sellingGeneralAndAdministrative": "205000000", "researchAndDevelopment": "None", "operatingExpenses": "800000000", "investmentIncomeNet": "None", "netInterestIncome": "-247000000", "interestIncome": "247000000", "interestExpense": "247000000", "nonInterestIncome": "None", "otherNonOperatingIncome": "374000000", "depreciation": "None", "depreciationAndAmortization": "2044000000", "incomeBeforeTax": "3362000000", "incomeTaxExpense": "1130000000", "interestAndDebtExpense": "None", "netIncomeFromContinuingOperations": "2232000000", "comprehensiveIncomeNetOfTax": "None", "ebit": "3609000000", "ebitda": "5653000000", "netIncome": "2232000000"}, {"fiscalDateEnding": "2023-03-31", "reportedCurrency": "USD", "grossProfit": "4952000000", "totalRevenue": "14811000000", "costOfRevenue": "9859000000", "costofGoodsAndServicesSold": "9859000000", "operatingIncome": "4079000000", "sellingGeneralAndAdministrative": "90000000", "researchAndDevelopment": "None", "operatingExpenses": "90000000", "investmentIncomeNet": "None", "netInterestIncome": "-256000000", "interestIncome": "355000000", "interestExpense": "90000000", "nonInterestIncome": "None", "otherNonOperatingIncome": "558000000", "depreciation": "None", "depreciationAndAmortization": "2681000000", "incomeBeforeTax": "4562000000", "incomeTaxExpense": "1642000000", "interestAndDebtExpense": "None", "netIncomeFromContinuingOperations": "2920000000", "comprehensiveIncomeNetOfTax": "None", "ebit": "4079000000", "ebitda": "6760000000", "netIncome": "2920000000"}, {"fiscalDateEnding": "2022-12-31", "reportedCurrency": "USD", "grossProfit": "5939000000", "totalRevenue": "18558000000", "costOfRevenue": "12619000000", "costofGoodsAndServicesSold": "12619000000", "operatingIncome": "5464000000", "sellingGeneralAndAdministrative": "879000000", "researchAndDevelopment": "71000000", "operatingExpenses": "1142000000", "investmentIncomeNet": "None", "netInterestIncome": "-246000000", "interestIncome": "353000000", "interestExpense": "246000000", "nonInterestIncome": "None", "otherNonOperatingIncome": "940000000", "depreciation": "None", "depreciationAndAmortization": "2203000000", "incomeBeforeTax": "5235000000", "incomeTaxExpense": "1986000000", "interestAndDebtExpense": "None", "netIncomeFromContinuingOperations": "3249000000", "comprehensiveIncomeNetOfTax": "None", "ebit": "5481000000", "ebitda": "7684000000", "netIncome": "3249000000"}, {"fiscalDateEnding": "2022-09-30", "reportedCurrency": "USD", "grossProfit": "8091000000", "totalRevenue": "21013000000", "costOfRevenue": "12922000000", "costofGoodsAndServicesSold": "12922000000", "operatingIncome": "7504000000", "sellingGeneralAndAdministrative": "991000000", "researchAndDevelopment": "None", "operatingExpenses": "1080000000", "investmentIncomeNet": "None", "netInterestIncome": "-259000000", "interestIncome": "455000000", "interestExpense": "259000000", "nonInterestIncome": "None", "otherNonOperatingIncome": "432000000", "depreciation": "None", "depreciationAndAmortization": "2008000000", "incomeBeforeTax": "7440000000", "incomeTaxExpense": "2913000000", "interestAndDebtExpense": "None", "netIncomeFromContinuingOperations": "32875000000", "comprehensiveIncomeNetOfTax": "None", "ebit": "7595000000", "ebitda": "9603000000", "netIncome": "4527000000"}, {"fiscalDateEnding": "2022-06-30", "reportedCurrency": "USD", "grossProfit": "8376000000", "totalRevenue": "21161000000", "costOfRevenue": "12785000000", "costofGoodsAndServicesSold": "12785000000", "operatingIncome": "7597000000", "sellingGeneralAndAdministrative": "1116000000", "researchAndDevelopment": "None", "operatingExpenses": "1259000000", "investmentIncomeNet": "None", "netInterestIncome": "-272000000", "interestIncome": "383000000", "interestExpense": "272000000", "nonInterestIncome": "None", "otherNonOperatingIncome": "802000000", "depreciation": "None", "depreciationAndAmortization": "1907000000", "incomeBeforeTax": "7655000000", "incomeTaxExpense": "2510000000", "interestAndDebtExpense": "None", "netIncomeFromContinuingOperations": "33813000000", "comprehensiveIncomeNetOfTax": "None", "ebit": "7927000000", "ebitda": "9834000000", "netIncome": "5128000000"}, {"fiscalDateEnding": "2022-03-31", "reportedCurrency": "USD", "grossProfit": "7607000000", "totalRevenue": "17762000000", "costOfRevenue": "10155000000", "costofGoodsAndServicesSold": "10155000000", "operatingIncome": "7385000000", "sellingGeneralAndAdministrative": "1001000000", "researchAndDevelopment": "None", "operatingExpenses": "1070000000", "investmentIncomeNet": "None", "netInterestIncome": "-278000000", "interestIncome": "185000000", "interestExpense": "278000000", "nonInterestIncome": "None", "otherNonOperatingIncome": "1131000000", "depreciation": "None", "depreciationAndAmortization": "1830000000", "incomeBeforeTax": "7898000000", "incomeTaxExpense": "2139000000", "interestAndDebtExpense": "None", "netIncomeFromContinuingOperations": "28545000000", "comprehensiveIncomeNetOfTax": "None", "ebit": "6907000000", "ebitda": "8737000000", "netIncome": "5759000000"}, {"fiscalDateEnding": "2021-12-31", "reportedCurrency": "USD", "grossProfit": "5296000000", "totalRevenue": "15120000000", "costOfRevenue": "9824000000", "costofGoodsAndServicesSold": "9824000000", "operatingIncome": "4611000000", "sellingGeneralAndAdministrative": "163000000", "researchAndDevelopment": "62000000", "operatingExpenses": "781000000", "investmentIncomeNet": "None", "netInterestIncome": "-275000000", "interestIncome": "451000000", "interestExpense": "275000000", "nonInterestIncome": "None", "otherNonOperatingIncome": "17000000", "depreciation": "None", "depreciationAndAmortization": "1820000000", "incomeBeforeTax": "4336000000", "incomeTaxExpense": "1709000000", "interestAndDebtExpense": "None", "netIncomeFromContinuingOperations": "2627000000", "comprehensiveIncomeNetOfTax": "None", "ebit": "4611000000", "ebitda": "6431000000", "netIncome": "2627000000"}, {"fiscalDateEnding": "2021-09-30", "reportedCurrency": "USD", "grossProfit": "4086000000", "totalRevenue": "11326000000", "costOfRevenue": "7240000000", "costofGoodsAndServicesSold": "7240000000", "operatingIncome": "3490000000", "sellingGeneralAndAdministrative": "531000000", "researchAndDevelopment": "None", "operatingExpenses": "596000000", "investmentIncomeNet": "None", "netInterestIncome": "-280000000", "interestIncome": "47000000", "interestExpense": "280000000", "nonInterestIncome": "None", "otherNonOperatingIncome": "-7000000", "depreciation": "None", "depreciationAndAmortization": "1672000000", "incomeBeforeTax": "3582000000", "incomeTaxExpense": "1203000000", "interestAndDebtExpense": "None", "netIncomeFromContinuingOperations": "2379000000", "comprehensiveIncomeNetOfTax": "None", "ebit": "3659000000", "ebitda": "5331000000", "netIncome": "2379000000"}, {"fiscalDateEnding": "2021-06-30", "reportedCurrency": "USD", "grossProfit": "3312000000", "totalRevenue": "9556000000", "costOfRevenue": "6244000000", "costofGoodsAndServicesSold": "6244000000", "operatingIncome": "2757000000", "sellingGeneralAndAdministrative": "117000000", "researchAndDevelopment": "None", "operatingExpenses": "555000000", "investmentIncomeNet": "None", "netInterestIncome": "-283000000", "interestIncome": "327000000", "interestExpense": "283000000", "nonInterestIncome": "None", "otherNonOperatingIncome": "-47000000", "depreciation": "None", "depreciationAndAmortization": "1868000000", "incomeBeforeTax": "3080000000", "incomeTaxExpense": "989000000", "interestAndDebtExpense": "None", "netIncomeFromContinuingOperations": "2091000000", "comprehensiveIncomeNetOfTax": "None", "ebit": "3363000000", "ebitda": "5231000000", "netIncome": "2091000000"}, {"fiscalDateEnding": "2021-03-31", "reportedCurrency": "USD", "grossProfit": "2074000000", "totalRevenue": "9826000000", "costOfRevenue": "7752000000", "costofGoodsAndServicesSold": "7752000000", "operatingIncome": "1309000000", "sellingGeneralAndAdministrative": "681000000", "researchAndDevelopment": "None", "operatingExpenses": "765000000", "investmentIncomeNet": "None", "netInterestIncome": "-288000000", "interestIncome": "123000000", "interestExpense": "288000000", "nonInterestIncome": "None", "otherNonOperatingIncome": "-43000000", "depreciation": "None", "depreciationAndAmortization": "1892000000", "incomeBeforeTax": "1714000000", "incomeTaxExpense": "732000000", "interestAndDebtExpense": "None", "netIncomeFromContinuingOperations": "982000000", "comprehensiveIncomeNetOfTax": "None", "ebit": "2002000000", "ebitda": "3894000000", "netIncome": "982000000"}, {"fiscalDateEnding": "2020-12-31", "reportedCurrency": "USD", "grossProfit": "341000000", "totalRevenue": "5491000000", "costOfRevenue": "5150000000", "costofGoodsAndServicesSold": "5150000000", "operatingIncome": "-1071000000", "sellingGeneralAndAdministrative": "181000000", "researchAndDevelopment": "75000000", "operatingExpenses": "1412000000", "investmentIncomeNet": "None", "netInterestIncome": "-202000000", "interestIncome": "132000000", "interestExpense": "259000000", "nonInterestIncome": "None", "otherNonOperatingIncome": "None", "depreciation": "None", "depreciationAndAmortization": "1541000000", "incomeBeforeTax": "-1086000000", "incomeTaxExpense": "-314000000", "interestAndDebtExpense": "None", "netIncomeFromContinuingOperations": "-772000000", "comprehensiveIncomeNetOfTax": "None", "ebit": "-827000000", "ebitda": "714000000", "netIncome": "-772000000"}, {"fiscalDateEnding": "2020-09-30", "reportedCurrency": "USD", "grossProfit": "173000000", "totalRevenue": "4386000000", "costOfRevenue": "4213000000", "costofGoodsAndServicesSold": "4213000000", "operatingIncome": "-227000000", "sellingGeneralAndAdministrative": "96000000", "researchAndDevelopment": "None", "operatingExpenses": "400000000", "investmentIncomeNet": "None", "netInterestIncome": "-200000000", "interestIncome": "322000000", "interestExpense": "262000000", "nonInterestIncome": "None", "otherNonOperatingIncome": "-15000000", "depreciation": "None", "depreciationAndAmortization": "1411000000", "incomeBeforeTax": "-512000000", "incomeTaxExpense": "-62000000", "interestAndDebtExpense": "None", "netIncomeFromContinuingOperations": "-450000000", "comprehensiveIncomeNetOfTax": "None", "ebit": "-250000000", "ebitda": "1161000000", "netIncome": "-450000000"}, {"fiscalDateEnding": "2020-06-30", "reportedCurrency": "USD", "grossProfit": "-586000000", "totalRevenue": "2749000000", "costOfRevenue": "3335000000", "costofGoodsAndServicesSold": "3335000000", "operatingIncome": "-980000000", "sellingGeneralAndAdministrative": "156000000", "researchAndDevelopment": "None", "operatingExpenses": "394000000", "investmentIncomeNet": "None", "netInterestIncome": "-268000000", "interestIncome": "419000000", "interestExpense": "268000000", "nonInterestIncome": "None", "otherNonOperatingIncome": "None", "depreciation": "None", "depreciationAndAmortization": "1158000000", "incomeBeforeTax": "21000000", "incomeTaxExpense": "-257000000", "interestAndDebtExpense": "None", "netIncomeFromContinuingOperations": "278000000", "comprehensiveIncomeNetOfTax": "None", "ebit": "-959000000", "ebitda": "199000000", "netIncome": "260000000"}, {"fiscalDateEnding": "2020-03-31", "reportedCurrency": "USD", "grossProfit": "913000000", "totalRevenue": "6158000000", "costOfRevenue": "5245000000", "costofGoodsAndServicesSold": "5245000000", "operatingIncome": "478000000", "sellingGeneralAndAdministrative": "3000000", "researchAndDevelopment": "None", "operatingExpenses": "435000000", "investmentIncomeNet": "None", "netInterestIncome": "-202000000", "interestIncome": "1547000000", "interestExpense": "269000000", "nonInterestIncome": "None", "otherNonOperatingIncome": "96000000", "depreciation": "None", "depreciationAndAmortization": "1411000000", "incomeBeforeTax": "-1563000000", "incomeTaxExpense": "148000000", "interestAndDebtExpense": "None", "netIncomeFromContinuingOperations": "-1711000000", "comprehensiveIncomeNetOfTax": "None", "ebit": "-1227000000", "ebitda": "184000000", "netIncome": "-1739000000"}, {"fiscalDateEnding": "2019-12-31", "reportedCurrency": "USD", "grossProfit": "2135000000", "totalRevenue": "7708000000", "costOfRevenue": "5573000000", "costofGoodsAndServicesSold": "5573000000", "operatingIncome": "1550000000", "sellingGeneralAndAdministrative": "187000000", "researchAndDevelopment": "82000000", "operatingExpenses": "585000000", "investmentIncomeNet": "None", "netInterestIncome": "-30000000", "interestIncome": "247000000", "interestExpense": "263000000", "nonInterestIncome": "None", "otherNonOperatingIncome": "-54000000", "depreciation": "None", "depreciationAndAmortization": "1488000000", "incomeBeforeTax": "1286000000", "incomeTaxExpense": "543000000", "interestAndDebtExpense": "None", "netIncomeFromContinuingOperations": "743000000", "comprehensiveIncomeNetOfTax": "None", "ebit": "1609000000", "ebitda": "3097000000", "netIncome": "720000000"}, {"fiscalDateEnding": "2019-09-30", "reportedCurrency": "USD", "grossProfit": "2149000000", "totalRevenue": "7756000000", "costOfRevenue": "5607000000", "costofGoodsAndServicesSold": "5607000000", "operatingIncome": "1465000000", "sellingGeneralAndAdministrative": "87000000", "researchAndDevelopment": "None", "operatingExpenses": "684000000", "investmentIncomeNet": "None", "netInterestIncome": "-184000000", "interestIncome": "314000000", "interestExpense": "270000000", "nonInterestIncome": "None", "otherNonOperatingIncome": "-15000000", "depreciation": "None", "depreciationAndAmortization": "1566000000", "incomeBeforeTax": "3493000000", "incomeTaxExpense": "422000000", "interestAndDebtExpense": "None", "netIncomeFromContinuingOperations": "3071000000", "comprehensiveIncomeNetOfTax": "None", "ebit": "1981000000", "ebitda": "3547000000", "netIncome": "3056000000"}, {"fiscalDateEnding": "2019-06-30", "reportedCurrency": "USD", "grossProfit": "2371000000", "totalRevenue": "7953000000", "costOfRevenue": "5582000000", "costofGoodsAndServicesSold": "5582000000", "operatingIncome": "1926000000", "sellingGeneralAndAdministrative": "129000000", "researchAndDevelopment": "None", "operatingExpenses": "445000000", "investmentIncomeNet": "None", "netInterestIncome": "-165000000", "interestIncome": "349000000", "interestExpense": "252000000", "nonInterestIncome": "None", "otherNonOperatingIncome": "-42000000", "depreciation": "None", "depreciationAndAmortization": "1490000000", "incomeBeforeTax": "2058000000", "incomeTaxExpense": "461000000", "interestAndDebtExpense": "None", "netIncomeFromContinuingOperations": "1597000000", "comprehensiveIncomeNetOfTax": "None", "ebit": "2310000000", "ebitda": "3800000000", "netIncome": "1580000000"}, {"fiscalDateEnding": "2019-03-31", "reportedCurrency": "USD", "grossProfit": "2658000000", "totalRevenue": "9150000000", "costOfRevenue": "6492000000", "costofGoodsAndServicesSold": "6492000000", "operatingIncome": "2120000000", "sellingGeneralAndAdministrative": "153000000", "researchAndDevelopment": "None", "operatingExpenses": "538000000", "investmentIncomeNet": "None", "netInterestIncome": "-233000000", "interestIncome": "284000000", "interestExpense": "319000000", "nonInterestIncome": "None", "otherNonOperatingIncome": "-20000000", "depreciation": "None", "depreciationAndAmortization": "1546000000", "incomeBeforeTax": "2687000000", "incomeTaxExpense": "841000000", "interestAndDebtExpense": "None", "netIncomeFromContinuingOperations": "1846000000", "comprehensiveIncomeNetOfTax": "None", "ebit": "3006000000", "ebitda": "4552000000", "netIncome": "1833000000"}, {"fiscalDateEnding": "2018-12-31", "reportedCurrency": "USD", "grossProfit": "2706000000", "totalRevenue": "9666000000", "costOfRevenue": "6960000000", "costofGoodsAndServicesSold": "6960000000", "operatingIncome": "2259000000", "sellingGeneralAndAdministrative": "65000000", "researchAndDevelopment": "78000000", "operatingExpenses": "447000000", "investmentIncomeNet": "None", "netInterestIncome": "None", "interestIncome": "None", "interestExpense": "275000000", "nonInterestIncome": "None", "otherNonOperatingIncome": "-1000000", "depreciation": "None", "depreciationAndAmortization": "1612000000", "incomeBeforeTax": "2672000000", "incomeTaxExpense": "794000000", "interestAndDebtExpense": "None", "netIncomeFromContinuingOperations": "1878000000", "comprehensiveIncomeNetOfTax": "None", "ebit": "2978000000", "ebitda": "4590000000", "netIncome": "1868000000"}, {"fiscalDateEnding": "2018-09-30", "reportedCurrency": "USD", "grossProfit": "3058000000", "totalRevenue": "9449000000", "costOfRevenue": "6391000000", "costofGoodsAndServicesSold": "6391000000", "operatingIncome": "2524000000", "sellingGeneralAndAdministrative": "119000000", "researchAndDevelopment": "0", "operatingExpenses": "534000000", "investmentIncomeNet": "None", "netInterestIncome": "None", "interestIncome": "None", "interestExpense": "275000000", "nonInterestIncome": "None", "otherNonOperatingIncome": "-15000000", "depreciation": "None", "depreciationAndAmortization": "1494000000", "incomeBeforeTax": "2906000000", "incomeTaxExpense": "1033000000", "interestAndDebtExpense": "None", "netIncomeFromContinuingOperations": "1873000000", "comprehensiveIncomeNetOfTax": "None", "ebit": "3181000000", "ebitda": "4675000000", "netIncome": "1861000000"}, {"fiscalDateEnding": "2018-06-30", "reportedCurrency": "USD", "grossProfit": "2689000000", "totalRevenue": "8504000000", "costOfRevenue": "5815000000", "costofGoodsAndServicesSold": "5815000000", "operatingIncome": "2229000000", "sellingGeneralAndAdministrative": "118000000", "researchAndDevelopment": "0", "operatingExpenses": "460000000", "investmentIncomeNet": "None", "netInterestIncome": "None", "interestIncome": "None", "interestExpense": "266000000", "nonInterestIncome": "None", "otherNonOperatingIncome": "-115000000", "depreciation": "None", "depreciationAndAmortization": "1438000000", "incomeBeforeTax": "2619000000", "incomeTaxExpense": "965000000", "interestAndDebtExpense": "None", "netIncomeFromContinuingOperations": "1654000000", "comprehensiveIncomeNetOfTax": "None", "ebit": "2885000000", "ebitda": "4323000000", "netIncome": "1640000000"}, {"fiscalDateEnding": "2018-03-31", "reportedCurrency": "USD", "grossProfit": "2501000000", "totalRevenue": "8798000000", "costOfRevenue": "6297000000", "costofGoodsAndServicesSold": "6297000000", "operatingIncome": "2072000000", "sellingGeneralAndAdministrative": "99000000", "researchAndDevelopment": "0", "operatingExpenses": "429000000", "investmentIncomeNet": "None", "netInterestIncome": "None", "interestIncome": "None", "interestExpense": "272000000", "nonInterestIncome": "None", "otherNonOperatingIncome": "-227000000", "depreciation": "None", "depreciationAndAmortization": "1412000000", "incomeBeforeTax": "1776000000", "incomeTaxExpense": "876000000", "interestAndDebtExpense": "None", "netIncomeFromContinuingOperations": "900000000", "comprehensiveIncomeNetOfTax": "None", "ebit": "2048000000", "ebitda": "3460000000", "netIncome": "888000000"}, {"fiscalDateEnding": "2017-12-31", "reportedCurrency": "USD", "grossProfit": "1727000000", "totalRevenue": "8119000000", "costOfRevenue": "6392000000", "costofGoodsAndServicesSold": "6392000000", "operatingIncome": "1170000000", "sellingGeneralAndAdministrative": "138000000", "researchAndDevelopment": "100000000", "operatingExpenses": "557000000", "investmentIncomeNet": "None", "netInterestIncome": "None", "interestIncome": "None", "interestExpense": "312000000", "nonInterestIncome": "None", "otherNonOperatingIncome": "-24000000", "depreciation": "None", "depreciationAndAmortization": "1633000000", "incomeBeforeTax": "1325000000", "incomeTaxExpense": "-273000000", "interestAndDebtExpense": "None", "netIncomeFromContinuingOperations": "1598000000", "comprehensiveIncomeNetOfTax": "None", "ebit": "1768000000", "ebitda": "3401000000", "netIncome": "1579000000"}, {"fiscalDateEnding": "2017-09-30", "reportedCurrency": "USD", "grossProfit": "930000000", "totalRevenue": "6688000000", "costOfRevenue": "5758000000", "costofGoodsAndServicesSold": "5758000000", "operatingIncome": "548000000", "sellingGeneralAndAdministrative": "132000000", "researchAndDevelopment": "0", "operatingExpenses": "382000000", "investmentIncomeNet": "None", "netInterestIncome": "None", "interestIncome": "None", "interestExpense": "340000000", "nonInterestIncome": "None", "otherNonOperatingIncome": "-56000000", "depreciation": "None", "depreciationAndAmortization": "1608000000", "incomeBeforeTax": "653000000", "incomeTaxExpense": "217000000", "interestAndDebtExpense": "None", "netIncomeFromContinuingOperations": "436000000", "comprehensiveIncomeNetOfTax": "None", "ebit": "993000000", "ebitda": "2601000000", "netIncome": "420000000"}, {"fiscalDateEnding": "2017-06-30", "reportedCurrency": "USD", "grossProfit": "907000000", "totalRevenue": "6781000000", "costOfRevenue": "5874000000", "costofGoodsAndServicesSold": "5874000000", "operatingIncome": "477000000", "sellingGeneralAndAdministrative": "134000000", "researchAndDevelopment": "0", "operatingExpenses": "430000000", "investmentIncomeNet": "None", "netInterestIncome": "None", "interestIncome": "None", "interestExpense": "398000000", "nonInterestIncome": "None", "otherNonOperatingIncome": "-247000000", "depreciation": "None", "depreciationAndAmortization": "1625000000", "incomeBeforeTax": "-4361000000", "incomeTaxExpense": "-935000000", "interestAndDebtExpense": "None", "netIncomeFromContinuingOperations": "-3426000000", "comprehensiveIncomeNetOfTax": "None", "ebit": "-3941000000", "ebitda": "-2316000000", "netIncome": "-3440000000"}, {"fiscalDateEnding": "2017-03-31", "reportedCurrency": "USD", "grossProfit": "1050000000", "totalRevenue": "7518000000", "costOfRevenue": "6468000000", "costofGoodsAndServicesSold": "6468000000", "operatingIncome": "110000000", "sellingGeneralAndAdministrative": "157000000", "researchAndDevelopment": "0", "operatingExpenses": "646000000", "investmentIncomeNet": "None", "netInterestIncome": "None", "interestIncome": "None", "interestExpense": "410000000", "nonInterestIncome": "None", "otherNonOperatingIncome": "-10000000", "depreciation": "None", "depreciationAndAmortization": "1979000000", "incomeBeforeTax": "62000000", "incomeTaxExpense": "-728000000", "interestAndDebtExpense": "None", "netIncomeFromContinuingOperations": "599000000", "comprehensiveIncomeNetOfTax": "None", "ebit": "178000000", "ebitda": "2157000000", "netIncome": "586000000"}, {"fiscalDateEnding": "2016-12-31", "reportedCurrency": "USD", "grossProfit": "458000000", "totalRevenue": "6809000000", "costOfRevenue": "6351000000", "costofGoodsAndServicesSold": "6351000000", "operatingIncome": "-253000000", "sellingGeneralAndAdministrative": "167000000", "researchAndDevelopment": "116000000", "operatingExpenses": "711000000", "investmentIncomeNet": "None", "netInterestIncome": "None", "interestIncome": "None", "interestExpense": "413000000", "nonInterestIncome": "None", "otherNonOperatingIncome": "31000000", "depreciation": "None", "depreciationAndAmortization": "2061000000", "incomeBeforeTax": "-8000000", "incomeTaxExpense": "11000000", "interestAndDebtExpense": "None", "netIncomeFromContinuingOperations": "-19000000", "comprehensiveIncomeNetOfTax": "None", "ebit": "579000000", "ebitda": "2640000000", "netIncome": "-35000000"}, {"fiscalDateEnding": "2016-09-30", "reportedCurrency": "USD", "grossProfit": "-355000000", "totalRevenue": "6415000000", "costOfRevenue": "6770000000", "costofGoodsAndServicesSold": "6770000000", "operatingIncome": "-1176000000", "sellingGeneralAndAdministrative": "203000000", "researchAndDevelopment": "0", "operatingExpenses": "821000000", "investmentIncomeNet": "None", "netInterestIncome": "None", "interestIncome": "None", "interestExpense": "443000000", "nonInterestIncome": "None", "otherNonOperatingIncome": "-13000000", "depreciation": "None", "depreciationAndAmortization": "2425000000", "incomeBeforeTax": "-1654000000", "incomeTaxExpense": "-628000000", "interestAndDebtExpense": "None", "netIncomeFromContinuingOperations": "-1026000000", "comprehensiveIncomeNetOfTax": "None", "ebit": "-1211000000", "ebitda": "1214000000", "netIncome": "-1040000000"}, {"fiscalDateEnding": "2016-06-30", "reportedCurrency": "USD", "grossProfit": "-428000000", "totalRevenue": "5348000000", "costOfRevenue": "5776000000", "costofGoodsAndServicesSold": "5776000000", "operatingIncome": "-1402000000", "sellingGeneralAndAdministrative": "167000000", "researchAndDevelopment": "0", "operatingExpenses": "974000000", "investmentIncomeNet": "None", "netInterestIncome": "None", "interestIncome": "None", "interestExpense": "424000000", "nonInterestIncome": "None", "otherNonOperatingIncome": "17000000", "depreciation": "None", "depreciationAndAmortization": "2329000000", "incomeBeforeTax": "-1644000000", "incomeTaxExpense": "-586000000", "interestAndDebtExpense": "None", "netIncomeFromContinuingOperations": "-1058000000", "comprehensiveIncomeNetOfTax": "None", "ebit": "-1220000000", "ebitda": "1109000000", "netIncome": "-1071000000"}, {"fiscalDateEnding": "2016-03-31", "reportedCurrency": "USD", "grossProfit": "-705000000", "totalRevenue": "5121000000", "costOfRevenue": "5826000000", "costofGoodsAndServicesSold": "5826000000", "operatingIncome": "-1576000000", "sellingGeneralAndAdministrative": "186000000", "researchAndDevelopment": "0", "operatingExpenses": "871000000", "investmentIncomeNet": "None", "netInterestIncome": "None", "interestIncome": "None", "interestExpense": "390000000", "nonInterestIncome": "None", "otherNonOperatingIncome": "-16000000", "depreciation": "None", "depreciationAndAmortization": "2247000000", "incomeBeforeTax": "-2224000000", "incomeTaxExpense": "-768000000", "interestAndDebtExpense": "None", "netIncomeFromContinuingOperations": "-1456000000", "comprehensiveIncomeNetOfTax": "None", "ebit": "-1834000000", "ebitda": "413000000", "netIncome": "-1469000000"}, {"fiscalDateEnding": "2015-12-31", "reportedCurrency": "USD", "grossProfit": "-361000000", "totalRevenue": "6293000000", "costOfRevenue": "6654000000", "costofGoodsAndServicesSold": "6654000000", "operatingIncome": "-2990000000", "sellingGeneralAndAdministrative": "283000000", "researchAndDevelopment": "222000000", "operatingExpenses": "2629000000", "investmentIncomeNet": "None", "netInterestIncome": "None", "interestIncome": "None", "interestExpense": "386000000", "nonInterestIncome": "None", "otherNonOperatingIncome": "-21000000", "depreciation": "None", "depreciationAndAmortization": "2382000000", "incomeBeforeTax": "-5051000000", "incomeTaxExpense": "-1614000000", "interestAndDebtExpense": "None", "netIncomeFromContinuingOperations": "-3437000000", "comprehensiveIncomeNetOfTax": "None", "ebit": "-4665000000", "ebitda": "-2283000000", "netIncome": "-3450000000"}, {"fiscalDateEnding": "2015-09-30", "reportedCurrency": "USD", "grossProfit": "-112000000", "totalRevenue": "7262000000", "costOfRevenue": "7374000000", "costofGoodsAndServicesSold": "7374000000", "operatingIncome": "-1672000000", "sellingGeneralAndAdministrative": "293000000", "researchAndDevelopment": "0", "operatingExpenses": "1560000000", "investmentIncomeNet": "None", "netInterestIncome": "None", "interestIncome": "None", "interestExpense": "362000000", "nonInterestIncome": "None", "otherNonOperatingIncome": "72000000", "depreciation": "None", "depreciationAndAmortization": "2271000000", "incomeBeforeTax": "-1741000000", "incomeTaxExpense": "-685000000", "interestAndDebtExpense": "None", "netIncomeFromContinuingOperations": "-1056000000", "comprehensiveIncomeNetOfTax": "None", "ebit": "-1379000000", "ebitda": "892000000", "netIncome": "-1071000000"}, {"fiscalDateEnding": "2015-06-30", "reportedCurrency": "USD", "grossProfit": "936000000", "totalRevenue": "8293000000", "costOfRevenue": "7357000000", "costofGoodsAndServicesSold": "7357000000", "operatingIncome": "-56000000", "sellingGeneralAndAdministrative": "218000000", "researchAndDevelopment": "0", "operatingExpenses": "992000000", "investmentIncomeNet": "None", "netInterestIncome": "None", "interestIncome": "None", "interestExpense": "332000000", "nonInterestIncome": "None", "otherNonOperatingIncome": "8000000", "depreciation": "None", "depreciationAndAmortization": "2329000000", "incomeBeforeTax": "-91000000", "incomeTaxExpense": "73000000", "interestAndDebtExpense": "None", "netIncomeFromContinuingOperations": "-164000000", "comprehensiveIncomeNetOfTax": "None", "ebit": "241000000", "ebitda": "2570000000", "netIncome": "-179000000"}, {"fiscalDateEnding": "2015-03-31", "reportedCurrency": "USD", "grossProfit": "546000000", "totalRevenue": "7716000000", "costOfRevenue": "7170000000", "costofGoodsAndServicesSold": "7170000000", "operatingIncome": "-319000000", "sellingGeneralAndAdministrative": "159000000", "researchAndDevelopment": "0", "operatingExpenses": "865000000", "investmentIncomeNet": "None", "netInterestIncome": "None", "interestIncome": "None", "interestExpense": "323000000", "nonInterestIncome": "None", "otherNonOperatingIncome": "16000000", "depreciation": "None", "depreciationAndAmortization": "2131000000", "incomeBeforeTax": "-356000000", "incomeTaxExpense": "-642000000", "interestAndDebtExpense": "None", "netIncomeFromContinuingOperations": "286000000", "comprehensiveIncomeNetOfTax": "None", "ebit": "-33000000", "ebitda": "2098000000", "netIncome": "272000000"}, {"fiscalDateEnding": "2014-12-31", "reportedCurrency": "USD", "grossProfit": "1220000000", "totalRevenue": "11208000000", "costOfRevenue": "9988000000", "costofGoodsAndServicesSold": "9988000000", "operatingIncome": "-17000000", "sellingGeneralAndAdministrative": "132000000", "researchAndDevelopment": "263000000", "operatingExpenses": "1237000000", "investmentIncomeNet": "None", "netInterestIncome": "None", "interestIncome": "None", "interestExpense": "300000000", "nonInterestIncome": "None", "otherNonOperatingIncome": "83000000", "depreciation": "None", "depreciationAndAmortization": "2271000000", "incomeBeforeTax": "-321000000", "incomeTaxExpense": "-297000000", "interestAndDebtExpense": "None", "netIncomeFromContinuingOperations": "-24000000", "comprehensiveIncomeNetOfTax": "None", "ebit": "-21000000", "ebitda": "2250000000", "netIncome": "-39000000"}, {"fiscalDateEnding": "2014-09-30", "reportedCurrency": "USD", "grossProfit": "3240000000", "totalRevenue": "12080000000", "costOfRevenue": "8840000000", "costofGoodsAndServicesSold": "8840000000", "operatingIncome": "1816000000", "sellingGeneralAndAdministrative": "203000000", "researchAndDevelopment": "0", "operatingExpenses": "1155000000", "investmentIncomeNet": "None", "netInterestIncome": "None", "interestIncome": "None", "interestExpense": "269000000", "nonInterestIncome": "None", "otherNonOperatingIncome": "8000000", "depreciation": "None", "depreciationAndAmortization": "2096000000", "incomeBeforeTax": "2553000000", "incomeTaxExpense": "904000000", "interestAndDebtExpense": "None", "netIncomeFromContinuingOperations": "1649000000", "comprehensiveIncomeNetOfTax": "None", "ebit": "2822000000", "ebitda": "4918000000", "netIncome": "2704000000"}, {"fiscalDateEnding": "2014-06-30", "reportedCurrency": "USD", "grossProfit": "4226000000", "totalRevenue": "13821000000", "costOfRevenue": "9595000000", "costofGoodsAndServicesSold": "9595000000", "operatingIncome": "2879000000", "sellingGeneralAndAdministrative": "218000000", "researchAndDevelopment": "0", "operatingExpenses": "1347000000", "investmentIncomeNet": "None", "netInterestIncome": "None", "interestIncome": "None", "interestExpense": "275000000", "nonInterestIncome": "None", "otherNonOperatingIncome": "-7000000", "depreciation": "None", "depreciationAndAmortization": "2070000000", "incomeBeforeTax": "3460000000", "incomeTaxExpense": "1395000000", "interestAndDebtExpense": "None", "netIncomeFromContinuingOperations": "2065000000", "comprehensiveIncomeNetOfTax": "None", "ebit": "3735000000", "ebitda": "5805000000", "netIncome": "2081000000"}, {"fiscalDateEnding": "2014-03-31", "reportedCurrency": "USD", "grossProfit": "4501000000", "totalRevenue": "15415000000", "costOfRevenue": "10914000000", "costofGoodsAndServicesSold": "10914000000", "operatingIncome": "3372000000", "sellingGeneralAndAdministrative": "182000000", "researchAndDevelopment": "0", "operatingExpenses": "1129000000", "investmentIncomeNet": "None", "netInterestIncome": "None", "interestIncome": "None", "interestExpense": "288000000", "nonInterestIncome": "None", "otherNonOperatingIncome": "-18000000", "depreciation": "None", "depreciationAndAmortization": "1892000000", "incomeBeforeTax": "3698000000", "incomeTaxExpense": "1581000000", "interestAndDebtExpense": "None", "netIncomeFromContinuingOperations": "2117000000", "comprehensiveIncomeNetOfTax": "None", "ebit": "3986000000", "ebitda": "5878000000", "netIncome": "2123000000"}, {"fiscalDateEnding": "2013-12-31", "reportedCurrency": "USD", "grossProfit": "3864000000", "totalRevenue": "13254000000", "costOfRevenue": "9390000000", "costofGoodsAndServicesSold": "9390000000", "operatingIncome": "2610000000", "sellingGeneralAndAdministrative": "247000000", "researchAndDevelopment": "258000000", "operatingExpenses": "1254000000", "investmentIncomeNet": "None", "netInterestIncome": "None", "interestIncome": "None", "interestExpense": "309000000", "nonInterestIncome": "None", "otherNonOperatingIncome": "24000000", "depreciation": "None", "depreciationAndAmortization": "1893000000", "incomeBeforeTax": "2558000000", "incomeTaxExpense": "1050000000", "interestAndDebtExpense": "None", "netIncomeFromContinuingOperations": "1508000000", "comprehensiveIncomeNetOfTax": "None", "ebit": "2867000000", "ebitda": "4760000000", "netIncome": "2487000000"}, {"fiscalDateEnding": "2013-09-30", "reportedCurrency": "USD", "grossProfit": "4071000000", "totalRevenue": "13643000000", "costOfRevenue": "9572000000", "costofGoodsAndServicesSold": "9572000000", "operatingIncome": "2588000000", "sellingGeneralAndAdministrative": "249000000", "researchAndDevelopment": "0", "operatingExpenses": "1226000000", "investmentIncomeNet": "None", "netInterestIncome": "None", "interestIncome": "None", "interestExpense": "257000000", "nonInterestIncome": "None", "otherNonOperatingIncome": "-9000000", "depreciation": "None", "depreciationAndAmortization": "1902000000", "incomeBeforeTax": "4405000000", "incomeTaxExpense": "1966000000", "interestAndDebtExpense": "None", "netIncomeFromContinuingOperations": "2439000000", "comprehensiveIncomeNetOfTax": "None", "ebit": "4662000000", "ebitda": "6564000000", "netIncome": "2480000000"}, {"fiscalDateEnding": "2013-06-30", "reportedCurrency": "USD", "grossProfit": "4325000000", "totalRevenue": "13350000000", "costOfRevenue": "9025000000", "costofGoodsAndServicesSold": "9025000000", "operatingIncome": "3169000000", "sellingGeneralAndAdministrative": "193000000", "researchAndDevelopment": "0", "operatingExpenses": "1156000000", "investmentIncomeNet": "None", "netInterestIncome": "None", "interestIncome": "None", "interestExpense": "244000000", "nonInterestIncome": "None", "otherNonOperatingIncome": "7000000", "depreciation": "None", "depreciationAndAmortization": "1832000000", "incomeBeforeTax": "3696000000", "incomeTaxExpense": "1630000000", "interestAndDebtExpense": "None", "netIncomeFromContinuingOperations": "2066000000", "comprehensiveIncomeNetOfTax": "None", "ebit": "3940000000", "ebitda": "5772000000", "netIncome": "2050000000"}, {"fiscalDateEnding": "2013-03-31", "reportedCurrency": "USD", "grossProfit": "4838000000", "totalRevenue": "14166000000", "costOfRevenue": "9328000000", "costofGoodsAndServicesSold": "9328000000", "operatingIncome": "3504000000", "sellingGeneralAndAdministrative": "165000000", "researchAndDevelopment": "0", "operatingExpenses": "1334000000", "investmentIncomeNet": "None", "netInterestIncome": "None", "interestIncome": "None", "interestExpense": "236000000", "nonInterestIncome": "None", "otherNonOperatingIncome": "36000000", "depreciation": "None", "depreciationAndAmortization": "1807000000", "incomeBeforeTax": "3787000000", "incomeTaxExpense": "1763000000", "interestAndDebtExpense": "None", "netIncomeFromContinuingOperations": "2024000000", "comprehensiveIncomeNetOfTax": "None", "ebit": "4023000000", "ebitda": "5830000000", "netIncome": "2139000000"}, {"fiscalDateEnding": "2012-12-31", "reportedCurrency": "USD", "grossProfit": "4919000000", "totalRevenue": "15569000000", "costOfRevenue": "10650000000", "costofGoodsAndServicesSold": "10650000000", "operatingIncome": "1460000000", "sellingGeneralAndAdministrative": "214000000", "researchAndDevelopment": "221000000", "operatingExpenses": "1439000000", "investmentIncomeNet": "None", "netInterestIncome": "None", "interestIncome": "None", "interestExpense": "247000000", "nonInterestIncome": "None", "otherNonOperatingIncome": "-1318000000", "depreciation": "None", "depreciationAndAmortization": "1779000000", "incomeBeforeTax": "3622000000", "incomeTaxExpense": "1780000000", "interestAndDebtExpense": "None", "netIncomeFromContinuingOperations": "1902000000", "comprehensiveIncomeNetOfTax": "None", "ebit": "3205000000", "ebitda": "4984000000", "netIncome": "1426000000"}, {"fiscalDateEnding": "2012-09-30", "reportedCurrency": "USD", "grossProfit": "8226000000", "totalRevenue": "15984000000", "costOfRevenue": "7758000000", "costofGoodsAndServicesSold": "7758000000", "operatingIncome": "3507000000", "sellingGeneralAndAdministrative": "330000000", "researchAndDevelopment": "0", "operatingExpenses": "3730000000", "investmentIncomeNet": "None", "netInterestIncome": "None", "interestIncome": "None", "interestExpense": "190000000", "nonInterestIncome": "None", "otherNonOperatingIncome": "1000000", "depreciation": "None", "depreciationAndAmortization": "-1550000000", "incomeBeforeTax": "4467000000", "incomeTaxExpense": "2226000000", "interestAndDebtExpense": "None", "netIncomeFromContinuingOperations": "1811000000", "comprehensiveIncomeNetOfTax": "None", "ebit": "7052000000", "ebitda": "5502000000", "netIncome": "2937000000"}, {"fiscalDateEnding": "2012-06-30", "reportedCurrency": "USD", "grossProfit": "6996000000", "totalRevenue": "14637000000", "costOfRevenue": "7641000000", "costofGoodsAndServicesSold": "7641000000", "operatingIncome": "3959000000", "sellingGeneralAndAdministrative": "235000000", "researchAndDevelopment": "0", "operatingExpenses": "3037000000", "investmentIncomeNet": "None", "netInterestIncome": "None", "interestIncome": "None", "interestExpense": "197000000", "nonInterestIncome": "None", "otherNonOperatingIncome": "-15000000", "depreciation": "None", "depreciationAndAmortization": "1411000000", "incomeBeforeTax": "4089000000", "incomeTaxExpense": "2334000000", "interestAndDebtExpense": "None", "netIncomeFromContinuingOperations": "1755000000", "comprehensiveIncomeNetOfTax": "None", "ebit": "4414000000", "ebitda": "5825000000", "netIncome": "2267000000"}, {"fiscalDateEnding": "2012-03-31", "reportedCurrency": "USD", "grossProfit": "12549000000", "totalRevenue": "57134000000", "costOfRevenue": "44585000000", "costofGoodsAndServicesSold": "44585000000", "operatingIncome": "4826000000", "sellingGeneralAndAdministrative": "685000000", "researchAndDevelopment": "0", "operatingExpenses": "7723000000", "investmentIncomeNet": "None", "netInterestIncome": "None", "interestIncome": "None", "interestExpense": "209000000", "nonInterestIncome": "None", "otherNonOperatingIncome": "1291000000", "depreciation": "None", "depreciationAndAmortization": "1838000000", "incomeBeforeTax": "5475000000", "incomeTaxExpense": "2520000000", "interestAndDebtExpense": "None", "netIncomeFromContinuingOperations": "2013000000", "comprehensiveIncomeNetOfTax": "None", "ebit": "4293000000", "ebitda": "6131000000", "netIncome": "2937000000"}, {"fiscalDateEnding": "2011-12-31", "reportedCurrency": "USD", "grossProfit": "13258000000", "totalRevenue": "61787000000", "costOfRevenue": "48529000000", "costofGoodsAndServicesSold": "48529000000", "operatingIncome": "5846000000", "sellingGeneralAndAdministrative": "599000000", "researchAndDevelopment": "193000000", "operatingExpenses": "7412000000", "investmentIncomeNet": "None", "netInterestIncome": "None", "interestIncome": "None", "interestExpense": "228000000", "nonInterestIncome": "None", "otherNonOperatingIncome": "1235000000", "depreciation": "None", "depreciationAndAmortization": "1919000000", "incomeBeforeTax": "5833000000", "incomeTaxExpense": "2423000000", "interestAndDebtExpense": "None", "netIncomeFromContinuingOperations": "2211000000", "comprehensiveIncomeNetOfTax": "None", "ebit": "6061000000", "ebitda": "7980000000", "netIncome": "3390000000"}, {"fiscalDateEnding": "2011-09-30", "reportedCurrency": "USD", "grossProfit": "11966000000", "totalRevenue": "62331000000", "costOfRevenue": "50365000000", "costofGoodsAndServicesSold": "50365000000", "operatingIncome": "4785000000", "sellingGeneralAndAdministrative": "466000000", "researchAndDevelopment": "0", "operatingExpenses": "7181000000", "investmentIncomeNet": "None", "netInterestIncome": "None", "interestIncome": "None", "interestExpense": "235000000", "nonInterestIncome": "None", "otherNonOperatingIncome": "777000000", "depreciation": "None", "depreciationAndAmortization": "1870000000", "incomeBeforeTax": "5180000000", "incomeTaxExpense": "2549000000", "interestAndDebtExpense": "None", "netIncomeFromContinuingOperations": "2745000000", "comprehensiveIncomeNetOfTax": "None", "ebit": "3929000000", "ebitda": "5799000000", "netIncome": "2616000000"}, {"fiscalDateEnding": "2011-06-30", "reportedCurrency": "USD", "grossProfit": "13062000000", "totalRevenue": "65801000000", "costOfRevenue": "52739000000", "costofGoodsAndServicesSold": "52739000000", "operatingIncome": "5379000000", "sellingGeneralAndAdministrative": "514000000", "researchAndDevelopment": "0", "operatingExpenses": "7683000000", "investmentIncomeNet": "None", "netInterestIncome": "None", "interestIncome": "None", "interestExpense": "247000000", "nonInterestIncome": "None", "otherNonOperatingIncome": "1273000000", "depreciation": "None", "depreciationAndAmortization": "2075000000", "incomeBeforeTax": "6192000000", "incomeTaxExpense": "2773000000", "interestAndDebtExpense": "None", "netIncomeFromContinuingOperations": "3456000000", "comprehensiveIncomeNetOfTax": "None", "ebit": "6422000000", "ebitda": "8497000000", "netIncome": "3402000000"}, {"fiscalDateEnding": "2011-03-31", "reportedCurrency": "USD", "grossProfit": "12226000000", "totalRevenue": "57230000000", "costOfRevenue": "45004000000", "costofGoodsAndServicesSold": "45004000000", "operatingIncome": "5117000000", "sellingGeneralAndAdministrative": "499000000", "researchAndDevelopment": "0", "operatingExpenses": "7109000000", "investmentIncomeNet": "None", "netInterestIncome": "None", "interestIncome": "None", "interestExpense": "262000000", "nonInterestIncome": "None", "otherNonOperatingIncome": "1137000000", "depreciation": "None", "depreciationAndAmortization": "2070000000", "incomeBeforeTax": "5796000000", "incomeTaxExpense": "2754000000", "interestAndDebtExpense": "None", "netIncomeFromContinuingOperations": "2538000000", "comprehensiveIncomeNetOfTax": "None", "ebit": "6058000000", "ebitda": "8128000000", "netIncome": "3028000000"}, {"fiscalDateEnding": "2010-12-31", "reportedCurrency": "USD", "grossProfit": "8513000000", "totalRevenue": "51726000000", "costOfRevenue": "43213000000", "costofGoodsAndServicesSold": "43213000000", "operatingIncome": "3294000000", "sellingGeneralAndAdministrative": "630000000", "researchAndDevelopment": "230000000", "operatingExpenses": "5219000000", "investmentIncomeNet": "None", "netInterestIncome": "None", "interestIncome": "None", "interestExpense": "383000000", "nonInterestIncome": "None", "otherNonOperatingIncome": "-4324000000", "depreciation": "None", "depreciationAndAmortization": "2216000000", "incomeBeforeTax": "4292000000", "incomeTaxExpense": "2239000000", "interestAndDebtExpense": "None", "netIncomeFromContinuingOperations": "-3640000000", "comprehensiveIncomeNetOfTax": "None", "ebit": "4675000000", "ebitda": "6891000000", "netIncome": "2041000000"}, {"fiscalDateEnding": "2010-09-30", "reportedCurrency": "USD", "grossProfit": "12915000000", "totalRevenue": "49549000000", "costOfRevenue": "36634000000", "costofGoodsAndServicesSold": "36634000000", "operatingIncome": "3356000000", "sellingGeneralAndAdministrative": "493000000", "researchAndDevelopment": "0", "operatingExpenses": "7208000000", "investmentIncomeNet": "None", "netInterestIncome": "None", "interestIncome": "None", "interestExpense": "264000000", "nonInterestIncome": "None", "otherNonOperatingIncome": "2351000000", "depreciation": "None", "depreciationAndAmortization": "2246000000", "incomeBeforeTax": "5274000000", "incomeTaxExpense": "2205000000", "interestAndDebtExpense": "None", "netIncomeFromContinuingOperations": "3179000000", "comprehensiveIncomeNetOfTax": "None", "ebit": "5538000000", "ebitda": "7784000000", "netIncome": "3055000000"}, {"fiscalDateEnding": "2010-06-30", "reportedCurrency": "USD", "grossProfit": "11714000000", "totalRevenue": "45762000000", "costOfRevenue": "34048000000", "costofGoodsAndServicesSold": "34048000000", "operatingIncome": "3801000000", "sellingGeneralAndAdministrative": "438000000", "researchAndDevelopment": "0", "operatingExpenses": "7218000000", "investmentIncomeNet": "None", "netInterestIncome": "None", "interestIncome": "None", "interestExpense": "301000000", "nonInterestIncome": "None", "otherNonOperatingIncome": "4387000000", "depreciation": "None", "depreciationAndAmortization": "2280000000", "incomeBeforeTax": "3990000000", "incomeTaxExpense": "1878000000", "interestAndDebtExpense": "None", "netIncomeFromContinuingOperations": "4296000000", "comprehensiveIncomeNetOfTax": "None", "ebit": "6543000000", "ebitda": "8823000000", "netIncome": "2098000000"}, {"fiscalDateEnding": "2010-03-31", "reportedCurrency": "USD", "grossProfit": "11714000000", "totalRevenue": "45762000000", "costOfRevenue": "34048000000", "costofGoodsAndServicesSold": "34048000000", "operatingIncome": "4496000000", "sellingGeneralAndAdministrative": "444000000", "researchAndDevelopment": "0", "operatingExpenses": "7309000000", "investmentIncomeNet": "None", "netInterestIncome": "None", "interestIncome": "None", "interestExpense": "301000000", "nonInterestIncome": "None", "otherNonOperatingIncome": "905000000", "depreciation": "None", "depreciationAndAmortization": "2318000000", "incomeBeforeTax": "3990000000", "incomeTaxExpense": "1878000000", "interestAndDebtExpense": "None", "netIncomeFromContinuingOperations": "2226000000", "comprehensiveIncomeNetOfTax": "None", "ebit": "4291000000", "ebitda": "6609000000", "netIncome": "2098000000"}, {"fiscalDateEnding": "2009-12-31", "reportedCurrency": "USD", "grossProfit": "10881000000", "totalRevenue": "43625000000", "costOfRevenue": "32744000000", "costofGoodsAndServicesSold": "32744000000", "operatingIncome": "3583000000", "sellingGeneralAndAdministrative": "452000000", "researchAndDevelopment": "190000000", "operatingExpenses": "7298000000", "investmentIncomeNet": "None", "netInterestIncome": "None", "interestIncome": "None", "interestExpense": "375000000", "nonInterestIncome": "None", "otherNonOperatingIncome": "None", "depreciation": "None", "depreciationAndAmortization": "2391000000", "incomeBeforeTax": "2669000000", "incomeTaxExpense": "1423000000", "interestAndDebtExpense": "None", "netIncomeFromContinuingOperations": "0", "comprehensiveIncomeNetOfTax": "None", "ebit": "3044000000", "ebitda": "5435000000", "netIncome": "1217000000"}, {"fiscalDateEnding": "2009-09-30", "reportedCurrency": "USD", "grossProfit": "13297000000", "totalRevenue": "41305000000", "costOfRevenue": "28008000000", "costofGoodsAndServicesSold": "28008000000", "operatingIncome": "3435000000", "sellingGeneralAndAdministrative": "427000000", "researchAndDevelopment": "0", "operatingExpenses": "5674000000", "investmentIncomeNet": "None", "netInterestIncome": "None", "interestIncome": "None", "interestExpense": "336000000", "nonInterestIncome": "None", "otherNonOperatingIncome": "1149000000", "depreciation": "None", "depreciationAndAmortization": "4557000000", "incomeBeforeTax": "2947000000", "incomeTaxExpense": "1427000000", "interestAndDebtExpense": "None", "netIncomeFromContinuingOperations": "1672000000", "comprehensiveIncomeNetOfTax": "None", "ebit": "1115000000", "ebitda": "5672000000", "netIncome": "1470000000"}, {"fiscalDateEnding": "2009-06-30", "reportedCurrency": "USD", "grossProfit": "11521000000", "totalRevenue": "31280000000", "costOfRevenue": "19759000000", "costofGoodsAndServicesSold": "19759000000", "operatingIncome": "2809000000", "sellingGeneralAndAdministrative": "476000000", "researchAndDevelopment": "0", "operatingExpenses": "9070000000", "investmentIncomeNet": "None", "netInterestIncome": "None", "interestIncome": "None", "interestExpense": "310000000", "nonInterestIncome": "None", "otherNonOperatingIncome": "-142000000", "depreciation": "None", "depreciationAndAmortization": "2230000000", "incomeBeforeTax": "2034000000", "incomeTaxExpense": "1178000000", "interestAndDebtExpense": "None", "netIncomeFromContinuingOperations": "97611000000", "comprehensiveIncomeNetOfTax": "None", "ebit": "2431000000", "ebitda": "4661000000", "netIncome": "859000000"}, {"fiscalDateEnding": "2009-03-31", "reportedCurrency": "USD", "grossProfit": "8976000000", "totalRevenue": "31280000000", "costOfRevenue": "22304000000", "costofGoodsAndServicesSold": "22304000000", "operatingIncome": "2451000000", "sellingGeneralAndAdministrative": "475000000", "researchAndDevelopment": "0", "operatingExpenses": "6525000000", "investmentIncomeNet": "None", "netInterestIncome": "None", "interestIncome": "None", "interestExpense": "310000000", "nonInterestIncome": "None", "otherNonOperatingIncome": "None", "depreciation": "None", "depreciationAndAmortization": "2230000000", "incomeBeforeTax": "2034000000", "incomeTaxExpense": "1178000000", "interestAndDebtExpense": "None", "netIncomeFromContinuingOperations": "0", "comprehensiveIncomeNetOfTax": "None", "ebit": "2302000000", "ebitda": "4532000000", "netIncome": "800000000"}, {"fiscalDateEnding": "2008-12-31", "reportedCurrency": "USD", "grossProfit": "12790000000", "totalRevenue": "44904000000", "costOfRevenue": "32114000000", "costofGoodsAndServicesSold": "32114000000", "operatingIncome": "4561000000", "sellingGeneralAndAdministrative": "1898000000", "researchAndDevelopment": "209000000", "operatingExpenses": "8229000000", "investmentIncomeNet": "None", "netInterestIncome": "None", "interestIncome": "None", "interestExpense": "1006000000", "nonInterestIncome": "None", "otherNonOperatingIncome": "None", "depreciation": "None", "depreciationAndAmortization": "2264000000", "incomeBeforeTax": "-30404000000", "incomeTaxExpense": "1360000000", "interestAndDebtExpense": "None", "netIncomeFromContinuingOperations": "0", "comprehensiveIncomeNetOfTax": "None", "ebit": "4561000000", "ebitda": "6825000000", "netIncome": "-31764000000"}, {"fiscalDateEnding": "2008-09-30", "reportedCurrency": "USD", "grossProfit": "18439000000", "totalRevenue": "71373000000", "costOfRevenue": "52934000000", "costofGoodsAndServicesSold": "52934000000", "operatingIncome": "9946000000", "sellingGeneralAndAdministrative": "513000000", "researchAndDevelopment": "0", "operatingExpenses": "8493000000", "investmentIncomeNet": "None", "netInterestIncome": "None", "interestIncome": "None", "interestExpense": "239000000", "nonInterestIncome": "None", "otherNonOperatingIncome": "None", "depreciation": "None", "depreciationAndAmortization": "2361000000", "incomeBeforeTax": "9467000000", "incomeTaxExpense": "4279000000", "interestAndDebtExpense": "None", "netIncomeFromContinuingOperations": "0", "comprehensiveIncomeNetOfTax": "None", "ebit": "9946000000", "ebitda": "12307000000", "netIncome": "5188000000"}, {"fiscalDateEnding": "2008-06-30", "reportedCurrency": "USD", "grossProfit": "18740000000", "totalRevenue": "73353000000", "costOfRevenue": "54613000000", "costofGoodsAndServicesSold": "54613000000", "operatingIncome": "10137000000", "sellingGeneralAndAdministrative": "629000000", "researchAndDevelopment": "0", "operatingExpenses": "8603000000", "investmentIncomeNet": "None", "netInterestIncome": "None", "interestIncome": "None", "interestExpense": "210000000", "nonInterestIncome": "None", "otherNonOperatingIncome": "None", "depreciation": "None", "depreciationAndAmortization": "2178000000", "incomeBeforeTax": "9795000000", "incomeTaxExpense": "4356000000", "interestAndDebtExpense": "None", "netIncomeFromContinuingOperations": "0", "comprehensiveIncomeNetOfTax": "None", "ebit": "10022000000", "ebitda": "12200000000", "netIncome": "5439000000"}, {"fiscalDateEnding": "2008-03-31", "reportedCurrency": "USD", "grossProfit": "14372000000", "totalRevenue": "54883000000", "costOfRevenue": "40511000000", "costofGoodsAndServicesSold": "40511000000", "operatingIncome": "6173000000", "sellingGeneralAndAdministrative": "835000000", "researchAndDevelopment": "0", "operatingExpenses": "8199000000", "investmentIncomeNet": "None", "netInterestIncome": "None", "interestIncome": "None", "interestExpense": "207000000", "nonInterestIncome": "None", "otherNonOperatingIncome": "None", "depreciation": "None", "depreciationAndAmortization": "2209000000", "incomeBeforeTax": "7549000000", "incomeTaxExpense": "3410000000", "interestAndDebtExpense": "None", "netIncomeFromContinuingOperations": "0", "comprehensiveIncomeNetOfTax": "None", "ebit": "7775000000", "ebitda": "9984000000", "netIncome": "4139000000"}, {"fiscalDateEnding": "2007-12-31", "reportedCurrency": "USD", "grossProfit": "16991000000", "totalRevenue": "54298000000", "costOfRevenue": "37307000000", "costofGoodsAndServicesSold": "37307000000", "operatingIncome": "7836000000", "sellingGeneralAndAdministrative": "1613000000", "researchAndDevelopment": "160000000", "operatingExpenses": "9155000000", "investmentIncomeNet": "None", "netInterestIncome": "None", "interestIncome": "None", "interestExpense": "356000000", "nonInterestIncome": "None", "otherNonOperatingIncome": "None", "depreciation": "None", "depreciationAndAmortization": "2206000000", "incomeBeforeTax": "7324000000", "incomeTaxExpense": "2953000000", "interestAndDebtExpense": "None", "netIncomeFromContinuingOperations": "0", "comprehensiveIncomeNetOfTax": "None", "ebit": "7836000000", "ebitda": "10042000000", "netIncome": "4371000000"}, {"fiscalDateEnding": "2007-09-30", "reportedCurrency": "USD", "grossProfit": "14233000000", "totalRevenue": "47933000000", "costOfRevenue": "33700000000", "costofGoodsAndServicesSold": "33700000000", "operatingIncome": "7029000000", "sellingGeneralAndAdministrative": "569000000", "researchAndDevelopment": "0", "operatingExpenses": "7204000000", "investmentIncomeNet": "None", "netInterestIncome": "None", "interestIncome": "None", "interestExpense": "391000000", "nonInterestIncome": "None", "otherNonOperatingIncome": "None", "depreciation": "None", "depreciationAndAmortization": "2052000000", "incomeBeforeTax": "6364000000", "incomeTaxExpense": "2691000000", "interestAndDebtExpense": "None", "netIncomeFromContinuingOperations": "0", "comprehensiveIncomeNetOfTax": "None", "ebit": "7029000000", "ebitda": "9081000000", "netIncome": "3673000000"}, {"fiscalDateEnding": "2007-06-30", "reportedCurrency": "USD", "grossProfit": "15761000000", "totalRevenue": "49397000000", "costOfRevenue": "33636000000", "costofGoodsAndServicesSold": "33636000000", "operatingIncome": "12513000000", "sellingGeneralAndAdministrative": "604000000", "researchAndDevelopment": "0", "operatingExpenses": "3248000000", "investmentIncomeNet": "None", "netInterestIncome": "None", "interestIncome": "None", "interestExpense": "319000000", "nonInterestIncome": "None", "otherNonOperatingIncome": "None", "depreciation": "None", "depreciationAndAmortization": "2016000000", "incomeBeforeTax": "3518000000", "incomeTaxExpense": "3217000000", "interestAndDebtExpense": "None", "netIncomeFromContinuingOperations": "0", "comprehensiveIncomeNetOfTax": "None", "ebit": "8444000000", "ebitda": "10460000000", "netIncome": "301000000"}, {"fiscalDateEnding": "2007-03-31", "reportedCurrency": "USD", "grossProfit": "11851000000", "totalRevenue": "41320000000", "costOfRevenue": "29469000000", "costofGoodsAndServicesSold": "29469000000", "operatingIncome": "4926000000", "sellingGeneralAndAdministrative": "527000000", "researchAndDevelopment": "0", "operatingExpenses": "6925000000", "investmentIncomeNet": "None", "netInterestIncome": "None", "interestIncome": "None", "interestExpense": "307000000", "nonInterestIncome": "None", "otherNonOperatingIncome": "None", "depreciation": "None", "depreciationAndAmortization": "2024000000", "incomeBeforeTax": "6066000000", "incomeTaxExpense": "2520000000", "interestAndDebtExpense": "None", "netIncomeFromContinuingOperations": "0", "comprehensiveIncomeNetOfTax": "None", "ebit": "4926000000", "ebitda": "6950000000", "netIncome": "3546000000"}, {"fiscalDateEnding": "2006-12-31", "reportedCurrency": "USD", "grossProfit": "-7110000000", "totalRevenue": "21590000000", "costOfRevenue": "28700000000", "costofGoodsAndServicesSold": "28700000000", "operatingIncome": "1784000000", "sellingGeneralAndAdministrative": "650000000", "researchAndDevelopment": "117000000", "operatingExpenses": "-8894000000", "investmentIncomeNet": "None", "netInterestIncome": "None", "interestIncome": "None", "interestExpense": "356000000", "nonInterestIncome": "None", "otherNonOperatingIncome": "None", "depreciation": "None", "depreciationAndAmortization": "2002000000", "incomeBeforeTax": "5917000000", "incomeTaxExpense": "2720000000", "interestAndDebtExpense": "None", "netIncomeFromContinuingOperations": "0", "comprehensiveIncomeNetOfTax": "None", "ebit": "1784000000", "ebitda": "3786000000", "netIncome": "3197000000"}, {"fiscalDateEnding": "2006-09-30", "reportedCurrency": "USD", "grossProfit": "16197000000", "totalRevenue": "49585000000", "costOfRevenue": "33388000000", "costofGoodsAndServicesSold": "33388000000", "operatingIncome": "8557000000", "sellingGeneralAndAdministrative": "650000000", "researchAndDevelopment": "0", "operatingExpenses": "7640000000", "investmentIncomeNet": "None", "netInterestIncome": "None", "interestIncome": "None", "interestExpense": "308000000", "nonInterestIncome": "None", "otherNonOperatingIncome": "None", "depreciation": "None", "depreciationAndAmortization": "2137000000", "incomeBeforeTax": "7937000000", "incomeTaxExpense": "4061000000", "interestAndDebtExpense": "None", "netIncomeFromContinuingOperations": "0", "comprehensiveIncomeNetOfTax": "None", "ebit": "8557000000", "ebitda": "10694000000", "netIncome": "3876000000"}, {"fiscalDateEnding": "2006-06-30", "reportedCurrency": "USD", "grossProfit": "16200000000", "totalRevenue": "48476000000", "costOfRevenue": "32276000000", "costofGoodsAndServicesSold": "32276000000", "operatingIncome": "9204000000", "sellingGeneralAndAdministrative": "610000000", "researchAndDevelopment": "0", "operatingExpenses": "6996000000", "investmentIncomeNet": "None", "netInterestIncome": "None", "interestIncome": "None", "interestExpense": "360000000", "nonInterestIncome": "None", "otherNonOperatingIncome": "None", "depreciation": "None", "depreciationAndAmortization": "1965000000", "incomeBeforeTax": "8682000000", "incomeTaxExpense": "3496000000", "interestAndDebtExpense": "None", "netIncomeFromContinuingOperations": "0", "comprehensiveIncomeNetOfTax": "None", "ebit": "9204000000", "ebitda": "11169000000", "netIncome": "5186000000"}, {"fiscalDateEnding": "2006-03-31", "reportedCurrency": "USD", "grossProfit": "12145000000", "totalRevenue": "47927000000", "costOfRevenue": "35782000000", "costofGoodsAndServicesSold": "35782000000", "operatingIncome": "10002000000", "sellingGeneralAndAdministrative": "566000000", "researchAndDevelopment": "0", "operatingExpenses": "2143000000", "investmentIncomeNet": "None", "netInterestIncome": "None", "interestIncome": "None", "interestExpense": "115000000", "nonInterestIncome": "None", "otherNonOperatingIncome": "None", "depreciation": "None", "depreciationAndAmortization": "1180000000", "incomeBeforeTax": "5797000000", "incomeTaxExpense": "2506000000", "interestAndDebtExpense": "None", "netIncomeFromContinuingOperations": "0", "comprehensiveIncomeNetOfTax": "None", "ebit": "6012000000", "ebitda": "7192000000", "netIncome": "3291000000"}, {"fiscalDateEnding": "2005-12-31", "reportedCurrency": "USD", "grossProfit": "28933000000", "totalRevenue": "67965000000", "costOfRevenue": "39032000000", "costofGoodsAndServicesSold": "39032000000", "operatingIncome": "27018000000", "sellingGeneralAndAdministrative": "391000000", "researchAndDevelopment": "125000000", "operatingExpenses": "1915000000", "investmentIncomeNet": "None", "netInterestIncome": "None", "interestIncome": "None", "interestExpense": "197000000", "nonInterestIncome": "None", "otherNonOperatingIncome": "None", "depreciation": "None", "depreciationAndAmortization": "1178000000", "incomeBeforeTax": "6621000000", "incomeTaxExpense": "2839000000", "interestAndDebtExpense": "None", "netIncomeFromContinuingOperations": "0", "comprehensiveIncomeNetOfTax": "None", "ebit": "27018000000", "ebitda": "28196000000", "netIncome": "3767000000"}, {"fiscalDateEnding": "2005-09-30", "reportedCurrency": "USD", "grossProfit": "7823000000", "totalRevenue": "44453000000", "costOfRevenue": "36630000000", "costofGoodsAndServicesSold": "36630000000", "operatingIncome": "5802000000", "sellingGeneralAndAdministrative": "658000000", "researchAndDevelopment": "0", "operatingExpenses": "2021000000", "investmentIncomeNet": "None", "netInterestIncome": "None", "interestIncome": "None", "interestExpense": "122000000", "nonInterestIncome": "None", "otherNonOperatingIncome": "None", "depreciation": "None", "depreciationAndAmortization": "1049000000", "incomeBeforeTax": "6554000000", "incomeTaxExpense": "2750000000", "interestAndDebtExpense": "None", "netIncomeFromContinuingOperations": "0", "comprehensiveIncomeNetOfTax": "None", "ebit": "6762000000", "ebitda": "7811000000", "netIncome": "3800000000"}, {"fiscalDateEnding": "2005-06-30", "reportedCurrency": "USD", "grossProfit": "11823000000", "totalRevenue": "42614000000", "costOfRevenue": "30791000000", "costofGoodsAndServicesSold": "30791000000", "operatingIncome": "9973000000", "sellingGeneralAndAdministrative": "539000000", "researchAndDevelopment": "0", "operatingExpenses": "1850000000", "investmentIncomeNet": "None", "netInterestIncome": "None", "interestIncome": "None", "interestExpense": "127000000", "nonInterestIncome": "None", "otherNonOperatingIncome": "None", "depreciation": "None", "depreciationAndAmortization": "985000000", "incomeBeforeTax": "5432000000", "incomeTaxExpense": "2301000000", "interestAndDebtExpense": "None", "netIncomeFromContinuingOperations": "0", "comprehensiveIncomeNetOfTax": "None", "ebit": "5635000000", "ebitda": "6620000000", "netIncome": "3138000000"}, {"fiscalDateEnding": "2005-03-31", "reportedCurrency": "USD", "grossProfit": "11223000000", "totalRevenue": "38918000000", "costOfRevenue": "27695000000", "costofGoodsAndServicesSold": "27695000000", "operatingIncome": "9310000000", "sellingGeneralAndAdministrative": "539000000", "researchAndDevelopment": "0", "operatingExpenses": "1913000000", "investmentIncomeNet": "None", "netInterestIncome": "None", "interestIncome": "None", "interestExpense": "138000000", "nonInterestIncome": "None", "otherNonOperatingIncome": "None", "depreciation": "None", "depreciationAndAmortization": "1041000000", "incomeBeforeTax": "4940000000", "incomeTaxExpense": "2017000000", "interestAndDebtExpense": "None", "netIncomeFromContinuingOperations": "0", "comprehensiveIncomeNetOfTax": "None", "ebit": "9310000000", "ebitda": "10351000000", "netIncome": "2912000000"}, {"fiscalDateEnding": "2004-12-31", "reportedCurrency": "USD", "grossProfit": "22409000000", "totalRevenue": "52145000000", "costOfRevenue": "29736000000", "costofGoodsAndServicesSold": "29736000000", "operatingIncome": "20768000000", "sellingGeneralAndAdministrative": "286000000", "researchAndDevelopment": "126000000", "operatingExpenses": "1641000000", "investmentIncomeNet": "None", "netInterestIncome": "None", "interestIncome": "None", "interestExpense": "197000000", "nonInterestIncome": "None", "otherNonOperatingIncome": "None", "depreciation": "None", "depreciationAndAmortization": "1030000000", "incomeBeforeTax": "4275000000", "incomeTaxExpense": "1795000000", "interestAndDebtExpense": "None", "netIncomeFromContinuingOperations": "0", "comprehensiveIncomeNetOfTax": "None", "ebit": "20768000000", "ebitda": "21798000000", "netIncome": "2432000000"}]}