{"symbol": "APTV", "annualReports": [{"fiscalDateEnding": "2024-12-31", "reportedCurrency": "USD", "grossProfit": "3711000000", "totalRevenue": "19713000000", "costOfRevenue": "16002000000", "costofGoodsAndServicesSold": "16002000000", "operatingIncome": "1842000000", "sellingGeneralAndAdministrative": "1465000000", "researchAndDevelopment": "None", "operatingExpenses": "1869000000", "investmentIncomeNet": "None", "netInterestIncome": "-250000000", "interestIncome": "87000000", "interestExpense": "337000000", "nonInterestIncome": "None", "otherNonOperatingIncome": "None", "depreciation": "None", "depreciationAndAmortization": "28000000", "incomeBeforeTax": "2151000000", "incomeTaxExpense": "223000000", "interestAndDebtExpense": "None", "netIncomeFromContinuingOperations": "1810000000", "comprehensiveIncomeNetOfTax": "None", "ebit": "1814000000", "ebitda": "1842000000", "netIncome": "1787000000"}, {"fiscalDateEnding": "2023-12-31", "reportedCurrency": "USD", "grossProfit": "3439000000", "totalRevenue": "20051000000", "costOfRevenue": "16612000000", "costofGoodsAndServicesSold": "16612000000", "operatingIncome": "1559000000", "sellingGeneralAndAdministrative": "1358000000", "researchAndDevelopment": "1289000000", "operatingExpenses": "1880000000", "investmentIncomeNet": "None", "netInterestIncome": "-149000000", "interestIncome": "127000000", "interestExpense": "285000000", "nonInterestIncome": "None", "otherNonOperatingIncome": "None", "depreciation": "None", "depreciationAndAmortization": "912000000", "incomeBeforeTax": "1337000000", "incomeTaxExpense": "1928000000", "interestAndDebtExpense": "None", "netIncomeFromContinuingOperations": "2313000000", "comprehensiveIncomeNetOfTax": "None", "ebit": "1559000000", "ebitda": "1559000000", "netIncome": "2909000000"}, {"fiscalDateEnding": "2022-12-31", "reportedCurrency": "USD", "grossProfit": "2635000000", "totalRevenue": "17489000000", "costOfRevenue": "14854000000", "costofGoodsAndServicesSold": "14854000000", "operatingIncome": "1263000000", "sellingGeneralAndAdministrative": "1138000000", "researchAndDevelopment": "1120000000", "operatingExpenses": "1287000000", "investmentIncomeNet": "None", "netInterestIncome": "-219000000", "interestIncome": "86000000", "interestExpense": "219000000", "nonInterestIncome": "None", "otherNonOperatingIncome": "-333000000", "depreciation": "None", "depreciationAndAmortization": "762000000", "incomeBeforeTax": "990000000", "incomeTaxExpense": "121000000", "interestAndDebtExpense": "None", "netIncomeFromContinuingOperations": "590000000", "comprehensiveIncomeNetOfTax": "None", "ebit": "1209000000", "ebitda": "1971000000", "netIncome": "869000000"}, {"fiscalDateEnding": "2021-12-31", "reportedCurrency": "USD", "grossProfit": "2436000000", "totalRevenue": "15618000000", "costOfRevenue": "13182000000", "costofGoodsAndServicesSold": "13182000000", "operatingIncome": "1189000000", "sellingGeneralAndAdministrative": "1075000000", "researchAndDevelopment": "1030000000", "operatingExpenses": "1223000000", "investmentIncomeNet": "None", "netInterestIncome": "-150000000", "interestIncome": "10000000", "interestExpense": "150000000", "nonInterestIncome": "None", "otherNonOperatingIncome": "-329000000", "depreciation": "None", "depreciationAndAmortization": "773000000", "incomeBeforeTax": "910000000", "incomeTaxExpense": "101000000", "interestAndDebtExpense": "None", "netIncomeFromContinuingOperations": "609000000", "comprehensiveIncomeNetOfTax": "None", "ebit": "1060000000", "ebitda": "1833000000", "netIncome": "809000000"}, {"fiscalDateEnding": "2020-12-31", "reportedCurrency": "USD", "grossProfit": "1940000000", "totalRevenue": "13066000000", "costOfRevenue": "11126000000", "costofGoodsAndServicesSold": "11126000000", "operatingIncome": "2118000000", "sellingGeneralAndAdministrative": "976000000", "researchAndDevelopment": "1024000000", "operatingExpenses": "1120000000", "investmentIncomeNet": "None", "netInterestIncome": "-164000000", "interestIncome": "8000000", "interestExpense": "164000000", "nonInterestIncome": "None", "otherNonOperatingIncome": "-83000000", "depreciation": "None", "depreciationAndAmortization": "764000000", "incomeBeforeTax": "1954000000", "incomeTaxExpense": "49000000", "interestAndDebtExpense": "None", "netIncomeFromContinuingOperations": "1905000000", "comprehensiveIncomeNetOfTax": "None", "ebit": "2118000000", "ebitda": "2882000000", "netIncome": "1804000000"}, {"fiscalDateEnding": "2019-12-31", "reportedCurrency": "USD", "grossProfit": "2646000000", "totalRevenue": "14357000000", "costOfRevenue": "11711000000", "costofGoodsAndServicesSold": "11711000000", "operatingIncome": "1276000000", "sellingGeneralAndAdministrative": "1076000000", "researchAndDevelopment": "1165000000", "operatingExpenses": "1222000000", "investmentIncomeNet": "None", "netInterestIncome": "-151000000", "interestIncome": "13000000", "interestExpense": "164000000", "nonInterestIncome": "None", "otherNonOperatingIncome": "29000000", "depreciation": "None", "depreciationAndAmortization": "717000000", "incomeBeforeTax": "1126000000", "incomeTaxExpense": "132000000", "interestAndDebtExpense": "None", "netIncomeFromContinuingOperations": "1009000000", "comprehensiveIncomeNetOfTax": "None", "ebit": "1290000000", "ebitda": "2007000000", "netIncome": "990000000"}, {"fiscalDateEnding": "2018-12-31", "reportedCurrency": "USD", "grossProfit": "2729000000", "totalRevenue": "14435000000", "costOfRevenue": "11706000000", "costofGoodsAndServicesSold": "11706000000", "operatingIncome": "1473000000", "sellingGeneralAndAdministrative": "993000000", "researchAndDevelopment": "1155000000", "operatingExpenses": "1147000000", "investmentIncomeNet": "None", "netInterestIncome": "-120000000", "interestIncome": "21000000", "interestExpense": "141000000", "nonInterestIncome": "None", "otherNonOperatingIncome": "25000000", "depreciation": "None", "depreciationAndAmortization": "676000000", "incomeBeforeTax": "1334000000", "incomeTaxExpense": "250000000", "interestAndDebtExpense": "None", "netIncomeFromContinuingOperations": "1107000000", "comprehensiveIncomeNetOfTax": "None", "ebit": "1475000000", "ebitda": "2151000000", "netIncome": "1067000000"}, {"fiscalDateEnding": "2017-12-31", "reportedCurrency": "USD", "grossProfit": "2614000000", "totalRevenue": "12884000000", "costOfRevenue": "10270000000", "costofGoodsAndServicesSold": "10270000000", "operatingIncome": "1416000000", "sellingGeneralAndAdministrative": "952000000", "researchAndDevelopment": "882000000", "operatingExpenses": "1069000000", "investmentIncomeNet": "None", "netInterestIncome": "-133000000", "interestIncome": "7000000", "interestExpense": "140000000", "nonInterestIncome": "None", "otherNonOperatingIncome": "10000000", "depreciation": "None", "depreciationAndAmortization": "537000000", "incomeBeforeTax": "1255000000", "incomeTaxExpense": "223000000", "interestAndDebtExpense": "None", "netIncomeFromContinuingOperations": "1063000000", "comprehensiveIncomeNetOfTax": "None", "ebit": "1522000000", "ebitda": "2059000000", "netIncome": "1355000000"}, {"fiscalDateEnding": "2016-12-31", "reportedCurrency": "USD", "grossProfit": "3554000000", "totalRevenue": "16661000000", "costOfRevenue": "13107000000", "costofGoodsAndServicesSold": "13107000000", "operatingIncome": "1947000000", "sellingGeneralAndAdministrative": "1145000000", "researchAndDevelopment": "788000000", "operatingExpenses": "1279000000", "investmentIncomeNet": "None", "netInterestIncome": "-155000000", "interestIncome": "1000000", "interestExpense": "156000000", "nonInterestIncome": "None", "otherNonOperatingIncome": "-331000000", "depreciation": "None", "depreciationAndAmortization": "488000000", "incomeBeforeTax": "1425000000", "incomeTaxExpense": "242000000", "interestAndDebtExpense": "None", "netIncomeFromContinuingOperations": "1218000000", "comprehensiveIncomeNetOfTax": "None", "ebit": "1689000000", "ebitda": "2177000000", "netIncome": "1257000000"}, {"fiscalDateEnding": "2015-12-31", "reportedCurrency": "USD", "grossProfit": "3010000000", "totalRevenue": "15165000000", "costOfRevenue": "12155000000", "costofGoodsAndServicesSold": "12155000000", "operatingIncome": "1723000000", "sellingGeneralAndAdministrative": "1017000000", "researchAndDevelopment": "895000000", "operatingExpenses": "1110000000", "investmentIncomeNet": "None", "netInterestIncome": "None", "interestIncome": "119000000", "interestExpense": "127000000", "nonInterestIncome": "None", "otherNonOperatingIncome": "-72000000", "depreciation": "None", "depreciationAndAmortization": "540000000", "incomeBeforeTax": "1508000000", "incomeTaxExpense": "263000000", "interestAndDebtExpense": "None", "netIncomeFromContinuingOperations": "1261000000", "comprehensiveIncomeNetOfTax": "None", "ebit": "1635000000", "ebitda": "2175000000", "netIncome": "1450000000"}, {"fiscalDateEnding": "2014-12-31", "reportedCurrency": "USD", "grossProfit": "3173000000", "totalRevenue": "17023000000", "costOfRevenue": "13850000000", "costofGoodsAndServicesSold": "13850000000", "operatingIncome": "1847000000", "sellingGeneralAndAdministrative": "1081000000", "researchAndDevelopment": "1600000000", "operatingExpenses": "1182000000", "investmentIncomeNet": "None", "netInterestIncome": "None", "interestIncome": "None", "interestExpense": "135000000", "nonInterestIncome": "None", "otherNonOperatingIncome": "-7000000", "depreciation": "None", "depreciationAndAmortization": "587000000", "incomeBeforeTax": "1705000000", "incomeTaxExpense": "282000000", "interestAndDebtExpense": "None", "netIncomeFromContinuingOperations": "1423000000", "comprehensiveIncomeNetOfTax": "None", "ebit": "1703000000", "ebitda": "2290000000", "netIncome": "1351000000"}, {"fiscalDateEnding": "2013-12-31", "reportedCurrency": "USD", "grossProfit": "2896000000", "totalRevenue": "16463000000", "costOfRevenue": "13567000000", "costofGoodsAndServicesSold": "13567000000", "operatingIncome": "1684000000", "sellingGeneralAndAdministrative": "963000000", "researchAndDevelopment": "1600000000", "operatingExpenses": "1067000000", "investmentIncomeNet": "None", "netInterestIncome": "None", "interestIncome": "None", "interestExpense": "143000000", "nonInterestIncome": "None", "otherNonOperatingIncome": "16000000", "depreciation": "None", "depreciationAndAmortization": "540000000", "incomeBeforeTax": "1523000000", "incomeTaxExpense": "256000000", "interestAndDebtExpense": "None", "netIncomeFromContinuingOperations": "1267000000", "comprehensiveIncomeNetOfTax": "None", "ebit": "1666000000", "ebitda": "2206000000", "netIncome": "1212000000"}, {"fiscalDateEnding": "2012-12-31", "reportedCurrency": "USD", "grossProfit": "2658000000", "totalRevenue": "15519000000", "costOfRevenue": "12861000000", "costofGoodsAndServicesSold": "12861000000", "operatingIncome": "1476000000", "sellingGeneralAndAdministrative": "927000000", "researchAndDevelopment": "1200000000", "operatingExpenses": "1011000000", "investmentIncomeNet": "None", "netInterestIncome": "None", "interestIncome": "None", "interestExpense": "136000000", "nonInterestIncome": "None", "otherNonOperatingIncome": "32000000", "depreciation": "None", "depreciationAndAmortization": "486000000", "incomeBeforeTax": "1345000000", "incomeTaxExpense": "212000000", "interestAndDebtExpense": "None", "netIncomeFromContinuingOperations": "1133000000", "comprehensiveIncomeNetOfTax": "None", "ebit": "1481000000", "ebitda": "1967000000", "netIncome": "1077000000"}, {"fiscalDateEnding": "2011-12-31", "reportedCurrency": "USD", "grossProfit": "2655000000", "totalRevenue": "16041000000", "costOfRevenue": "13386000000", "costofGoodsAndServicesSold": "13386000000", "operatingIncome": "1644000000", "sellingGeneralAndAdministrative": "901000000", "researchAndDevelopment": "1200000000", "operatingExpenses": "980000000", "investmentIncomeNet": "None", "netInterestIncome": "None", "interestIncome": "None", "interestExpense": "123000000", "nonInterestIncome": "None", "otherNonOperatingIncome": "None", "depreciation": "None", "depreciationAndAmortization": "475000000", "incomeBeforeTax": "1506000000", "incomeTaxExpense": "305000000", "interestAndDebtExpense": "None", "netIncomeFromContinuingOperations": "None", "comprehensiveIncomeNetOfTax": "None", "ebit": "1629000000", "ebitda": "2104000000", "netIncome": "1145000000"}, {"fiscalDateEnding": "2010-12-31", "reportedCurrency": "USD", "grossProfit": "2049000000", "totalRevenue": "13817000000", "costOfRevenue": "11768000000", "costofGoodsAndServicesSold": "11768000000", "operatingIncome": "940000000", "sellingGeneralAndAdministrative": "815000000", "researchAndDevelopment": "1000000000", "operatingExpenses": "885000000", "investmentIncomeNet": "None", "netInterestIncome": "None", "interestIncome": "None", "interestExpense": "30000000", "nonInterestIncome": "None", "otherNonOperatingIncome": "None", "depreciation": "None", "depreciationAndAmortization": "421000000", "incomeBeforeTax": "944000000", "incomeTaxExpense": "258000000", "interestAndDebtExpense": "None", "netIncomeFromContinuingOperations": "None", "comprehensiveIncomeNetOfTax": "None", "ebit": "974000000", "ebitda": "1395000000", "netIncome": "631000000"}, {"fiscalDateEnding": "2009-12-31", "reportedCurrency": "USD", "grossProfit": "959000000", "totalRevenue": "11755000000", "costOfRevenue": "10796000000", "costofGoodsAndServicesSold": "10796000000", "operatingIncome": "None", "sellingGeneralAndAdministrative": "976000000", "researchAndDevelopment": "1300000000", "operatingExpenses": "None", "investmentIncomeNet": "None", "netInterestIncome": "None", "interestIncome": "None", "interestExpense": "0", "nonInterestIncome": "None", "otherNonOperatingIncome": "None", "depreciation": "None", "depreciationAndAmortization": "None", "incomeBeforeTax": "9050000000", "incomeTaxExpense": "None", "interestAndDebtExpense": "None", "netIncomeFromContinuingOperations": "None", "comprehensiveIncomeNetOfTax": "None", "ebit": "None", "ebitda": "None", "netIncome": "9300000000"}, {"fiscalDateEnding": "2008-12-31", "reportedCurrency": "USD", "grossProfit": "1440000000", "totalRevenue": "18060000000", "costOfRevenue": "16620000000", "costofGoodsAndServicesSold": "16620000000", "operatingIncome": "None", "sellingGeneralAndAdministrative": "1424000000", "researchAndDevelopment": "1900000000", "operatingExpenses": "None", "investmentIncomeNet": "None", "netInterestIncome": "None", "interestIncome": "None", "interestExpense": "0", "nonInterestIncome": "None", "otherNonOperatingIncome": "None", "depreciation": "None", "depreciationAndAmortization": "None", "incomeBeforeTax": "3250000000", "incomeTaxExpense": "166000000", "interestAndDebtExpense": "None", "netIncomeFromContinuingOperations": "None", "comprehensiveIncomeNetOfTax": "None", "ebit": "None", "ebitda": "None", "netIncome": "3037000000"}, {"fiscalDateEnding": "2007-12-31", "reportedCurrency": "USD", "grossProfit": "1119000000", "totalRevenue": "22283000000", "costOfRevenue": "21164000000", "costofGoodsAndServicesSold": "21164000000", "operatingIncome": "None", "sellingGeneralAndAdministrative": "1595000000", "researchAndDevelopment": "2000000000", "operatingExpenses": "None", "investmentIncomeNet": "None", "netInterestIncome": "None", "interestIncome": "None", "interestExpense": "0", "nonInterestIncome": "None", "otherNonOperatingIncome": "None", "depreciation": "None", "depreciationAndAmortization": "None", "incomeBeforeTax": "None", "incomeTaxExpense": "None", "interestAndDebtExpense": "None", "netIncomeFromContinuingOperations": "None", "comprehensiveIncomeNetOfTax": "None", "ebit": "None", "ebitda": "None", "netIncome": "None"}, {"fiscalDateEnding": "2006-12-31", "reportedCurrency": "USD", "grossProfit": "754000000", "totalRevenue": "26392000000", "costOfRevenue": "25638000000", "costofGoodsAndServicesSold": "25638000000", "operatingIncome": "None", "sellingGeneralAndAdministrative": "1585000000", "researchAndDevelopment": "2100000000", "operatingExpenses": "None", "investmentIncomeNet": "None", "netInterestIncome": "None", "interestIncome": "None", "interestExpense": "0", "nonInterestIncome": "None", "otherNonOperatingIncome": "None", "depreciation": "None", "depreciationAndAmortization": "None", "incomeBeforeTax": "None", "incomeTaxExpense": "136000000", "interestAndDebtExpense": "None", "netIncomeFromContinuingOperations": "None", "comprehensiveIncomeNetOfTax": "None", "ebit": "None", "ebitda": "None", "netIncome": "None"}, {"fiscalDateEnding": "2005-12-31", "reportedCurrency": "USD", "grossProfit": "1592000000", "totalRevenue": "26947000000", "costOfRevenue": "25355000000", "costofGoodsAndServicesSold": "25355000000", "operatingIncome": "None", "sellingGeneralAndAdministrative": "1644000000", "researchAndDevelopment": "2200000000", "operatingExpenses": "None", "investmentIncomeNet": "None", "netInterestIncome": "None", "interestIncome": "None", "interestExpense": "0", "nonInterestIncome": "None", "otherNonOperatingIncome": "None", "depreciation": "None", "depreciationAndAmortization": "None", "incomeBeforeTax": "None", "incomeTaxExpense": "None", "interestAndDebtExpense": "None", "netIncomeFromContinuingOperations": "None", "comprehensiveIncomeNetOfTax": "None", "ebit": "None", "ebitda": "None", "netIncome": "None"}], "quarterlyReports": [{"fiscalDateEnding": "2024-12-31", "reportedCurrency": "USD", "grossProfit": "962000000", "totalRevenue": "4907000000", "costOfRevenue": "3945000000", "costofGoodsAndServicesSold": "3945000000", "operatingIncome": "479000000", "sellingGeneralAndAdministrative": "363000000", "researchAndDevelopment": "None", "operatingExpenses": "483000000", "investmentIncomeNet": "None", "netInterestIncome": "-87000000", "interestIncome": "20000000", "interestExpense": "107000000", "nonInterestIncome": "None", "otherNonOperatingIncome": "None", "depreciation": "None", "depreciationAndAmortization": "245000000", "incomeBeforeTax": "347000000", "incomeTaxExpense": "64000000", "interestAndDebtExpense": "None", "netIncomeFromContinuingOperations": "275000000", "comprehensiveIncomeNetOfTax": "None", "ebit": "454000000", "ebitda": "699000000", "netIncome": "268000000"}, {"fiscalDateEnding": "2024-09-30", "reportedCurrency": "USD", "grossProfit": "903000000", "totalRevenue": "4854000000", "costOfRevenue": "3951000000", "costofGoodsAndServicesSold": "3951000000", "operatingIncome": "503000000", "sellingGeneralAndAdministrative": "331000000", "researchAndDevelopment": "None", "operatingExpenses": "400000000", "investmentIncomeNet": "None", "netInterestIncome": "-70000000", "interestIncome": "31000000", "interestExpense": "101000000", "nonInterestIncome": "None", "otherNonOperatingIncome": "None", "depreciation": "None", "depreciationAndAmortization": "241000000", "incomeBeforeTax": "407000000", "incomeTaxExpense": "32000000", "interestAndDebtExpense": "None", "netIncomeFromContinuingOperations": "368000000", "comprehensiveIncomeNetOfTax": "None", "ebit": "508000000", "ebitda": "749000000", "netIncome": "363000000"}, {"fiscalDateEnding": "2024-06-30", "reportedCurrency": "USD", "grossProfit": "865000000", "totalRevenue": "5051000000", "costOfRevenue": "4186000000", "costofGoodsAndServicesSold": "4186000000", "operatingIncome": "460000000", "sellingGeneralAndAdministrative": "405000000", "researchAndDevelopment": "None", "operatingExpenses": "405000000", "investmentIncomeNet": "None", "netInterestIncome": "-48000000", "interestIncome": "16000000", "interestExpense": "64000000", "nonInterestIncome": "None", "otherNonOperatingIncome": "None", "depreciation": "None", "depreciationAndAmortization": "248000000", "incomeBeforeTax": "1028000000", "incomeTaxExpense": "51000000", "interestAndDebtExpense": "None", "netIncomeFromContinuingOperations": "943000000", "comprehensiveIncomeNetOfTax": "None", "ebit": "547000000", "ebitda": "795000000", "netIncome": "938000000"}, {"fiscalDateEnding": "2024-03-31", "reportedCurrency": "USD", "grossProfit": "780000000", "totalRevenue": "4901000000", "costOfRevenue": "4121000000", "costofGoodsAndServicesSold": "4121000000", "operatingIncome": "414000000", "sellingGeneralAndAdministrative": "366000000", "researchAndDevelopment": "None", "operatingExpenses": "366000000", "investmentIncomeNet": "None", "netInterestIncome": "-45000000", "interestIncome": "20000000", "interestExpense": "65000000", "nonInterestIncome": "None", "otherNonOperatingIncome": "None", "depreciation": "None", "depreciationAndAmortization": "230000000", "incomeBeforeTax": "369000000", "incomeTaxExpense": "76000000", "interestAndDebtExpense": "None", "netIncomeFromContinuingOperations": "224000000", "comprehensiveIncomeNetOfTax": "None", "ebit": "484000000", "ebitda": "714000000", "netIncome": "218000000"}, {"fiscalDateEnding": "2023-12-31", "reportedCurrency": "USD", "grossProfit": "922000000", "totalRevenue": "4919000000", "costOfRevenue": "3997000000", "costofGoodsAndServicesSold": "3997000000", "operatingIncome": "355000000", "sellingGeneralAndAdministrative": "381000000", "researchAndDevelopment": "1781000000", "operatingExpenses": "437000000", "investmentIncomeNet": "None", "netInterestIncome": "-36000000", "interestIncome": "35000000", "interestExpense": "71000000", "nonInterestIncome": "None", "otherNonOperatingIncome": "None", "depreciation": "None", "depreciationAndAmortization": "246000000", "incomeBeforeTax": "311000000", "incomeTaxExpense": "-680000000", "interestAndDebtExpense": "None", "netIncomeFromContinuingOperations": "919000000", "comprehensiveIncomeNetOfTax": "None", "ebit": "382000000", "ebitda": "628000000", "netIncome": "905000000"}, {"fiscalDateEnding": "2023-09-30", "reportedCurrency": "USD", "grossProfit": "893000000", "totalRevenue": "5114000000", "costOfRevenue": "4221000000", "costofGoodsAndServicesSold": "4221000000", "operatingIncome": "446000000", "sellingGeneralAndAdministrative": "360000000", "researchAndDevelopment": "None", "operatingExpenses": "419000000", "investmentIncomeNet": "None", "netInterestIncome": "-45000000", "interestIncome": "30000000", "interestExpense": "75000000", "nonInterestIncome": "None", "otherNonOperatingIncome": "None", "depreciation": "None", "depreciationAndAmortization": "226000000", "incomeBeforeTax": "397000000", "incomeTaxExpense": "-1312000000", "interestAndDebtExpense": "None", "netIncomeFromContinuingOperations": "1637000000", "comprehensiveIncomeNetOfTax": "None", "ebit": "494000000", "ebitda": "720000000", "netIncome": "1629000000"}, {"fiscalDateEnding": "2023-06-30", "reportedCurrency": "USD", "grossProfit": "864000000", "totalRevenue": "5200000000", "costOfRevenue": "4336000000", "costofGoodsAndServicesSold": "4336000000", "operatingIncome": "410000000", "sellingGeneralAndAdministrative": "353000000", "researchAndDevelopment": "None", "operatingExpenses": "412000000", "investmentIncomeNet": "None", "netInterestIncome": "-48000000", "interestIncome": "24000000", "interestExpense": "72000000", "nonInterestIncome": "None", "otherNonOperatingIncome": "11000000", "depreciation": "None", "depreciationAndAmortization": "224000000", "incomeBeforeTax": "349000000", "incomeTaxExpense": "30000000", "interestAndDebtExpense": "None", "netIncomeFromContinuingOperations": "319000000", "comprehensiveIncomeNetOfTax": "None", "ebit": "465000000", "ebitda": "689000000", "netIncome": "242000000"}, {"fiscalDateEnding": "2023-03-31", "reportedCurrency": "USD", "grossProfit": "760000000", "totalRevenue": "4818000000", "costOfRevenue": "4058000000", "costofGoodsAndServicesSold": "4058000000", "operatingIncome": "348000000", "sellingGeneralAndAdministrative": "342000000", "researchAndDevelopment": "None", "operatingExpenses": "401000000", "investmentIncomeNet": "None", "netInterestIncome": "-67000000", "interestIncome": "22000000", "interestExpense": "67000000", "nonInterestIncome": "None", "otherNonOperatingIncome": "-1000000", "depreciation": "None", "depreciationAndAmortization": "216000000", "incomeBeforeTax": "280000000", "incomeTaxExpense": "34000000", "interestAndDebtExpense": "None", "netIncomeFromContinuingOperations": "246000000", "comprehensiveIncomeNetOfTax": "None", "ebit": "371000000", "ebitda": "587000000", "netIncome": "246000000"}, {"fiscalDateEnding": "2022-12-31", "reportedCurrency": "USD", "grossProfit": "813000000", "totalRevenue": "4640000000", "costOfRevenue": "3827000000", "costofGoodsAndServicesSold": "3827000000", "operatingIncome": "440000000", "sellingGeneralAndAdministrative": "303000000", "researchAndDevelopment": "1499000000", "operatingExpenses": "340000000", "investmentIncomeNet": "None", "netInterestIncome": "-62000000", "interestIncome": "51000000", "interestExpense": "62000000", "nonInterestIncome": "None", "otherNonOperatingIncome": "-289000000", "depreciation": "None", "depreciationAndAmortization": "188000000", "incomeBeforeTax": "368000000", "incomeTaxExpense": "25000000", "interestAndDebtExpense": "None", "netIncomeFromContinuingOperations": "266000000", "comprehensiveIncomeNetOfTax": "None", "ebit": "482000000", "ebitda": "670000000", "netIncome": "343000000"}, {"fiscalDateEnding": "2022-09-30", "reportedCurrency": "USD", "grossProfit": "793000000", "totalRevenue": "4614000000", "costOfRevenue": "3821000000", "costofGoodsAndServicesSold": "3821000000", "operatingIncome": "470000000", "sellingGeneralAndAdministrative": "275000000", "researchAndDevelopment": "None", "operatingExpenses": "312000000", "investmentIncomeNet": "None", "netInterestIncome": "-32000000", "interestIncome": "26000000", "interestExpense": "58000000", "nonInterestIncome": "None", "otherNonOperatingIncome": "20000000", "depreciation": "None", "depreciationAndAmortization": "190000000", "incomeBeforeTax": "432000000", "incomeTaxExpense": "59000000", "interestAndDebtExpense": "None", "netIncomeFromContinuingOperations": "373000000", "comprehensiveIncomeNetOfTax": "None", "ebit": "490000000", "ebitda": "680000000", "netIncome": "301000000"}, {"fiscalDateEnding": "2022-06-30", "reportedCurrency": "USD", "grossProfit": "440000000", "totalRevenue": "4057000000", "costOfRevenue": "3617000000", "costofGoodsAndServicesSold": "3617000000", "operatingIncome": "97000000", "sellingGeneralAndAdministrative": "286000000", "researchAndDevelopment": "None", "operatingExpenses": "324000000", "investmentIncomeNet": "None", "netInterestIncome": "-49000000", "interestIncome": "7000000", "interestExpense": "56000000", "nonInterestIncome": "None", "otherNonOperatingIncome": "-25000000", "depreciation": "None", "depreciationAndAmortization": "193000000", "incomeBeforeTax": "16000000", "incomeTaxExpense": "16000000", "interestAndDebtExpense": "None", "netIncomeFromContinuingOperations": "-72000000", "comprehensiveIncomeNetOfTax": "None", "ebit": "72000000", "ebitda": "265000000", "netIncome": "-45000000"}, {"fiscalDateEnding": "2022-03-31", "reportedCurrency": "USD", "grossProfit": "589000000", "totalRevenue": "4178000000", "costOfRevenue": "3589000000", "costofGoodsAndServicesSold": "3589000000", "operatingIncome": "256000000", "sellingGeneralAndAdministrative": "274000000", "researchAndDevelopment": "None", "operatingExpenses": "311000000", "investmentIncomeNet": "None", "netInterestIncome": "-41000000", "interestIncome": "2000000", "interestExpense": "43000000", "nonInterestIncome": "None", "otherNonOperatingIncome": "-39000000", "depreciation": "None", "depreciationAndAmortization": "191000000", "incomeBeforeTax": "174000000", "incomeTaxExpense": "21000000", "interestAndDebtExpense": "None", "netIncomeFromContinuingOperations": "153000000", "comprehensiveIncomeNetOfTax": "None", "ebit": "283000000", "ebitda": "474000000", "netIncome": "153000000"}, {"fiscalDateEnding": "2021-12-31", "reportedCurrency": "USD", "grossProfit": "591000000", "totalRevenue": "4134000000", "costOfRevenue": "3543000000", "costofGoodsAndServicesSold": "3543000000", "operatingIncome": "260000000", "sellingGeneralAndAdministrative": "291000000", "researchAndDevelopment": "1350000000", "operatingExpenses": "328000000", "investmentIncomeNet": "None", "netInterestIncome": "-36000000", "interestIncome": "None", "interestExpense": "35000000", "nonInterestIncome": "None", "otherNonOperatingIncome": "-278000000", "depreciation": "None", "depreciationAndAmortization": "190000000", "incomeBeforeTax": "93000000", "incomeTaxExpense": "62000000", "interestAndDebtExpense": "None", "netIncomeFromContinuingOperations": "39000000", "comprehensiveIncomeNetOfTax": "None", "ebit": "130000000", "ebitda": "320000000", "netIncome": "31000000"}, {"fiscalDateEnding": "2021-09-30", "reportedCurrency": "USD", "grossProfit": "516000000", "totalRevenue": "3654000000", "costOfRevenue": "3138000000", "costofGoodsAndServicesSold": "3138000000", "operatingIncome": "215000000", "sellingGeneralAndAdministrative": "263000000", "researchAndDevelopment": "None", "operatingExpenses": "300000000", "investmentIncomeNet": "None", "netInterestIncome": "-33000000", "interestIncome": "3000000", "interestExpense": "36000000", "nonInterestIncome": "None", "otherNonOperatingIncome": "1000000", "depreciation": "None", "depreciationAndAmortization": "193000000", "incomeBeforeTax": "180000000", "incomeTaxExpense": "25000000", "interestAndDebtExpense": "None", "netIncomeFromContinuingOperations": "155000000", "comprehensiveIncomeNetOfTax": "None", "ebit": "211000000", "ebitda": "404000000", "netIncome": "101000000"}, {"fiscalDateEnding": "2021-06-30", "reportedCurrency": "USD", "grossProfit": "602000000", "totalRevenue": "3807000000", "costOfRevenue": "3205000000", "costofGoodsAndServicesSold": "3205000000", "operatingIncome": "285000000", "sellingGeneralAndAdministrative": "266000000", "researchAndDevelopment": "None", "operatingExpenses": "303000000", "investmentIncomeNet": "None", "netInterestIncome": "-38000000", "interestIncome": "None", "interestExpense": "38000000", "nonInterestIncome": "None", "otherNonOperatingIncome": "-53000000", "depreciation": "None", "depreciationAndAmortization": "197000000", "incomeBeforeTax": "247000000", "incomeTaxExpense": "28000000", "interestAndDebtExpense": "None", "netIncomeFromContinuingOperations": "166000000", "comprehensiveIncomeNetOfTax": "None", "ebit": "285000000", "ebitda": "482000000", "netIncome": "163000000"}, {"fiscalDateEnding": "2021-03-31", "reportedCurrency": "USD", "grossProfit": "727000000", "totalRevenue": "4023000000", "costOfRevenue": "3296000000", "costofGoodsAndServicesSold": "3296000000", "operatingIncome": "429000000", "sellingGeneralAndAdministrative": "255000000", "researchAndDevelopment": "None", "operatingExpenses": "292000000", "investmentIncomeNet": "None", "netInterestIncome": "-37000000", "interestIncome": "3000000", "interestExpense": "40000000", "nonInterestIncome": "None", "otherNonOperatingIncome": "1000000", "depreciation": "None", "depreciationAndAmortization": "193000000", "incomeBeforeTax": "390000000", "incomeTaxExpense": "48000000", "interestAndDebtExpense": "None", "netIncomeFromContinuingOperations": "342000000", "comprehensiveIncomeNetOfTax": "None", "ebit": "432000000", "ebitda": "625000000", "netIncome": "295000000"}, {"fiscalDateEnding": "2020-12-31", "reportedCurrency": "USD", "grossProfit": "779000000", "totalRevenue": "4212000000", "costOfRevenue": "3433000000", "costofGoodsAndServicesSold": "3433000000", "operatingIncome": "446000000", "sellingGeneralAndAdministrative": "1712000000", "researchAndDevelopment": "1327000000", "operatingExpenses": "315000000", "investmentIncomeNet": "None", "netInterestIncome": "-39000000", "interestIncome": "2000000", "interestExpense": "39000000", "nonInterestIncome": "None", "otherNonOperatingIncome": "-77000000", "depreciation": "None", "depreciationAndAmortization": "208000000", "incomeBeforeTax": "413000000", "incomeTaxExpense": "55000000", "interestAndDebtExpense": "None", "netIncomeFromContinuingOperations": "370000000", "comprehensiveIncomeNetOfTax": "None", "ebit": "452000000", "ebitda": "660000000", "netIncome": "299000000"}, {"fiscalDateEnding": "2020-09-30", "reportedCurrency": "USD", "grossProfit": "647000000", "totalRevenue": "3668000000", "costOfRevenue": "3021000000", "costofGoodsAndServicesSold": "3021000000", "operatingIncome": "364000000", "sellingGeneralAndAdministrative": "229000000", "researchAndDevelopment": "None", "operatingExpenses": "265000000", "investmentIncomeNet": "None", "netInterestIncome": "-36000000", "interestIncome": "2000000", "interestExpense": "38000000", "nonInterestIncome": "None", "otherNonOperatingIncome": "1000000", "depreciation": "None", "depreciationAndAmortization": "36000000", "incomeBeforeTax": "327000000", "incomeTaxExpense": "-2000000", "interestAndDebtExpense": "None", "netIncomeFromContinuingOperations": "325000000", "comprehensiveIncomeNetOfTax": "None", "ebit": "521000000", "ebitda": "557000000", "netIncome": "299000000"}, {"fiscalDateEnding": "2020-06-30", "reportedCurrency": "USD", "grossProfit": "13000000", "totalRevenue": "1960000000", "costOfRevenue": "1947000000", "costofGoodsAndServicesSold": "1947000000", "operatingIncome": "-311000000", "sellingGeneralAndAdministrative": "217000000", "researchAndDevelopment": "None", "operatingExpenses": "252000000", "investmentIncomeNet": "None", "netInterestIncome": "-43000000", "interestIncome": "1000000", "interestExpense": "44000000", "nonInterestIncome": "None", "otherNonOperatingIncome": "-6000000", "depreciation": "None", "depreciationAndAmortization": "184000000", "incomeBeforeTax": "-361000000", "incomeTaxExpense": "-14000000", "interestAndDebtExpense": "None", "netIncomeFromContinuingOperations": "-375000000", "comprehensiveIncomeNetOfTax": "None", "ebit": "-317000000", "ebitda": "-133000000", "netIncome": "-366000000"}, {"fiscalDateEnding": "2020-03-31", "reportedCurrency": "USD", "grossProfit": "501000000", "totalRevenue": "3226000000", "costOfRevenue": "2725000000", "costofGoodsAndServicesSold": "2725000000", "operatingIncome": "1619000000", "sellingGeneralAndAdministrative": "252000000", "researchAndDevelopment": "None", "operatingExpenses": "288000000", "investmentIncomeNet": "None", "netInterestIncome": "-40000000", "interestIncome": "3000000", "interestExpense": "43000000", "nonInterestIncome": "None", "otherNonOperatingIncome": "-1000000", "depreciation": "None", "depreciationAndAmortization": "180000000", "incomeBeforeTax": "1575000000", "incomeTaxExpense": "10000000", "interestAndDebtExpense": "None", "netIncomeFromContinuingOperations": "1585000000", "comprehensiveIncomeNetOfTax": "None", "ebit": "208000000", "ebitda": "388000000", "netIncome": "1572000000"}, {"fiscalDateEnding": "2019-12-31", "reportedCurrency": "USD", "grossProfit": "687000000", "totalRevenue": "3596000000", "costOfRevenue": "2909000000", "costofGoodsAndServicesSold": "2909000000", "operatingIncome": "324000000", "sellingGeneralAndAdministrative": "298000000", "researchAndDevelopment": "1546000000", "operatingExpenses": "333000000", "investmentIncomeNet": "None", "netInterestIncome": "-39000000", "interestIncome": "2000000", "interestExpense": "41000000", "nonInterestIncome": "None", "otherNonOperatingIncome": "None", "depreciation": "None", "depreciationAndAmortization": "35000000", "incomeBeforeTax": "268000000", "incomeTaxExpense": "30000000", "interestAndDebtExpense": "None", "netIncomeFromContinuingOperations": "49000000", "comprehensiveIncomeNetOfTax": "None", "ebit": "485000000", "ebitda": "520000000", "netIncome": "230000000"}, {"fiscalDateEnding": "2019-09-30", "reportedCurrency": "USD", "grossProfit": "677000000", "totalRevenue": "3559000000", "costOfRevenue": "2882000000", "costofGoodsAndServicesSold": "2882000000", "operatingIncome": "320000000", "sellingGeneralAndAdministrative": "262000000", "researchAndDevelopment": "None", "operatingExpenses": "296000000", "investmentIncomeNet": "None", "netInterestIncome": "-39000000", "interestIncome": "3000000", "interestExpense": "42000000", "nonInterestIncome": "None", "otherNonOperatingIncome": "7000000", "depreciation": "None", "depreciationAndAmortization": "178000000", "incomeBeforeTax": "285000000", "incomeTaxExpense": "38000000", "interestAndDebtExpense": "None", "netIncomeFromContinuingOperations": "323000000", "comprehensiveIncomeNetOfTax": "None", "ebit": "327000000", "ebitda": "505000000", "netIncome": "246000000"}, {"fiscalDateEnding": "2019-06-30", "reportedCurrency": "USD", "grossProfit": "669000000", "totalRevenue": "3627000000", "costOfRevenue": "2958000000", "costofGoodsAndServicesSold": "2958000000", "operatingIncome": "335000000", "sellingGeneralAndAdministrative": "260000000", "researchAndDevelopment": "None", "operatingExpenses": "303000000", "investmentIncomeNet": "None", "netInterestIncome": "-38000000", "interestIncome": "5000000", "interestExpense": "43000000", "nonInterestIncome": "None", "otherNonOperatingIncome": "6000000", "depreciation": "None", "depreciationAndAmortization": "188000000", "incomeBeforeTax": "298000000", "incomeTaxExpense": "31000000", "interestAndDebtExpense": "None", "netIncomeFromContinuingOperations": "329000000", "comprehensiveIncomeNetOfTax": "None", "ebit": "341000000", "ebitda": "529000000", "netIncome": "274000000"}, {"fiscalDateEnding": "2019-03-31", "reportedCurrency": "USD", "grossProfit": "613000000", "totalRevenue": "3575000000", "costOfRevenue": "2962000000", "costofGoodsAndServicesSold": "2962000000", "operatingIncome": "297000000", "sellingGeneralAndAdministrative": "256000000", "researchAndDevelopment": "None", "operatingExpenses": "290000000", "investmentIncomeNet": "None", "netInterestIncome": "-35000000", "interestIncome": "35000000", "interestExpense": "38000000", "nonInterestIncome": "None", "otherNonOperatingIncome": "16000000", "depreciation": "None", "depreciationAndAmortization": "173000000", "incomeBeforeTax": "275000000", "incomeTaxExpense": "33000000", "interestAndDebtExpense": "None", "netIncomeFromContinuingOperations": "308000000", "comprehensiveIncomeNetOfTax": "None", "ebit": "318000000", "ebitda": "491000000", "netIncome": "240000000"}, {"fiscalDateEnding": "2018-12-31", "reportedCurrency": "USD", "grossProfit": "669000000", "totalRevenue": "3636000000", "costOfRevenue": "2967000000", "costofGoodsAndServicesSold": "2967000000", "operatingIncome": "355000000", "sellingGeneralAndAdministrative": "242000000", "researchAndDevelopment": "1443000000", "operatingExpenses": "305000000", "investmentIncomeNet": "None", "netInterestIncome": "None", "interestIncome": "None", "interestExpense": "37000000", "nonInterestIncome": "None", "otherNonOperatingIncome": "-19000000", "depreciation": "None", "depreciationAndAmortization": "63000000", "incomeBeforeTax": "293000000", "incomeTaxExpense": "42000000", "interestAndDebtExpense": "None", "netIncomeFromContinuingOperations": "257000000", "comprehensiveIncomeNetOfTax": "None", "ebit": "492000000", "ebitda": "555000000", "netIncome": "247000000"}, {"fiscalDateEnding": "2018-09-30", "reportedCurrency": "USD", "grossProfit": "651000000", "totalRevenue": "3485000000", "costOfRevenue": "2834000000", "costofGoodsAndServicesSold": "2834000000", "operatingIncome": "323000000", "sellingGeneralAndAdministrative": "232000000", "researchAndDevelopment": "0", "operatingExpenses": "263000000", "investmentIncomeNet": "None", "netInterestIncome": "None", "interestIncome": "None", "interestExpense": "34000000", "nonInterestIncome": "None", "otherNonOperatingIncome": "8000000", "depreciation": "None", "depreciationAndAmortization": "163000000", "incomeBeforeTax": "293000000", "incomeTaxExpense": "66000000", "interestAndDebtExpense": "None", "netIncomeFromContinuingOperations": "231000000", "comprehensiveIncomeNetOfTax": "None", "ebit": "328000000", "ebitda": "491000000", "netIncome": "222000000"}, {"fiscalDateEnding": "2018-06-30", "reportedCurrency": "USD", "grossProfit": "726000000", "totalRevenue": "3684000000", "costOfRevenue": "2958000000", "costofGoodsAndServicesSold": "2958000000", "operatingIncome": "421000000", "sellingGeneralAndAdministrative": "260000000", "researchAndDevelopment": "0", "operatingExpenses": "290000000", "investmentIncomeNet": "None", "netInterestIncome": "None", "interestIncome": "None", "interestExpense": "36000000", "nonInterestIncome": "None", "otherNonOperatingIncome": "1000000", "depreciation": "None", "depreciationAndAmortization": "156000000", "incomeBeforeTax": "378000000", "incomeTaxExpense": "83000000", "interestAndDebtExpense": "None", "netIncomeFromContinuingOperations": "303000000", "comprehensiveIncomeNetOfTax": "None", "ebit": "415000000", "ebitda": "571000000", "netIncome": "291000000"}, {"fiscalDateEnding": "2018-03-31", "reportedCurrency": "USD", "grossProfit": "683000000", "totalRevenue": "3630000000", "costOfRevenue": "2947000000", "costofGoodsAndServicesSold": "2947000000", "operatingIncome": "374000000", "sellingGeneralAndAdministrative": "952000000", "researchAndDevelopment": "0", "operatingExpenses": "289000000", "investmentIncomeNet": "None", "netInterestIncome": "None", "interestIncome": "None", "interestExpense": "34000000", "nonInterestIncome": "None", "otherNonOperatingIncome": "35000000", "depreciation": "None", "depreciationAndAmortization": "155000000", "incomeBeforeTax": "370000000", "incomeTaxExpense": "59000000", "interestAndDebtExpense": "None", "netIncomeFromContinuingOperations": "316000000", "comprehensiveIncomeNetOfTax": "None", "ebit": "388000000", "ebitda": "543000000", "netIncome": "307000000"}, {"fiscalDateEnding": "2017-12-31", "reportedCurrency": "USD", "grossProfit": "710000000", "totalRevenue": "3440000000", "costOfRevenue": "2730000000", "costofGoodsAndServicesSold": "2730000000", "operatingIncome": "386000000", "sellingGeneralAndAdministrative": "46000000", "researchAndDevelopment": "1086000000", "operatingExpenses": "296000000", "investmentIncomeNet": "None", "netInterestIncome": "None", "interestIncome": "None", "interestExpense": "37000000", "nonInterestIncome": "None", "otherNonOperatingIncome": "14000000", "depreciation": "None", "depreciationAndAmortization": "30000000", "incomeBeforeTax": "350000000", "incomeTaxExpense": "135000000", "interestAndDebtExpense": "None", "netIncomeFromContinuingOperations": "-88000000", "comprehensiveIncomeNetOfTax": "None", "ebit": "415000000", "ebitda": "445000000", "netIncome": "256000000"}, {"fiscalDateEnding": "2017-09-30", "reportedCurrency": "USD", "grossProfit": "883000000", "totalRevenue": "4333000000", "costOfRevenue": "3450000000", "costofGoodsAndServicesSold": "3450000000", "operatingIncome": "511000000", "sellingGeneralAndAdministrative": "317000000", "researchAndDevelopment": "0", "operatingExpenses": "351000000", "investmentIncomeNet": "None", "netInterestIncome": "None", "interestIncome": "None", "interestExpense": "36000000", "nonInterestIncome": "None", "otherNonOperatingIncome": "-2000000", "depreciation": "None", "depreciationAndAmortization": "183000000", "incomeBeforeTax": "466000000", "incomeTaxExpense": "60000000", "interestAndDebtExpense": "None", "netIncomeFromContinuingOperations": "413000000", "comprehensiveIncomeNetOfTax": "None", "ebit": "502000000", "ebitda": "685000000", "netIncome": "395000000"}, {"fiscalDateEnding": "2017-06-30", "reportedCurrency": "USD", "grossProfit": "899000000", "totalRevenue": "4318000000", "costOfRevenue": "3419000000", "costofGoodsAndServicesSold": "3419000000", "operatingIncome": "468000000", "sellingGeneralAndAdministrative": "301000000", "researchAndDevelopment": "0", "operatingExpenses": "334000000", "investmentIncomeNet": "None", "netInterestIncome": "None", "interestIncome": "None", "interestExpense": "35000000", "nonInterestIncome": "None", "otherNonOperatingIncome": "15000000", "depreciation": "None", "depreciationAndAmortization": "181000000", "incomeBeforeTax": "441000000", "incomeTaxExpense": "62000000", "interestAndDebtExpense": "None", "netIncomeFromContinuingOperations": "386000000", "comprehensiveIncomeNetOfTax": "None", "ebit": "476000000", "ebitda": "657000000", "netIncome": "369000000"}, {"fiscalDateEnding": "2017-03-31", "reportedCurrency": "USD", "grossProfit": "847000000", "totalRevenue": "4292000000", "costOfRevenue": "3445000000", "costofGoodsAndServicesSold": "3445000000", "operatingIncome": "464000000", "sellingGeneralAndAdministrative": "288000000", "researchAndDevelopment": "0", "operatingExpenses": "321000000", "investmentIncomeNet": "None", "netInterestIncome": "None", "interestIncome": "None", "interestExpense": "34000000", "nonInterestIncome": "None", "otherNonOperatingIncome": "-17000000", "depreciation": "None", "depreciationAndAmortization": "175000000", "incomeBeforeTax": "402000000", "incomeTaxExpense": "61000000", "interestAndDebtExpense": "None", "netIncomeFromContinuingOperations": "352000000", "comprehensiveIncomeNetOfTax": "None", "ebit": "436000000", "ebitda": "611000000", "netIncome": "335000000"}, {"fiscalDateEnding": "2016-12-31", "reportedCurrency": "USD", "grossProfit": "1075000000", "totalRevenue": "4313000000", "costOfRevenue": "3238000000", "costofGoodsAndServicesSold": "3238000000", "operatingIncome": "655000000", "sellingGeneralAndAdministrative": "311000000", "researchAndDevelopment": "969000000", "operatingExpenses": "344000000", "investmentIncomeNet": "None", "netInterestIncome": "None", "interestIncome": "None", "interestExpense": "33000000", "nonInterestIncome": "None", "otherNonOperatingIncome": "-290000000", "depreciation": "None", "depreciationAndAmortization": "33000000", "incomeBeforeTax": "320000000", "incomeTaxExpense": "26000000", "interestAndDebtExpense": "None", "netIncomeFromContinuingOperations": "306000000", "comprehensiveIncomeNetOfTax": "None", "ebit": "498000000", "ebitda": "531000000", "netIncome": "281000000"}, {"fiscalDateEnding": "2016-09-30", "reportedCurrency": "USD", "grossProfit": "835000000", "totalRevenue": "4091000000", "costOfRevenue": "3256000000", "costofGoodsAndServicesSold": "3256000000", "operatingIncome": "460000000", "sellingGeneralAndAdministrative": "278000000", "researchAndDevelopment": "0", "operatingExpenses": "312000000", "investmentIncomeNet": "None", "netInterestIncome": "None", "interestIncome": "None", "interestExpense": "41000000", "nonInterestIncome": "None", "otherNonOperatingIncome": "-56000000", "depreciation": "None", "depreciationAndAmortization": "174000000", "incomeBeforeTax": "353000000", "incomeTaxExpense": "57000000", "interestAndDebtExpense": "None", "netIncomeFromContinuingOperations": "306000000", "comprehensiveIncomeNetOfTax": "None", "ebit": "394000000", "ebitda": "568000000", "netIncome": "293000000"}, {"fiscalDateEnding": "2016-06-30", "reportedCurrency": "USD", "grossProfit": "858000000", "totalRevenue": "4206000000", "costOfRevenue": "3348000000", "costofGoodsAndServicesSold": "3348000000", "operatingIncome": "391000000", "sellingGeneralAndAdministrative": "279000000", "researchAndDevelopment": "0", "operatingExpenses": "313000000", "investmentIncomeNet": "None", "netInterestIncome": "None", "interestIncome": "None", "interestExpense": "41000000", "nonInterestIncome": "None", "otherNonOperatingIncome": "5000000", "depreciation": "None", "depreciationAndAmortization": "190000000", "incomeBeforeTax": "348000000", "incomeTaxExpense": "84000000", "interestAndDebtExpense": "None", "netIncomeFromContinuingOperations": "271000000", "comprehensiveIncomeNetOfTax": "None", "ebit": "389000000", "ebitda": "579000000", "netIncome": "258000000"}, {"fiscalDateEnding": "2016-03-31", "reportedCurrency": "USD", "grossProfit": "786000000", "totalRevenue": "4051000000", "costOfRevenue": "3265000000", "costofGoodsAndServicesSold": "3265000000", "operatingIncome": "441000000", "sellingGeneralAndAdministrative": "277000000", "researchAndDevelopment": "0", "operatingExpenses": "310000000", "investmentIncomeNet": "None", "netInterestIncome": "None", "interestIncome": "None", "interestExpense": "41000000", "nonInterestIncome": "None", "otherNonOperatingIncome": "10000000", "depreciation": "None", "depreciationAndAmortization": "162000000", "incomeBeforeTax": "404000000", "incomeTaxExpense": "75000000", "interestAndDebtExpense": "None", "netIncomeFromContinuingOperations": "335000000", "comprehensiveIncomeNetOfTax": "None", "ebit": "476000000", "ebitda": "638000000", "netIncome": "425000000"}, {"fiscalDateEnding": "2015-12-31", "reportedCurrency": "USD", "grossProfit": "718000000", "totalRevenue": "3879000000", "costOfRevenue": "3161000000", "costofGoodsAndServicesSold": "3161000000", "operatingIncome": "335000000", "sellingGeneralAndAdministrative": "252000000", "researchAndDevelopment": "1500000000", "operatingExpenses": "275000000", "investmentIncomeNet": "None", "netInterestIncome": "None", "interestIncome": "None", "interestExpense": "35000000", "nonInterestIncome": "None", "otherNonOperatingIncome": "-15000000", "depreciation": "None", "depreciationAndAmortization": "23000000", "incomeBeforeTax": "279000000", "incomeTaxExpense": "61000000", "interestAndDebtExpense": "None", "netIncomeFromContinuingOperations": "224000000", "comprehensiveIncomeNetOfTax": "None", "ebit": "437000000", "ebitda": "460000000", "netIncome": "192000000"}, {"fiscalDateEnding": "2015-09-30", "reportedCurrency": "USD", "grossProfit": "769000000", "totalRevenue": "3631000000", "costOfRevenue": "2862000000", "costofGoodsAndServicesSold": "2862000000", "operatingIncome": "461000000", "sellingGeneralAndAdministrative": "249000000", "researchAndDevelopment": "0", "operatingExpenses": "272000000", "investmentIncomeNet": "None", "netInterestIncome": "None", "interestIncome": "None", "interestExpense": "30000000", "nonInterestIncome": "None", "otherNonOperatingIncome": "-6000000", "depreciation": "None", "depreciationAndAmortization": "131000000", "incomeBeforeTax": "420000000", "incomeTaxExpense": "61000000", "interestAndDebtExpense": "None", "netIncomeFromContinuingOperations": "364000000", "comprehensiveIncomeNetOfTax": "None", "ebit": "497000000", "ebitda": "628000000", "netIncome": "404000000"}, {"fiscalDateEnding": "2015-06-30", "reportedCurrency": "USD", "grossProfit": "782000000", "totalRevenue": "3858000000", "costOfRevenue": "3076000000", "costofGoodsAndServicesSold": "3076000000", "operatingIncome": "481000000", "sellingGeneralAndAdministrative": "261000000", "researchAndDevelopment": "0", "operatingExpenses": "284000000", "investmentIncomeNet": "None", "netInterestIncome": "None", "interestIncome": "None", "interestExpense": "30000000", "nonInterestIncome": "None", "otherNonOperatingIncome": "-2000000", "depreciation": "None", "depreciationAndAmortization": "23000000", "incomeBeforeTax": "449000000", "incomeTaxExpense": "80000000", "interestAndDebtExpense": "None", "netIncomeFromContinuingOperations": "369000000", "comprehensiveIncomeNetOfTax": "None", "ebit": "591000000", "ebitda": "614000000", "netIncome": "645000000"}, {"fiscalDateEnding": "2015-03-31", "reportedCurrency": "USD", "grossProfit": "741000000", "totalRevenue": "3797000000", "costOfRevenue": "3056000000", "costofGoodsAndServicesSold": "3056000000", "operatingIncome": "446000000", "sellingGeneralAndAdministrative": "255000000", "researchAndDevelopment": "0", "operatingExpenses": "279000000", "investmentIncomeNet": "None", "netInterestIncome": "None", "interestIncome": "None", "interestExpense": "32000000", "nonInterestIncome": "None", "otherNonOperatingIncome": "-49000000", "depreciation": "None", "depreciationAndAmortization": "128000000", "incomeBeforeTax": "360000000", "incomeTaxExpense": "61000000", "interestAndDebtExpense": "None", "netIncomeFromContinuingOperations": "304000000", "comprehensiveIncomeNetOfTax": "None", "ebit": "392000000", "ebitda": "520000000", "netIncome": "209000000"}, {"fiscalDateEnding": "2014-12-31", "reportedCurrency": "USD", "grossProfit": "809000000", "totalRevenue": "4152000000", "costOfRevenue": "3343000000", "costofGoodsAndServicesSold": "3343000000", "operatingIncome": "486000000", "sellingGeneralAndAdministrative": "278000000", "researchAndDevelopment": "1600000000", "operatingExpenses": "303000000", "investmentIncomeNet": "None", "netInterestIncome": "None", "interestIncome": "None", "interestExpense": "34000000", "nonInterestIncome": "None", "otherNonOperatingIncome": "-11000000", "depreciation": "None", "depreciationAndAmortization": "25000000", "incomeBeforeTax": "453000000", "incomeTaxExpense": "82000000", "interestAndDebtExpense": "None", "netIncomeFromContinuingOperations": "371000000", "comprehensiveIncomeNetOfTax": "None", "ebit": "608000000", "ebitda": "633000000", "netIncome": "344000000"}, {"fiscalDateEnding": "2014-09-30", "reportedCurrency": "USD", "grossProfit": "756000000", "totalRevenue": "4144000000", "costOfRevenue": "3388000000", "costofGoodsAndServicesSold": "3388000000", "operatingIncome": "414000000", "sellingGeneralAndAdministrative": "270000000", "researchAndDevelopment": "0", "operatingExpenses": "295000000", "investmentIncomeNet": "None", "netInterestIncome": "None", "interestIncome": "None", "interestExpense": "33000000", "nonInterestIncome": "None", "otherNonOperatingIncome": "7000000", "depreciation": "None", "depreciationAndAmortization": "150000000", "incomeBeforeTax": "386000000", "incomeTaxExpense": "63000000", "interestAndDebtExpense": "None", "netIncomeFromContinuingOperations": "323000000", "comprehensiveIncomeNetOfTax": "None", "ebit": "384000000", "ebitda": "534000000", "netIncome": "305000000"}, {"fiscalDateEnding": "2014-06-30", "reportedCurrency": "USD", "grossProfit": "840000000", "totalRevenue": "4451000000", "costOfRevenue": "3611000000", "costofGoodsAndServicesSold": "3611000000", "operatingIncome": "488000000", "sellingGeneralAndAdministrative": "272000000", "researchAndDevelopment": "0", "operatingExpenses": "297000000", "investmentIncomeNet": "None", "netInterestIncome": "None", "interestIncome": "None", "interestExpense": "33000000", "nonInterestIncome": "None", "otherNonOperatingIncome": "13000000", "depreciation": "None", "depreciationAndAmortization": "146000000", "incomeBeforeTax": "458000000", "incomeTaxExpense": "62000000", "interestAndDebtExpense": "None", "netIncomeFromContinuingOperations": "396000000", "comprehensiveIncomeNetOfTax": "None", "ebit": "508000000", "ebitda": "654000000", "netIncome": "382000000"}, {"fiscalDateEnding": "2014-03-31", "reportedCurrency": "USD", "grossProfit": "768000000", "totalRevenue": "4276000000", "costOfRevenue": "3508000000", "costofGoodsAndServicesSold": "3508000000", "operatingIncome": "459000000", "sellingGeneralAndAdministrative": "261000000", "researchAndDevelopment": "0", "operatingExpenses": "287000000", "investmentIncomeNet": "None", "netInterestIncome": "None", "interestIncome": "None", "interestExpense": "35000000", "nonInterestIncome": "None", "otherNonOperatingIncome": "-16000000", "depreciation": "None", "depreciationAndAmortization": "145000000", "incomeBeforeTax": "408000000", "incomeTaxExpense": "75000000", "interestAndDebtExpense": "None", "netIncomeFromContinuingOperations": "333000000", "comprehensiveIncomeNetOfTax": "None", "ebit": "450000000", "ebitda": "595000000", "netIncome": "320000000"}, {"fiscalDateEnding": "2013-12-31", "reportedCurrency": "USD", "grossProfit": "756000000", "totalRevenue": "4182000000", "costOfRevenue": "3426000000", "costofGoodsAndServicesSold": "3426000000", "operatingIncome": "417000000", "sellingGeneralAndAdministrative": "264000000", "researchAndDevelopment": "1300000000", "operatingExpenses": "289000000", "investmentIncomeNet": "None", "netInterestIncome": "None", "interestIncome": "None", "interestExpense": "37000000", "nonInterestIncome": "None", "otherNonOperatingIncome": "15000000", "depreciation": "None", "depreciationAndAmortization": "25000000", "incomeBeforeTax": "387000000", "incomeTaxExpense": "74000000", "interestAndDebtExpense": "None", "netIncomeFromContinuingOperations": "313000000", "comprehensiveIncomeNetOfTax": "None", "ebit": "592000000", "ebitda": "617000000", "netIncome": "298000000"}, {"fiscalDateEnding": "2013-09-30", "reportedCurrency": "USD", "grossProfit": "679000000", "totalRevenue": "4017000000", "costOfRevenue": "3338000000", "costofGoodsAndServicesSold": "3338000000", "operatingIncome": "387000000", "sellingGeneralAndAdministrative": "228000000", "researchAndDevelopment": "0", "operatingExpenses": "255000000", "investmentIncomeNet": "None", "netInterestIncome": "None", "interestIncome": "None", "interestExpense": "34000000", "nonInterestIncome": "None", "otherNonOperatingIncome": "12000000", "depreciation": "None", "depreciationAndAmortization": "138000000", "incomeBeforeTax": "357000000", "incomeTaxExpense": "72000000", "interestAndDebtExpense": "None", "netIncomeFromContinuingOperations": "285000000", "comprehensiveIncomeNetOfTax": "None", "ebit": "413000000", "ebitda": "551000000", "netIncome": "271000000"}, {"fiscalDateEnding": "2013-06-30", "reportedCurrency": "USD", "grossProfit": "776000000", "totalRevenue": "4240000000", "costOfRevenue": "3464000000", "costofGoodsAndServicesSold": "3464000000", "operatingIncome": "483000000", "sellingGeneralAndAdministrative": "241000000", "researchAndDevelopment": "0", "operatingExpenses": "267000000", "investmentIncomeNet": "None", "netInterestIncome": "None", "interestIncome": "None", "interestExpense": "36000000", "nonInterestIncome": "None", "otherNonOperatingIncome": "15000000", "depreciation": "None", "depreciationAndAmortization": "132000000", "incomeBeforeTax": "452000000", "incomeTaxExpense": "73000000", "interestAndDebtExpense": "None", "netIncomeFromContinuingOperations": "379000000", "comprehensiveIncomeNetOfTax": "None", "ebit": "488000000", "ebitda": "620000000", "netIncome": "367000000"}, {"fiscalDateEnding": "2013-03-31", "reportedCurrency": "USD", "grossProfit": "685000000", "totalRevenue": "4024000000", "costOfRevenue": "3339000000", "costofGoodsAndServicesSold": "3339000000", "operatingIncome": "397000000", "sellingGeneralAndAdministrative": "230000000", "researchAndDevelopment": "0", "operatingExpenses": "256000000", "investmentIncomeNet": "None", "netInterestIncome": "None", "interestIncome": "None", "interestExpense": "36000000", "nonInterestIncome": "None", "otherNonOperatingIncome": "-26000000", "depreciation": "None", "depreciationAndAmortization": "131000000", "incomeBeforeTax": "327000000", "incomeTaxExpense": "37000000", "interestAndDebtExpense": "None", "netIncomeFromContinuingOperations": "290000000", "comprehensiveIncomeNetOfTax": "None", "ebit": "434000000", "ebitda": "565000000", "netIncome": "276000000"}, {"fiscalDateEnding": "2012-12-31", "reportedCurrency": "USD", "grossProfit": "609000000", "totalRevenue": "3767000000", "costOfRevenue": "3158000000", "costofGoodsAndServicesSold": "3158000000", "operatingIncome": "177000000", "sellingGeneralAndAdministrative": "254000000", "researchAndDevelopment": "1200000000", "operatingExpenses": "278000000", "investmentIncomeNet": "None", "netInterestIncome": "None", "interestIncome": "None", "interestExpense": "36000000", "nonInterestIncome": "None", "otherNonOperatingIncome": "None", "depreciation": "None", "depreciationAndAmortization": "24000000", "incomeBeforeTax": "131000000", "incomeTaxExpense": "-15000000", "interestAndDebtExpense": "None", "netIncomeFromContinuingOperations": "0", "comprehensiveIncomeNetOfTax": "None", "ebit": "289000000", "ebitda": "313000000", "netIncome": "136000000"}, {"fiscalDateEnding": "2012-09-30", "reportedCurrency": "USD", "grossProfit": "605000000", "totalRevenue": "3663000000", "costOfRevenue": "3058000000", "costofGoodsAndServicesSold": "3058000000", "operatingIncome": "367000000", "sellingGeneralAndAdministrative": "215000000", "researchAndDevelopment": "0", "operatingExpenses": "235000000", "investmentIncomeNet": "None", "netInterestIncome": "None", "interestIncome": "None", "interestExpense": "32000000", "nonInterestIncome": "None", "otherNonOperatingIncome": "None", "depreciation": "None", "depreciationAndAmortization": "113000000", "incomeBeforeTax": "338000000", "incomeTaxExpense": "52000000", "interestAndDebtExpense": "None", "netIncomeFromContinuingOperations": "0", "comprehensiveIncomeNetOfTax": "None", "ebit": "370000000", "ebitda": "483000000", "netIncome": "269000000"}, {"fiscalDateEnding": "2012-06-30", "reportedCurrency": "USD", "grossProfit": "725000000", "totalRevenue": "3997000000", "costOfRevenue": "3272000000", "costofGoodsAndServicesSold": "3272000000", "operatingIncome": "468000000", "sellingGeneralAndAdministrative": "230000000", "researchAndDevelopment": "0", "operatingExpenses": "249000000", "investmentIncomeNet": "None", "netInterestIncome": "None", "interestIncome": "None", "interestExpense": "33000000", "nonInterestIncome": "None", "otherNonOperatingIncome": "None", "depreciation": "None", "depreciationAndAmortization": "19000000", "incomeBeforeTax": "440000000", "incomeTaxExpense": "98000000", "interestAndDebtExpense": "None", "netIncomeFromContinuingOperations": "0", "comprehensiveIncomeNetOfTax": "None", "ebit": "476000000", "ebitda": "495000000", "netIncome": "330000000"}, {"fiscalDateEnding": "2012-03-31", "reportedCurrency": "USD", "grossProfit": "719000000", "totalRevenue": "4092000000", "costOfRevenue": "3373000000", "costofGoodsAndServicesSold": "3373000000", "operatingIncome": "464000000", "sellingGeneralAndAdministrative": "228000000", "researchAndDevelopment": "0", "operatingExpenses": "249000000", "investmentIncomeNet": "None", "netInterestIncome": "None", "interestIncome": "None", "interestExpense": "35000000", "nonInterestIncome": "None", "otherNonOperatingIncome": "None", "depreciation": "None", "depreciationAndAmortization": "114000000", "incomeBeforeTax": "436000000", "incomeTaxExpense": "77000000", "interestAndDebtExpense": "None", "netIncomeFromContinuingOperations": "0", "comprehensiveIncomeNetOfTax": "None", "ebit": "471000000", "ebitda": "585000000", "netIncome": "342000000"}, {"fiscalDateEnding": "2011-12-31", "reportedCurrency": "USD", "grossProfit": "679000000", "totalRevenue": "3900000000", "costOfRevenue": "3221000000", "costofGoodsAndServicesSold": "3221000000", "operatingIncome": "411000000", "sellingGeneralAndAdministrative": "234000000", "researchAndDevelopment": "1200000000", "operatingExpenses": "257000000", "investmentIncomeNet": "None", "netInterestIncome": "None", "interestIncome": "None", "interestExpense": "39000000", "nonInterestIncome": "None", "otherNonOperatingIncome": "None", "depreciation": "None", "depreciationAndAmortization": "119000000", "incomeBeforeTax": "344000000", "incomeTaxExpense": "29000000", "interestAndDebtExpense": "None", "netIncomeFromContinuingOperations": "0", "comprehensiveIncomeNetOfTax": "None", "ebit": "383000000", "ebitda": "502000000", "netIncome": "290000000"}, {"fiscalDateEnding": "2011-09-30", "reportedCurrency": "USD", "grossProfit": "637000000", "totalRevenue": "3931000000", "costOfRevenue": "3294000000", "costofGoodsAndServicesSold": "3294000000", "operatingIncome": "393000000", "sellingGeneralAndAdministrative": "222000000", "researchAndDevelopment": "0", "operatingExpenses": "241000000", "investmentIncomeNet": "None", "netInterestIncome": "None", "interestIncome": "None", "interestExpense": "37000000", "nonInterestIncome": "None", "otherNonOperatingIncome": "None", "depreciation": "None", "depreciationAndAmortization": "123000000", "incomeBeforeTax": "370000000", "incomeTaxExpense": "87000000", "interestAndDebtExpense": "None", "netIncomeFromContinuingOperations": "0", "comprehensiveIncomeNetOfTax": "None", "ebit": "407000000", "ebitda": "530000000", "netIncome": "266000000"}, {"fiscalDateEnding": "2011-06-30", "reportedCurrency": "USD", "grossProfit": "695000000", "totalRevenue": "4213000000", "costOfRevenue": "3518000000", "costofGoodsAndServicesSold": "3518000000", "operatingIncome": "428000000", "sellingGeneralAndAdministrative": "240000000", "researchAndDevelopment": "0", "operatingExpenses": "259000000", "investmentIncomeNet": "None", "netInterestIncome": "None", "interestIncome": "None", "interestExpense": "41000000", "nonInterestIncome": "None", "otherNonOperatingIncome": "None", "depreciation": "None", "depreciationAndAmortization": "116000000", "incomeBeforeTax": "383000000", "incomeTaxExpense": "73000000", "interestAndDebtExpense": "None", "netIncomeFromContinuingOperations": "0", "comprehensiveIncomeNetOfTax": "None", "ebit": "424000000", "ebitda": "540000000", "netIncome": "298000000"}, {"fiscalDateEnding": "2011-03-31", "reportedCurrency": "USD", "grossProfit": "644000000", "totalRevenue": "3997000000", "costOfRevenue": "3353000000", "costofGoodsAndServicesSold": "3353000000", "operatingIncome": "412000000", "sellingGeneralAndAdministrative": "205000000", "researchAndDevelopment": "0", "operatingExpenses": "223000000", "investmentIncomeNet": "None", "netInterestIncome": "None", "interestIncome": "None", "interestExpense": "6000000", "nonInterestIncome": "None", "otherNonOperatingIncome": "None", "depreciation": "None", "depreciationAndAmortization": "117000000", "incomeBeforeTax": "409000000", "incomeTaxExpense": "116000000", "interestAndDebtExpense": "None", "netIncomeFromContinuingOperations": "0", "comprehensiveIncomeNetOfTax": "None", "ebit": "415000000", "ebitda": "532000000", "netIncome": "291000000"}, {"fiscalDateEnding": "2010-12-31", "reportedCurrency": "USD", "grossProfit": "442000000", "totalRevenue": "3652000000", "costOfRevenue": "3210000000", "costofGoodsAndServicesSold": "3210000000", "operatingIncome": "113000000", "sellingGeneralAndAdministrative": "211000000", "researchAndDevelopment": "1000000000", "operatingExpenses": "229000000", "investmentIncomeNet": "None", "netInterestIncome": "None", "interestIncome": "None", "interestExpense": "8000000", "nonInterestIncome": "None", "otherNonOperatingIncome": "None", "depreciation": "None", "depreciationAndAmortization": "110000000", "incomeBeforeTax": "132000000", "incomeTaxExpense": "49000000", "interestAndDebtExpense": "None", "netIncomeFromContinuingOperations": "0", "comprehensiveIncomeNetOfTax": "None", "ebit": "140000000", "ebitda": "250000000", "netIncome": "75000000"}, {"fiscalDateEnding": "2010-09-30", "reportedCurrency": "USD", "grossProfit": "502000000", "totalRevenue": "3309000000", "costOfRevenue": "2807000000", "costofGoodsAndServicesSold": "2807000000", "operatingIncome": "206000000", "sellingGeneralAndAdministrative": "207000000", "researchAndDevelopment": "0", "operatingExpenses": "228000000", "investmentIncomeNet": "None", "netInterestIncome": "None", "interestIncome": "None", "interestExpense": "6000000", "nonInterestIncome": "None", "otherNonOperatingIncome": "None", "depreciation": "None", "depreciationAndAmortization": "105000000", "incomeBeforeTax": "205000000", "incomeTaxExpense": "62000000", "interestAndDebtExpense": "None", "netIncomeFromContinuingOperations": "0", "comprehensiveIncomeNetOfTax": "None", "ebit": "211000000", "ebitda": "316000000", "netIncome": "127000000"}, {"fiscalDateEnding": "2010-06-30", "reportedCurrency": "USD", "grossProfit": "543000000", "totalRevenue": "3446000000", "costOfRevenue": "2903000000", "costofGoodsAndServicesSold": "2903000000", "operatingIncome": "297000000", "sellingGeneralAndAdministrative": "199000000", "researchAndDevelopment": "0", "operatingExpenses": "216000000", "investmentIncomeNet": "None", "netInterestIncome": "None", "interestIncome": "None", "interestExpense": "8000000", "nonInterestIncome": "None", "otherNonOperatingIncome": "None", "depreciation": "None", "depreciationAndAmortization": "107000000", "incomeBeforeTax": "289000000", "incomeTaxExpense": "62000000", "interestAndDebtExpense": "None", "netIncomeFromContinuingOperations": "0", "comprehensiveIncomeNetOfTax": "None", "ebit": "297000000", "ebitda": "404000000", "netIncome": "214000000"}, {"fiscalDateEnding": "2010-03-31", "reportedCurrency": "USD", "grossProfit": "562000000", "totalRevenue": "3410000000", "costOfRevenue": "2848000000", "costofGoodsAndServicesSold": "2848000000", "operatingIncome": "324000000", "sellingGeneralAndAdministrative": "198000000", "researchAndDevelopment": "0", "operatingExpenses": "212000000", "investmentIncomeNet": "None", "netInterestIncome": "None", "interestIncome": "None", "interestExpense": "8000000", "nonInterestIncome": "None", "otherNonOperatingIncome": "None", "depreciation": "None", "depreciationAndAmortization": "99000000", "incomeBeforeTax": "318000000", "incomeTaxExpense": "85000000", "interestAndDebtExpense": "None", "netIncomeFromContinuingOperations": "0", "comprehensiveIncomeNetOfTax": "None", "ebit": "326000000", "ebitda": "425000000", "netIncome": "215000000"}, {"fiscalDateEnding": "2009-12-31", "reportedCurrency": "USD", "grossProfit": "959000000", "totalRevenue": "3421000000", "costOfRevenue": "6193000000", "costofGoodsAndServicesSold": "6193000000", "operatingIncome": "75000000", "sellingGeneralAndAdministrative": "976000000", "researchAndDevelopment": "1300000000", "operatingExpenses": "0", "investmentIncomeNet": "None", "netInterestIncome": "None", "interestIncome": "None", "interestExpense": "119000000", "nonInterestIncome": "None", "otherNonOperatingIncome": "None", "depreciation": "None", "depreciationAndAmortization": "None", "incomeBeforeTax": "9100000000", "incomeTaxExpense": "0", "interestAndDebtExpense": "None", "netIncomeFromContinuingOperations": "0", "comprehensiveIncomeNetOfTax": "None", "ebit": "0", "ebitda": "None", "netIncome": "-69000000"}, {"fiscalDateEnding": "2009-09-30", "reportedCurrency": "USD", "grossProfit": "0", "totalRevenue": "3150000000", "costOfRevenue": "-2870000000", "costofGoodsAndServicesSold": "-2870000000", "operatingIncome": "0", "sellingGeneralAndAdministrative": "0", "researchAndDevelopment": "0", "operatingExpenses": "0", "investmentIncomeNet": "None", "netInterestIncome": "None", "interestIncome": "None", "interestExpense": "168000000", "nonInterestIncome": "None", "otherNonOperatingIncome": "None", "depreciation": "None", "depreciationAndAmortization": "None", "incomeBeforeTax": "0", "incomeTaxExpense": "-25000000", "interestAndDebtExpense": "None", "netIncomeFromContinuingOperations": "0", "comprehensiveIncomeNetOfTax": "None", "ebit": "0", "ebitda": "None", "netIncome": "9369000000"}, {"fiscalDateEnding": "2009-06-30", "reportedCurrency": "USD", "grossProfit": "0", "totalRevenue": "2775000000", "costOfRevenue": "2870000000", "costofGoodsAndServicesSold": "2870000000", "operatingIncome": "0", "sellingGeneralAndAdministrative": "0", "researchAndDevelopment": "0", "operatingExpenses": "0", "investmentIncomeNet": "None", "netInterestIncome": "None", "interestIncome": "None", "interestExpense": "168000000", "nonInterestIncome": "None", "otherNonOperatingIncome": "None", "depreciation": "None", "depreciationAndAmortization": "None", "incomeBeforeTax": "-489000000", "incomeTaxExpense": "25000000", "interestAndDebtExpense": "None", "netIncomeFromContinuingOperations": "0", "comprehensiveIncomeNetOfTax": "None", "ebit": "0", "ebitda": "None", "netIncome": "-552000000"}, {"fiscalDateEnding": "2009-03-31", "reportedCurrency": "USD", "grossProfit": "0", "totalRevenue": "2409000000", "costOfRevenue": "2709000000", "costofGoodsAndServicesSold": "2709000000", "operatingIncome": "0", "sellingGeneralAndAdministrative": "0", "researchAndDevelopment": "0", "operatingExpenses": "0", "investmentIncomeNet": "None", "netInterestIncome": "None", "interestIncome": "None", "interestExpense": "136000000", "nonInterestIncome": "None", "otherNonOperatingIncome": "None", "depreciation": "None", "depreciationAndAmortization": "None", "incomeBeforeTax": "489000000", "incomeTaxExpense": "0", "interestAndDebtExpense": "None", "netIncomeFromContinuingOperations": "0", "comprehensiveIncomeNetOfTax": "None", "ebit": "0", "ebitda": "None", "netIncome": "552000000"}, {"fiscalDateEnding": "2008-12-31", "reportedCurrency": "USD", "grossProfit": "1440000000", "totalRevenue": "3197000000", "costOfRevenue": "3011000000", "costofGoodsAndServicesSold": "3011000000", "operatingIncome": "0", "sellingGeneralAndAdministrative": "334000000", "researchAndDevelopment": "1900000000", "operatingExpenses": "0", "investmentIncomeNet": "None", "netInterestIncome": "None", "interestIncome": "None", "interestExpense": "125000000", "nonInterestIncome": "None", "otherNonOperatingIncome": "None", "depreciation": "None", "depreciationAndAmortization": "None", "incomeBeforeTax": "-1903000000", "incomeTaxExpense": "88000000", "interestAndDebtExpense": "None", "netIncomeFromContinuingOperations": "0", "comprehensiveIncomeNetOfTax": "None", "ebit": "0", "ebitda": "None", "netIncome": "-2181000000"}, {"fiscalDateEnding": "2008-09-30", "reportedCurrency": "USD", "grossProfit": "0", "totalRevenue": "4377000000", "costOfRevenue": "3994000000", "costofGoodsAndServicesSold": "3994000000", "operatingIncome": "0", "sellingGeneralAndAdministrative": "359000000", "researchAndDevelopment": "0", "operatingExpenses": "0", "investmentIncomeNet": "None", "netInterestIncome": "None", "interestIncome": "None", "interestExpense": "93000000", "nonInterestIncome": "None", "otherNonOperatingIncome": "None", "depreciation": "None", "depreciationAndAmortization": "None", "incomeBeforeTax": "5153000000", "incomeTaxExpense": "5000000", "interestAndDebtExpense": "None", "netIncomeFromContinuingOperations": "0", "comprehensiveIncomeNetOfTax": "None", "ebit": "0", "ebitda": "None", "netIncome": "5218000000"}, {"fiscalDateEnding": "2008-06-30", "reportedCurrency": "USD", "grossProfit": "0", "totalRevenue": "4846000000", "costOfRevenue": "4413000000", "costofGoodsAndServicesSold": "4413000000", "operatingIncome": "0", "sellingGeneralAndAdministrative": "353000000", "researchAndDevelopment": "0", "operatingExpenses": "0", "investmentIncomeNet": "None", "netInterestIncome": "None", "interestIncome": "None", "interestExpense": "109000000", "nonInterestIncome": "None", "otherNonOperatingIncome": "None", "depreciation": "None", "depreciationAndAmortization": "None", "incomeBeforeTax": "0", "incomeTaxExpense": "-66000000", "interestAndDebtExpense": "None", "netIncomeFromContinuingOperations": "0", "comprehensiveIncomeNetOfTax": "None", "ebit": "0", "ebitda": "None", "netIncome": "0"}, {"fiscalDateEnding": "2008-03-31", "reportedCurrency": "USD", "grossProfit": "0", "totalRevenue": "4777000000", "costOfRevenue": "4405000000", "costofGoodsAndServicesSold": "4405000000", "operatingIncome": "0", "sellingGeneralAndAdministrative": "344000000", "researchAndDevelopment": "0", "operatingExpenses": "0", "investmentIncomeNet": "None", "netInterestIncome": "None", "interestIncome": "None", "interestExpense": "109000000", "nonInterestIncome": "None", "otherNonOperatingIncome": "None", "depreciation": "None", "depreciationAndAmortization": "None", "incomeBeforeTax": "0", "incomeTaxExpense": "66000000", "interestAndDebtExpense": "None", "netIncomeFromContinuingOperations": "0", "comprehensiveIncomeNetOfTax": "None", "ebit": "0", "ebitda": "None", "netIncome": "0"}, {"fiscalDateEnding": "2007-12-31", "reportedCurrency": "USD", "grossProfit": "1119000000", "totalRevenue": "5322000000", "costOfRevenue": "5039000000", "costofGoodsAndServicesSold": "5039000000", "operatingIncome": "0", "sellingGeneralAndAdministrative": "453000000", "researchAndDevelopment": "2000000000", "operatingExpenses": "0", "investmentIncomeNet": "None", "netInterestIncome": "None", "interestIncome": "None", "interestExpense": "141000000", "nonInterestIncome": "None", "otherNonOperatingIncome": "None", "depreciation": "None", "depreciationAndAmortization": "None", "incomeBeforeTax": "0", "incomeTaxExpense": "-15000000", "interestAndDebtExpense": "None", "netIncomeFromContinuingOperations": "0", "comprehensiveIncomeNetOfTax": "None", "ebit": "0", "ebitda": "None", "netIncome": "0"}, {"fiscalDateEnding": "2007-09-30", "reportedCurrency": "USD", "grossProfit": "0", "totalRevenue": "5279000000", "costOfRevenue": "5125000000", "costofGoodsAndServicesSold": "5125000000", "operatingIncome": "0", "sellingGeneralAndAdministrative": "384000000", "researchAndDevelopment": "0", "operatingExpenses": "0", "investmentIncomeNet": "None", "netInterestIncome": "None", "interestIncome": "None", "interestExpense": "454000000", "nonInterestIncome": "None", "otherNonOperatingIncome": "None", "depreciation": "None", "depreciationAndAmortization": "None", "incomeBeforeTax": "0", "incomeTaxExpense": "15000000", "interestAndDebtExpense": "None", "netIncomeFromContinuingOperations": "0", "comprehensiveIncomeNetOfTax": "None", "ebit": "0", "ebitda": "None", "netIncome": "0"}, {"fiscalDateEnding": "2007-06-30", "reportedCurrency": "USD", "grossProfit": "0", "totalRevenue": "6000000000", "costOfRevenue": "5688000000", "costofGoodsAndServicesSold": "5688000000", "operatingIncome": "0", "sellingGeneralAndAdministrative": "394000000", "researchAndDevelopment": "0", "operatingExpenses": "0", "investmentIncomeNet": "None", "netInterestIncome": "None", "interestIncome": "None", "interestExpense": "84000000", "nonInterestIncome": "None", "otherNonOperatingIncome": "None", "depreciation": "None", "depreciationAndAmortization": "None", "incomeBeforeTax": "0", "incomeTaxExpense": "55000000", "interestAndDebtExpense": "None", "netIncomeFromContinuingOperations": "0", "comprehensiveIncomeNetOfTax": "None", "ebit": "0", "ebitda": "None", "netIncome": "0"}, {"fiscalDateEnding": "2007-03-31", "reportedCurrency": "USD", "grossProfit": "0", "totalRevenue": "5682000000", "costOfRevenue": "5312000000", "costofGoodsAndServicesSold": "5312000000", "operatingIncome": "0", "sellingGeneralAndAdministrative": "364000000", "researchAndDevelopment": "0", "operatingExpenses": "0", "investmentIncomeNet": "None", "netInterestIncome": "None", "interestIncome": "None", "interestExpense": "90000000", "nonInterestIncome": "None", "otherNonOperatingIncome": "None", "depreciation": "None", "depreciationAndAmortization": "None", "incomeBeforeTax": "0", "incomeTaxExpense": "46000000", "interestAndDebtExpense": "None", "netIncomeFromContinuingOperations": "0", "comprehensiveIncomeNetOfTax": "None", "ebit": "0", "ebitda": "None", "netIncome": "0"}, {"fiscalDateEnding": "2006-12-31", "reportedCurrency": "USD", "grossProfit": "754000000", "totalRevenue": "6416000000", "costOfRevenue": "6441000000", "costofGoodsAndServicesSold": "6441000000", "operatingIncome": "0", "sellingGeneralAndAdministrative": "430000000", "researchAndDevelopment": "2100000000", "operatingExpenses": "0", "investmentIncomeNet": "None", "netInterestIncome": "None", "interestIncome": "None", "interestExpense": "110000000", "nonInterestIncome": "None", "otherNonOperatingIncome": "None", "depreciation": "None", "depreciationAndAmortization": "None", "incomeBeforeTax": "0", "incomeTaxExpense": "90000000", "interestAndDebtExpense": "None", "netIncomeFromContinuingOperations": "0", "comprehensiveIncomeNetOfTax": "None", "ebit": "0", "ebitda": "None", "netIncome": "0"}, {"fiscalDateEnding": "2006-09-30", "reportedCurrency": "USD", "grossProfit": "0", "totalRevenue": "6008000000", "costOfRevenue": "6095000000", "costofGoodsAndServicesSold": "6095000000", "operatingIncome": "0", "sellingGeneralAndAdministrative": "392000000", "researchAndDevelopment": "0", "operatingExpenses": "0", "investmentIncomeNet": "None", "netInterestIncome": "None", "interestIncome": "None", "interestExpense": "116000000", "nonInterestIncome": "None", "otherNonOperatingIncome": "None", "depreciation": "None", "depreciationAndAmortization": "None", "incomeBeforeTax": "0", "incomeTaxExpense": "46000000", "interestAndDebtExpense": "None", "netIncomeFromContinuingOperations": "0", "comprehensiveIncomeNetOfTax": "None", "ebit": "0", "ebitda": "None", "netIncome": "0"}, {"fiscalDateEnding": "2006-06-30", "reportedCurrency": "USD", "grossProfit": "0", "totalRevenue": "6995000000", "costOfRevenue": "6543000000", "costofGoodsAndServicesSold": "6543000000", "operatingIncome": "0", "sellingGeneralAndAdministrative": "387000000", "researchAndDevelopment": "0", "operatingExpenses": "0", "investmentIncomeNet": "None", "netInterestIncome": "None", "interestIncome": "None", "interestExpense": "104000000", "nonInterestIncome": "None", "otherNonOperatingIncome": "None", "depreciation": "None", "depreciationAndAmortization": "None", "incomeBeforeTax": "0", "incomeTaxExpense": "51000000", "interestAndDebtExpense": "None", "netIncomeFromContinuingOperations": "0", "comprehensiveIncomeNetOfTax": "None", "ebit": "0", "ebitda": "None", "netIncome": "0"}, {"fiscalDateEnding": "2006-03-31", "reportedCurrency": "USD", "grossProfit": "0", "totalRevenue": "6973000000", "costOfRevenue": "6559000000", "costofGoodsAndServicesSold": "6559000000", "operatingIncome": "0", "sellingGeneralAndAdministrative": "376000000", "researchAndDevelopment": "0", "operatingExpenses": "0", "investmentIncomeNet": "None", "netInterestIncome": "None", "interestIncome": "None", "interestExpense": "99000000", "nonInterestIncome": "None", "otherNonOperatingIncome": "None", "depreciation": "None", "depreciationAndAmortization": "None", "incomeBeforeTax": "0", "incomeTaxExpense": "40000000", "interestAndDebtExpense": "None", "netIncomeFromContinuingOperations": "0", "comprehensiveIncomeNetOfTax": "None", "ebit": "0", "ebitda": "None", "netIncome": "0"}, {"fiscalDateEnding": "2005-12-31", "reportedCurrency": "USD", "grossProfit": "1592000000", "totalRevenue": "6779000000", "costOfRevenue": "6136000000", "costofGoodsAndServicesSold": "6136000000", "operatingIncome": "0", "sellingGeneralAndAdministrative": "414000000", "researchAndDevelopment": "2200000000", "operatingExpenses": "0", "investmentIncomeNet": "None", "netInterestIncome": "None", "interestIncome": "None", "interestExpense": "94000000", "nonInterestIncome": "None", "otherNonOperatingIncome": "None", "depreciation": "None", "depreciationAndAmortization": "None", "incomeBeforeTax": "0", "incomeTaxExpense": "-8000000", "interestAndDebtExpense": "None", "netIncomeFromContinuingOperations": "0", "comprehensiveIncomeNetOfTax": "None", "ebit": "0", "ebitda": "None", "netIncome": "0"}, {"fiscalDateEnding": "2005-09-30", "reportedCurrency": "USD", "grossProfit": "0", "totalRevenue": "6283000000", "costOfRevenue": "6204000000", "costofGoodsAndServicesSold": "6204000000", "operatingIncome": "0", "sellingGeneralAndAdministrative": "424000000", "researchAndDevelopment": "0", "operatingExpenses": "0", "investmentIncomeNet": "None", "netInterestIncome": "None", "interestIncome": "None", "interestExpense": "103000000", "nonInterestIncome": "None", "otherNonOperatingIncome": "None", "depreciation": "None", "depreciationAndAmortization": "None", "incomeBeforeTax": "0", "incomeTaxExpense": "8000000", "interestAndDebtExpense": "None", "netIncomeFromContinuingOperations": "0", "comprehensiveIncomeNetOfTax": "None", "ebit": "0", "ebitda": "None", "netIncome": "0"}, {"fiscalDateEnding": "2005-06-30", "reportedCurrency": "USD", "grossProfit": "0", "totalRevenue": "7023000000", "costOfRevenue": "6549000000", "costofGoodsAndServicesSold": "6549000000", "operatingIncome": "0", "sellingGeneralAndAdministrative": "412000000", "researchAndDevelopment": "0", "operatingExpenses": "0", "investmentIncomeNet": "None", "netInterestIncome": "None", "interestIncome": "None", "interestExpense": "67000000", "nonInterestIncome": "None", "otherNonOperatingIncome": "None", "depreciation": "None", "depreciationAndAmortization": "None", "incomeBeforeTax": "0", "incomeTaxExpense": "20000000", "interestAndDebtExpense": "None", "netIncomeFromContinuingOperations": "0", "comprehensiveIncomeNetOfTax": "None", "ebit": "0", "ebitda": "None", "netIncome": "0"}, {"fiscalDateEnding": "2005-03-31", "reportedCurrency": "USD", "grossProfit": "0", "totalRevenue": "6862000000", "costOfRevenue": "6466000000", "costofGoodsAndServicesSold": "6466000000", "operatingIncome": "0", "sellingGeneralAndAdministrative": "394000000", "researchAndDevelopment": "0", "operatingExpenses": "0", "investmentIncomeNet": "None", "netInterestIncome": "None", "interestIncome": "None", "interestExpense": "54000000", "nonInterestIncome": "None", "otherNonOperatingIncome": "None", "depreciation": "None", "depreciationAndAmortization": "None", "incomeBeforeTax": "0", "incomeTaxExpense": "37000000", "interestAndDebtExpense": "None", "netIncomeFromContinuingOperations": "0", "comprehensiveIncomeNetOfTax": "None", "ebit": "0", "ebitda": "None", "netIncome": "0"}, {"fiscalDateEnding": "2004-12-31", "reportedCurrency": "USD", "grossProfit": "2948000000", "totalRevenue": "7033000000", "costOfRevenue": "6521000000", "costofGoodsAndServicesSold": "6521000000", "operatingIncome": "205000000", "sellingGeneralAndAdministrative": "428000000", "researchAndDevelopment": "2100000000", "operatingExpenses": "0", "investmentIncomeNet": "None", "netInterestIncome": "None", "interestIncome": "None", "interestExpense": "57000000", "nonInterestIncome": "None", "otherNonOperatingIncome": "None", "depreciation": "None", "depreciationAndAmortization": "None", "incomeBeforeTax": "0", "incomeTaxExpense": "4071000000", "interestAndDebtExpense": "None", "netIncomeFromContinuingOperations": "0", "comprehensiveIncomeNetOfTax": "None", "ebit": "0", "ebitda": "None", "netIncome": "0"}]}