{"symbol": "APH", "annualReports": [{"fiscalDateEnding": "2024-12-31", "reportedCurrency": "USD", "grossProfit": "5139700000", "totalRevenue": "15222700000", "costOfRevenue": "10083000000", "costofGoodsAndServicesSold": "10083000000", "operatingIncome": "3156900000", "sellingGeneralAndAdministrative": "1855400000", "researchAndDevelopment": "None", "operatingExpenses": "2001000000", "investmentIncomeNet": "None", "netInterestIncome": "-217000000", "interestIncome": "None", "interestExpense": "217000000", "nonInterestIncome": "None", "otherNonOperatingIncome": "None", "depreciation": "None", "depreciationAndAmortization": "572500000", "incomeBeforeTax": "3011900000", "incomeTaxExpense": "570300000", "interestAndDebtExpense": "None", "netIncomeFromContinuingOperations": "2441600000", "comprehensiveIncomeNetOfTax": "None", "ebit": "3302600000", "ebitda": "3875100000", "netIncome": "2424000000"}, {"fiscalDateEnding": "2023-12-31", "reportedCurrency": "USD", "grossProfit": "4084100000", "totalRevenue": "12554700000", "costOfRevenue": "8470600000", "costofGoodsAndServicesSold": "8470600000", "operatingIncome": "2559600000", "sellingGeneralAndAdministrative": "1457600000", "researchAndDevelopment": "342200000", "operatingExpenses": "1489900000", "investmentIncomeNet": "None", "netInterestIncome": "-141600000", "interestIncome": "None", "interestExpense": "139500000", "nonInterestIncome": "None", "otherNonOperatingIncome": "None", "depreciation": "None", "depreciationAndAmortization": "406400000", "incomeBeforeTax": "2454800000", "incomeTaxExpense": "-509300000", "interestAndDebtExpense": "None", "netIncomeFromContinuingOperations": "1937400000", "comprehensiveIncomeNetOfTax": "None", "ebit": "2559600000", "ebitda": "2559600000", "netIncome": "1928000000"}, {"fiscalDateEnding": "2022-12-31", "reportedCurrency": "USD", "grossProfit": "4028200000", "totalRevenue": "12623000000", "costOfRevenue": "8594800000", "costofGoodsAndServicesSold": "8594800000", "operatingIncome": "2585800000", "sellingGeneralAndAdministrative": "1420900000", "researchAndDevelopment": "323600000", "operatingExpenses": "1420900000", "investmentIncomeNet": "None", "netInterestIncome": "-128400000", "interestIncome": "128400000", "interestExpense": "128400000", "nonInterestIncome": "None", "otherNonOperatingIncome": "10000000", "depreciation": "None", "depreciationAndAmortization": "392900000", "incomeBeforeTax": "2467400000", "incomeTaxExpense": "550600000", "interestAndDebtExpense": "None", "netIncomeFromContinuingOperations": "1916800000", "comprehensiveIncomeNetOfTax": "None", "ebit": "2595800000", "ebitda": "2988700000", "netIncome": "1902300000"}, {"fiscalDateEnding": "2021-12-31", "reportedCurrency": "USD", "grossProfit": "3401800000", "totalRevenue": "10876300000", "costOfRevenue": "7474500000", "costofGoodsAndServicesSold": "7474500000", "operatingIncome": "2105100000", "sellingGeneralAndAdministrative": "1226300000", "researchAndDevelopment": "317700000", "operatingExpenses": "1226300000", "investmentIncomeNet": "None", "netInterestIncome": "-115500000", "interestIncome": "115500000", "interestExpense": "115500000", "nonInterestIncome": "None", "otherNonOperatingIncome": "-400000", "depreciation": "None", "depreciationAndAmortization": "395600000", "incomeBeforeTax": "1989200000", "incomeTaxExpense": "409100000", "interestAndDebtExpense": "None", "netIncomeFromContinuingOperations": "1580100000", "comprehensiveIncomeNetOfTax": "None", "ebit": "2104700000", "ebitda": "2500300000", "netIncome": "1590800000"}, {"fiscalDateEnding": "2020-12-31", "reportedCurrency": "USD", "grossProfit": "2664100000", "totalRevenue": "8598900000", "costOfRevenue": "5934800000", "costofGoodsAndServicesSold": "5934800000", "operatingIncome": "1638400000", "sellingGeneralAndAdministrative": "1014200000", "researchAndDevelopment": "260700000", "operatingExpenses": "1014200000", "investmentIncomeNet": "None", "netInterestIncome": "-115400000", "interestIncome": "115400000", "interestExpense": "115400000", "nonInterestIncome": "None", "otherNonOperatingIncome": "3600000", "depreciation": "None", "depreciationAndAmortization": "308100000", "incomeBeforeTax": "1526600000", "incomeTaxExpense": "313300000", "interestAndDebtExpense": "None", "netIncomeFromContinuingOperations": "1213300000", "comprehensiveIncomeNetOfTax": "None", "ebit": "1642000000", "ebitda": "1950100000", "netIncome": "1203400000"}, {"fiscalDateEnding": "2019-12-31", "reportedCurrency": "USD", "grossProfit": "2616000000", "totalRevenue": "8225400000", "costOfRevenue": "5609400000", "costofGoodsAndServicesSold": "5609400000", "operatingIncome": "1619200000", "sellingGeneralAndAdministrative": "971400000", "researchAndDevelopment": "234200000", "operatingExpenses": "971400000", "investmentIncomeNet": "None", "netInterestIncome": "-117600000", "interestIncome": "117600000", "interestExpense": "117600000", "nonInterestIncome": "None", "otherNonOperatingIncome": "-5700000", "depreciation": "None", "depreciationAndAmortization": "312100000", "incomeBeforeTax": "1495900000", "incomeTaxExpense": "331900000", "interestAndDebtExpense": "None", "netIncomeFromContinuingOperations": "1164000000", "comprehensiveIncomeNetOfTax": "None", "ebit": "1613500000", "ebitda": "1925600000", "netIncome": "1155000000"}, {"fiscalDateEnding": "2018-12-31", "reportedCurrency": "USD", "grossProfit": "2654900000", "totalRevenue": "8202000000", "costOfRevenue": "5547100000", "costofGoodsAndServicesSold": "5547100000", "operatingIncome": "1686900000", "sellingGeneralAndAdministrative": "959500000", "researchAndDevelopment": "220900000", "operatingExpenses": "959500000", "investmentIncomeNet": "None", "netInterestIncome": "-101700000", "interestIncome": "101700000", "interestExpense": "101700000", "nonInterestIncome": "None", "otherNonOperatingIncome": "3200000", "depreciation": "None", "depreciationAndAmortization": "299700000", "incomeBeforeTax": "1588400000", "incomeTaxExpense": "371500000", "interestAndDebtExpense": "None", "netIncomeFromContinuingOperations": "1216900000", "comprehensiveIncomeNetOfTax": "None", "ebit": "1690100000", "ebitda": "1989800000", "netIncome": "1205000000"}, {"fiscalDateEnding": "2017-12-31", "reportedCurrency": "USD", "grossProfit": "2309900000", "totalRevenue": "7011300000", "costOfRevenue": "4701400000", "costofGoodsAndServicesSold": "4701400000", "operatingIncome": "1427600000", "sellingGeneralAndAdministrative": "878300000", "researchAndDevelopment": "193700000", "operatingExpenses": "878300000", "investmentIncomeNet": "None", "netInterestIncome": "-72100000", "interestIncome": "20200000", "interestExpense": "92300000", "nonInterestIncome": "None", "otherNonOperatingIncome": "17100000", "depreciation": "None", "depreciationAndAmortization": "226800000", "incomeBeforeTax": "1352400000", "incomeTaxExpense": "691700000", "interestAndDebtExpense": "None", "netIncomeFromContinuingOperations": "660700000", "comprehensiveIncomeNetOfTax": "None", "ebit": "1444700000", "ebitda": "1671500000", "netIncome": "650500000"}, {"fiscalDateEnding": "2016-12-31", "reportedCurrency": "USD", "grossProfit": "2040000000", "totalRevenue": "6286400000", "costOfRevenue": "4246400000", "costofGoodsAndServicesSold": "4246400000", "operatingIncome": "1205200000", "sellingGeneralAndAdministrative": "798200000", "researchAndDevelopment": "166100000", "operatingExpenses": "798200000", "investmentIncomeNet": "None", "netInterestIncome": "-61100000", "interestIncome": "11500000", "interestExpense": "72600000", "nonInterestIncome": "None", "otherNonOperatingIncome": "8500000", "depreciation": "None", "depreciationAndAmortization": "217000000", "incomeBeforeTax": "1141100000", "incomeTaxExpense": "308500000", "interestAndDebtExpense": "None", "netIncomeFromContinuingOperations": "832600000", "comprehensiveIncomeNetOfTax": "None", "ebit": "1213700000", "ebitda": "1430700000", "netIncome": "822900000"}, {"fiscalDateEnding": "2015-12-31", "reportedCurrency": "USD", "grossProfit": "1779500000", "totalRevenue": "5568700000", "costOfRevenue": "3789200000", "costofGoodsAndServicesSold": "3789200000", "operatingIncome": "1104700000", "sellingGeneralAndAdministrative": "669100000", "researchAndDevelopment": "124700000", "operatingExpenses": "669100000", "investmentIncomeNet": "None", "netInterestIncome": "None", "interestIncome": "49900000", "interestExpense": "68300000", "nonInterestIncome": "None", "otherNonOperatingIncome": "16400000", "depreciation": "None", "depreciationAndAmortization": "171600000", "incomeBeforeTax": "1052800000", "incomeTaxExpense": "280500000", "interestAndDebtExpense": "None", "netIncomeFromContinuingOperations": "772300000", "comprehensiveIncomeNetOfTax": "None", "ebit": "1121100000", "ebitda": "1292700000", "netIncome": "763500000"}, {"fiscalDateEnding": "2014-12-31", "reportedCurrency": "USD", "grossProfit": "1693800000", "totalRevenue": "5345500000", "costOfRevenue": "3651700000", "costofGoodsAndServicesSold": "3651700000", "operatingIncome": "1034600000", "sellingGeneralAndAdministrative": "645100000", "researchAndDevelopment": "114800000", "operatingExpenses": "645100000", "investmentIncomeNet": "None", "netInterestIncome": "None", "interestIncome": "None", "interestExpense": "80400000", "nonInterestIncome": "None", "otherNonOperatingIncome": "18300000", "depreciation": "None", "depreciationAndAmortization": "168100000", "incomeBeforeTax": "972500000", "incomeTaxExpense": "257300000", "interestAndDebtExpense": "None", "netIncomeFromContinuingOperations": "715200000", "comprehensiveIncomeNetOfTax": "None", "ebit": "1052900000", "ebitda": "1221000000", "netIncome": "709100000"}, {"fiscalDateEnding": "2013-12-31", "reportedCurrency": "USD", "grossProfit": "1450834000", "totalRevenue": "4614669000", "costOfRevenue": "3163835000", "costofGoodsAndServicesSold": "3163835000", "operatingIncome": "896813000", "sellingGeneralAndAdministrative": "548038000", "researchAndDevelopment": "103400000", "operatingExpenses": "548038000", "investmentIncomeNet": "None", "netInterestIncome": "None", "interestIncome": "None", "interestExpense": "63600000", "nonInterestIncome": "None", "otherNonOperatingIncome": "13385000", "depreciation": "None", "depreciationAndAmortization": "136482000", "incomeBeforeTax": "846645000", "incomeTaxExpense": "207896000", "interestAndDebtExpense": "None", "netIncomeFromContinuingOperations": "638749000", "comprehensiveIncomeNetOfTax": "None", "ebit": "910198000", "ebitda": "1046680000", "netIncome": "635672000"}, {"fiscalDateEnding": "2012-12-31", "reportedCurrency": "USD", "grossProfit": "1343212000", "totalRevenue": "4292065000", "costOfRevenue": "2948853000", "costofGoodsAndServicesSold": "2948853000", "operatingIncome": "828345000", "sellingGeneralAndAdministrative": "512867000", "researchAndDevelopment": "92500000", "operatingExpenses": "512867000", "investmentIncomeNet": "None", "netInterestIncome": "None", "interestIncome": "None", "interestExpense": "59600000", "nonInterestIncome": "None", "otherNonOperatingIncome": "10109000", "depreciation": "None", "depreciationAndAmortization": "121779000", "incomeBeforeTax": "778841000", "incomeTaxExpense": "219333000", "interestAndDebtExpense": "None", "netIncomeFromContinuingOperations": "559508000", "comprehensiveIncomeNetOfTax": "None", "ebit": "838454000", "ebitda": "960233000", "netIncome": "555317000"}, {"fiscalDateEnding": "2011-12-31", "reportedCurrency": "USD", "grossProfit": "1243660000", "totalRevenue": "3939786000", "costOfRevenue": "2696126000", "costofGoodsAndServicesSold": "2696126000", "operatingIncome": "751678000", "sellingGeneralAndAdministrative": "507795000", "researchAndDevelopment": "88877000", "operatingExpenses": "507795000", "investmentIncomeNet": "None", "netInterestIncome": "None", "interestIncome": "None", "interestExpense": "43029000", "nonInterestIncome": "None", "otherNonOperatingIncome": "8103000", "depreciation": "None", "depreciationAndAmortization": "119439000", "incomeBeforeTax": "716752000", "incomeTaxExpense": "187910000", "interestAndDebtExpense": "None", "netIncomeFromContinuingOperations": "528842000", "comprehensiveIncomeNetOfTax": "None", "ebit": "759781000", "ebitda": "879220000", "netIncome": "524191000"}, {"fiscalDateEnding": "2010-12-31", "reportedCurrency": "USD", "grossProfit": "1158228000", "totalRevenue": "3554101000", "costOfRevenue": "2395873000", "costofGoodsAndServicesSold": "2395873000", "operatingIncome": "700357000", "sellingGeneralAndAdministrative": "457871000", "researchAndDevelopment": "77570000", "operatingExpenses": "457871000", "investmentIncomeNet": "None", "netInterestIncome": "None", "interestIncome": "None", "interestExpense": "40741000", "nonInterestIncome": "None", "otherNonOperatingIncome": "4072000", "depreciation": "None", "depreciationAndAmortization": "102846000", "incomeBeforeTax": "663688000", "incomeTaxExpense": "161275000", "interestAndDebtExpense": "None", "netIncomeFromContinuingOperations": "502413000", "comprehensiveIncomeNetOfTax": "None", "ebit": "708129000", "ebitda": "810975000", "netIncome": "496405000"}, {"fiscalDateEnding": "2009-12-31", "reportedCurrency": "USD", "grossProfit": "886554000", "totalRevenue": "2820065000", "costOfRevenue": "1933511000", "costofGoodsAndServicesSold": "1933511000", "operatingIncome": "488913000", "sellingGeneralAndAdministrative": "397641000", "researchAndDevelopment": "63978000", "operatingExpenses": "397641000", "investmentIncomeNet": "None", "netInterestIncome": "None", "interestIncome": "None", "interestExpense": "36586000", "nonInterestIncome": "None", "otherNonOperatingIncome": "-5800000", "depreciation": "None", "depreciationAndAmortization": "98524000", "incomeBeforeTax": "446527000", "incomeTaxExpense": "119311000", "interestAndDebtExpense": "None", "netIncomeFromContinuingOperations": "327216000", "comprehensiveIncomeNetOfTax": "None", "ebit": "483113000", "ebitda": "581637000", "netIncome": "317834000"}, {"fiscalDateEnding": "2008-12-31", "reportedCurrency": "USD", "grossProfit": "1049153000", "totalRevenue": "3236471000", "costOfRevenue": "2187318000", "costofGoodsAndServicesSold": "2187318000", "operatingIncome": "632239000", "sellingGeneralAndAdministrative": "416914000", "researchAndDevelopment": "68058000", "operatingExpenses": "416914000", "investmentIncomeNet": "None", "netInterestIncome": "None", "interestIncome": "None", "interestExpense": "39627000", "nonInterestIncome": "None", "otherNonOperatingIncome": "None", "depreciation": "None", "depreciationAndAmortization": "91302000", "incomeBeforeTax": "582154000", "incomeTaxExpense": "163003000", "interestAndDebtExpense": "None", "netIncomeFromContinuingOperations": "None", "comprehensiveIncomeNetOfTax": "None", "ebit": "632207000", "ebitda": "723509000", "netIncome": "419151000"}, {"fiscalDateEnding": "2007-12-31", "reportedCurrency": "USD", "grossProfit": "930141000", "totalRevenue": "2851041000", "costOfRevenue": "1920900000", "costofGoodsAndServicesSold": "1920900000", "operatingIncome": "552858000", "sellingGeneralAndAdministrative": "377283000", "researchAndDevelopment": "62397000", "operatingExpenses": "377283000", "investmentIncomeNet": "None", "netInterestIncome": "None", "interestIncome": "None", "interestExpense": "36876000", "nonInterestIncome": "None", "otherNonOperatingIncome": "None", "depreciation": "None", "depreciationAndAmortization": "82348000", "incomeBeforeTax": "500984000", "incomeTaxExpense": "147790000", "interestAndDebtExpense": "None", "netIncomeFromContinuingOperations": "None", "comprehensiveIncomeNetOfTax": "None", "ebit": "567856000", "ebitda": "650204000", "netIncome": "353194000"}, {"fiscalDateEnding": "2006-12-31", "reportedCurrency": "USD", "grossProfit": "788180000", "totalRevenue": "2471430000", "costOfRevenue": "1683250000", "costofGoodsAndServicesSold": "1683250000", "operatingIncome": "424592000", "sellingGeneralAndAdministrative": "342841000", "researchAndDevelopment": "53730000", "operatingExpenses": "363588000", "investmentIncomeNet": "None", "netInterestIncome": "None", "interestIncome": "None", "interestExpense": "38799000", "nonInterestIncome": "None", "otherNonOperatingIncome": "None", "depreciation": "None", "depreciationAndAmortization": "73124000", "incomeBeforeTax": "373272000", "incomeTaxExpense": "117581000", "interestAndDebtExpense": "None", "netIncomeFromContinuingOperations": "None", "comprehensiveIncomeNetOfTax": "None", "ebit": "351468000", "ebitda": "424592000", "netIncome": "255691000"}, {"fiscalDateEnding": "2005-12-31", "reportedCurrency": "USD", "grossProfit": "646143000", "totalRevenue": "1808147000", "costOfRevenue": "1162004000", "costofGoodsAndServicesSold": "1162004000", "operatingIncome": "343327000", "sellingGeneralAndAdministrative": "252150000", "researchAndDevelopment": "37510000", "operatingExpenses": "302816000", "investmentIncomeNet": "None", "netInterestIncome": "None", "interestIncome": "None", "interestExpense": "24090000", "nonInterestIncome": "None", "otherNonOperatingIncome": "None", "depreciation": "None", "depreciationAndAmortization": "51642000", "incomeBeforeTax": "307968000", "incomeTaxExpense": "101629000", "interestAndDebtExpense": "None", "netIncomeFromContinuingOperations": "None", "comprehensiveIncomeNetOfTax": "None", "ebit": "343327000", "ebitda": "394969000", "netIncome": "206339000"}], "quarterlyReports": [{"fiscalDateEnding": "2024-12-31", "reportedCurrency": "USD", "grossProfit": "1480700000", "totalRevenue": "4317800000", "costOfRevenue": "2837100000", "costofGoodsAndServicesSold": "2837100000", "operatingIncome": "953700000", "sellingGeneralAndAdministrative": "515000000", "researchAndDevelopment": "None", "operatingExpenses": "527000000", "investmentIncomeNet": "None", "netInterestIncome": "-66900000", "interestIncome": "None", "interestExpense": "66900000", "nonInterestIncome": "None", "otherNonOperatingIncome": "None", "depreciation": "None", "depreciationAndAmortization": "143800000", "incomeBeforeTax": "910300000", "incomeTaxExpense": "158300000", "interestAndDebtExpense": "None", "netIncomeFromContinuingOperations": "752000000", "comprehensiveIncomeNetOfTax": "None", "ebit": "965800000", "ebitda": "1109600000", "netIncome": "746200000"}, {"fiscalDateEnding": "2024-09-30", "reportedCurrency": "USD", "grossProfit": "1356900000", "totalRevenue": "4038800000", "costOfRevenue": "2681900000", "costofGoodsAndServicesSold": "2681900000", "operatingIncome": "819500000", "sellingGeneralAndAdministrative": "492000000", "researchAndDevelopment": "None", "operatingExpenses": "492000000", "investmentIncomeNet": "None", "netInterestIncome": "-55700000", "interestIncome": "None", "interestExpense": "55700000", "nonInterestIncome": "None", "otherNonOperatingIncome": "None", "depreciation": "None", "depreciationAndAmortization": "201200000", "incomeBeforeTax": "775000000", "incomeTaxExpense": "166100000", "interestAndDebtExpense": "None", "netIncomeFromContinuingOperations": "608900000", "comprehensiveIncomeNetOfTax": "None", "ebit": "830700000", "ebitda": "1031900000", "netIncome": "604400000"}, {"fiscalDateEnding": "2024-06-30", "reportedCurrency": "USD", "grossProfit": "1213100000", "totalRevenue": "3609700000", "costOfRevenue": "2396600000", "costofGoodsAndServicesSold": "2396600000", "operatingIncome": "768800000", "sellingGeneralAndAdministrative": "444300000", "researchAndDevelopment": "None", "operatingExpenses": "444300000", "investmentIncomeNet": "None", "netInterestIncome": "-56300000", "interestIncome": "None", "interestExpense": "56300000", "nonInterestIncome": "None", "otherNonOperatingIncome": "None", "depreciation": "None", "depreciationAndAmortization": "123600000", "incomeBeforeTax": "663800000", "incomeTaxExpense": "135100000", "interestAndDebtExpense": "None", "netIncomeFromContinuingOperations": "528700000", "comprehensiveIncomeNetOfTax": "None", "ebit": "720100000", "ebitda": "843700000", "netIncome": "524800000"}, {"fiscalDateEnding": "2024-03-31", "reportedCurrency": "USD", "grossProfit": "1089000000", "totalRevenue": "3256300000", "costOfRevenue": "2167300000", "costofGoodsAndServicesSold": "2167300000", "operatingIncome": "684800000", "sellingGeneralAndAdministrative": "404200000", "researchAndDevelopment": "None", "operatingExpenses": "404200000", "investmentIncomeNet": "None", "netInterestIncome": "-38100000", "interestIncome": "None", "interestExpense": "38100000", "nonInterestIncome": "None", "otherNonOperatingIncome": "None", "depreciation": "None", "depreciationAndAmortization": "103800000", "incomeBeforeTax": "662700000", "incomeTaxExpense": "110700000", "interestAndDebtExpense": "None", "netIncomeFromContinuingOperations": "552000000", "comprehensiveIncomeNetOfTax": "None", "ebit": "700800000", "ebitda": "804600000", "netIncome": "548700000"}, {"fiscalDateEnding": "2023-12-31", "reportedCurrency": "USD", "grossProfit": "1100400000", "totalRevenue": "3327500000", "costOfRevenue": "2227100000", "costofGoodsAndServicesSold": "2227100000", "operatingIncome": "690000000", "sellingGeneralAndAdministrative": "394200000", "researchAndDevelopment": "342200000", "operatingExpenses": "394200000", "investmentIncomeNet": "None", "netInterestIncome": "-35000000", "interestIncome": "None", "interestExpense": "35000000", "nonInterestIncome": "None", "otherNonOperatingIncome": "None", "depreciation": "None", "depreciationAndAmortization": "115000000", "incomeBeforeTax": "665400000", "incomeTaxExpense": "146300000", "interestAndDebtExpense": "None", "netIncomeFromContinuingOperations": "519100000", "comprehensiveIncomeNetOfTax": "None", "ebit": "700500000", "ebitda": "815500000", "netIncome": "514400000"}, {"fiscalDateEnding": "2023-09-30", "reportedCurrency": "USD", "grossProfit": "1048500000", "totalRevenue": "3199200000", "costOfRevenue": "2150700000", "costofGoodsAndServicesSold": "2150700000", "operatingIncome": "657900000", "sellingGeneralAndAdministrative": "381600000", "researchAndDevelopment": "None", "operatingExpenses": "381600000", "investmentIncomeNet": "None", "netInterestIncome": "-33600000", "interestIncome": "33600000", "interestExpense": "33600000", "nonInterestIncome": "None", "otherNonOperatingIncome": "None", "depreciation": "None", "depreciationAndAmortization": "101000000", "incomeBeforeTax": "633500000", "incomeTaxExpense": "115200000", "interestAndDebtExpense": "None", "netIncomeFromContinuingOperations": "518300000", "comprehensiveIncomeNetOfTax": "None", "ebit": "667100000", "ebitda": "768100000", "netIncome": "513900000"}, {"fiscalDateEnding": "2023-06-30", "reportedCurrency": "USD", "grossProfit": "991700000", "totalRevenue": "3053900000", "costOfRevenue": "2062200000", "costofGoodsAndServicesSold": "2062200000", "operatingIncome": "619900000", "sellingGeneralAndAdministrative": "367800000", "researchAndDevelopment": "None", "operatingExpenses": "367800000", "investmentIncomeNet": "None", "netInterestIncome": "-35000000", "interestIncome": "35000000", "interestExpense": "35000000", "nonInterestIncome": "None", "otherNonOperatingIncome": "11000000", "depreciation": "None", "depreciationAndAmortization": "94100000", "incomeBeforeTax": "595900000", "incomeTaxExpense": "130600000", "interestAndDebtExpense": "None", "netIncomeFromContinuingOperations": "465300000", "comprehensiveIncomeNetOfTax": "None", "ebit": "630900000", "ebitda": "725000000", "netIncome": "460500000"}, {"fiscalDateEnding": "2023-03-31", "reportedCurrency": "USD", "grossProfit": "943400000", "totalRevenue": "2974000000", "costOfRevenue": "2030600000", "costofGoodsAndServicesSold": "2030600000", "operatingIncome": "591700000", "sellingGeneralAndAdministrative": "346300000", "researchAndDevelopment": "None", "operatingExpenses": "346300000", "investmentIncomeNet": "None", "netInterestIncome": "-35900000", "interestIncome": "35900000", "interestExpense": "35900000", "nonInterestIncome": "None", "otherNonOperatingIncome": "4100000", "depreciation": "None", "depreciationAndAmortization": "96300000", "incomeBeforeTax": "559900000", "incomeTaxExpense": "117200000", "interestAndDebtExpense": "None", "netIncomeFromContinuingOperations": "442700000", "comprehensiveIncomeNetOfTax": "None", "ebit": "595800000", "ebitda": "692100000", "netIncome": "439200000"}, {"fiscalDateEnding": "2022-12-31", "reportedCurrency": "USD", "grossProfit": "1037500000", "totalRevenue": "3239200000", "costOfRevenue": "2201700000", "costofGoodsAndServicesSold": "2201700000", "operatingIncome": "666200000", "sellingGeneralAndAdministrative": "361800000", "researchAndDevelopment": "323600000", "operatingExpenses": "361800000", "investmentIncomeNet": "None", "netInterestIncome": "-37100000", "interestIncome": "37100000", "interestExpense": "37100000", "nonInterestIncome": "None", "otherNonOperatingIncome": "3400000", "depreciation": "None", "depreciationAndAmortization": "108300000", "incomeBeforeTax": "632500000", "incomeTaxExpense": "121500000", "interestAndDebtExpense": "None", "netIncomeFromContinuingOperations": "511000000", "comprehensiveIncomeNetOfTax": "None", "ebit": "669600000", "ebitda": "777900000", "netIncome": "507500000"}, {"fiscalDateEnding": "2022-09-30", "reportedCurrency": "USD", "grossProfit": "1060000000", "totalRevenue": "3295200000", "costOfRevenue": "2235200000", "costofGoodsAndServicesSold": "2235200000", "operatingIncome": "681100000", "sellingGeneralAndAdministrative": "366900000", "researchAndDevelopment": "None", "operatingExpenses": "366900000", "investmentIncomeNet": "None", "netInterestIncome": "-32800000", "interestIncome": "32800000", "interestExpense": "32800000", "nonInterestIncome": "None", "otherNonOperatingIncome": "2600000", "depreciation": "None", "depreciationAndAmortization": "102700000", "incomeBeforeTax": "650900000", "incomeTaxExpense": "150400000", "interestAndDebtExpense": "None", "netIncomeFromContinuingOperations": "500500000", "comprehensiveIncomeNetOfTax": "None", "ebit": "683700000", "ebitda": "786400000", "netIncome": "496600000"}, {"fiscalDateEnding": "2022-06-30", "reportedCurrency": "USD", "grossProfit": "1004200000", "totalRevenue": "3136800000", "costOfRevenue": "2132600000", "costofGoodsAndServicesSold": "2132600000", "operatingIncome": "648800000", "sellingGeneralAndAdministrative": "355400000", "researchAndDevelopment": "None", "operatingExpenses": "355400000", "investmentIncomeNet": "None", "netInterestIncome": "-30500000", "interestIncome": "30500000", "interestExpense": "30500000", "nonInterestIncome": "None", "otherNonOperatingIncome": "2300000", "depreciation": "None", "depreciationAndAmortization": "90800000", "incomeBeforeTax": "620600000", "incomeTaxExpense": "144500000", "interestAndDebtExpense": "None", "netIncomeFromContinuingOperations": "476100000", "comprehensiveIncomeNetOfTax": "None", "ebit": "651100000", "ebitda": "741900000", "netIncome": "472500000"}, {"fiscalDateEnding": "2022-03-31", "reportedCurrency": "USD", "grossProfit": "926600000", "totalRevenue": "2951900000", "costOfRevenue": "2025300000", "costofGoodsAndServicesSold": "2025300000", "operatingIncome": "589800000", "sellingGeneralAndAdministrative": "336800000", "researchAndDevelopment": "None", "operatingExpenses": "336800000", "investmentIncomeNet": "None", "netInterestIncome": "-28100000", "interestIncome": "28100000", "interestExpense": "28100000", "nonInterestIncome": "None", "otherNonOperatingIncome": "1700000", "depreciation": "None", "depreciationAndAmortization": "91100000", "incomeBeforeTax": "563400000", "incomeTaxExpense": "134200000", "interestAndDebtExpense": "None", "netIncomeFromContinuingOperations": "429200000", "comprehensiveIncomeNetOfTax": "None", "ebit": "591500000", "ebitda": "682600000", "netIncome": "425700000"}, {"fiscalDateEnding": "2021-12-31", "reportedCurrency": "USD", "grossProfit": "941200000", "totalRevenue": "3026800000", "costOfRevenue": "2085600000", "costofGoodsAndServicesSold": "2085600000", "operatingIncome": "592900000", "sellingGeneralAndAdministrative": "333300000", "researchAndDevelopment": "317700000", "operatingExpenses": "333300000", "investmentIncomeNet": "None", "netInterestIncome": "-28800000", "interestIncome": "28800000", "interestExpense": "28800000", "nonInterestIncome": "None", "otherNonOperatingIncome": "-100000", "depreciation": "None", "depreciationAndAmortization": "121100000", "incomeBeforeTax": "564000000", "incomeTaxExpense": "106300000", "interestAndDebtExpense": "None", "netIncomeFromContinuingOperations": "457700000", "comprehensiveIncomeNetOfTax": "None", "ebit": "592800000", "ebitda": "713900000", "netIncome": "465000000"}, {"fiscalDateEnding": "2021-09-30", "reportedCurrency": "USD", "grossProfit": "889900000", "totalRevenue": "2818500000", "costOfRevenue": "1928600000", "costofGoodsAndServicesSold": "1928600000", "operatingIncome": "571200000", "sellingGeneralAndAdministrative": "318700000", "researchAndDevelopment": "None", "operatingExpenses": "318700000", "investmentIncomeNet": "None", "netInterestIncome": "-29000000", "interestIncome": "29000000", "interestExpense": "29000000", "nonInterestIncome": "None", "otherNonOperatingIncome": "None", "depreciation": "None", "depreciationAndAmortization": "95200000", "incomeBeforeTax": "542200000", "incomeTaxExpense": "120500000", "interestAndDebtExpense": "None", "netIncomeFromContinuingOperations": "421700000", "comprehensiveIncomeNetOfTax": "None", "ebit": "571200000", "ebitda": "666400000", "netIncome": "426500000"}, {"fiscalDateEnding": "2021-06-30", "reportedCurrency": "USD", "grossProfit": "843200000", "totalRevenue": "2653900000", "costOfRevenue": "1810700000", "costofGoodsAndServicesSold": "1810700000", "operatingIncome": "476200000", "sellingGeneralAndAdministrative": "311600000", "researchAndDevelopment": "None", "operatingExpenses": "311600000", "investmentIncomeNet": "None", "netInterestIncome": "-29100000", "interestIncome": "29100000", "interestExpense": "29100000", "nonInterestIncome": "None", "otherNonOperatingIncome": "None", "depreciation": "None", "depreciationAndAmortization": "102600000", "incomeBeforeTax": "447100000", "incomeTaxExpense": "78100000", "interestAndDebtExpense": "None", "netIncomeFromContinuingOperations": "369000000", "comprehensiveIncomeNetOfTax": "None", "ebit": "531600000", "ebitda": "634200000", "netIncome": "369800000"}, {"fiscalDateEnding": "2021-03-31", "reportedCurrency": "USD", "grossProfit": "727500000", "totalRevenue": "2377100000", "costOfRevenue": "1649600000", "costofGoodsAndServicesSold": "1649600000", "operatingIncome": "464800000", "sellingGeneralAndAdministrative": "262700000", "researchAndDevelopment": "None", "operatingExpenses": "262700000", "investmentIncomeNet": "None", "netInterestIncome": "-28600000", "interestIncome": "28600000", "interestExpense": "28600000", "nonInterestIncome": "None", "otherNonOperatingIncome": "-300000", "depreciation": "None", "depreciationAndAmortization": "76700000", "incomeBeforeTax": "435900000", "incomeTaxExpense": "104100000", "interestAndDebtExpense": "None", "netIncomeFromContinuingOperations": "331800000", "comprehensiveIncomeNetOfTax": "None", "ebit": "464500000", "ebitda": "541200000", "netIncome": "329600000"}, {"fiscalDateEnding": "2020-12-31", "reportedCurrency": "USD", "grossProfit": "765600000", "totalRevenue": "2426000000", "costOfRevenue": "1660400000", "costofGoodsAndServicesSold": "1660400000", "operatingIncome": "488400000", "sellingGeneralAndAdministrative": "242900000", "researchAndDevelopment": "260700000", "operatingExpenses": "265700000", "investmentIncomeNet": "None", "netInterestIncome": "-28300000", "interestIncome": "28300000", "interestExpense": "28300000", "nonInterestIncome": "None", "otherNonOperatingIncome": "200000", "depreciation": "None", "depreciationAndAmortization": "90100000", "incomeBeforeTax": "460200000", "incomeTaxExpense": "100000000", "interestAndDebtExpense": "None", "netIncomeFromContinuingOperations": "360100000", "comprehensiveIncomeNetOfTax": "None", "ebit": "488500000", "ebitda": "578600000", "netIncome": "357000000"}, {"fiscalDateEnding": "2020-09-30", "reportedCurrency": "USD", "grossProfit": "734900000", "totalRevenue": "2323400000", "costOfRevenue": "1588500000", "costofGoodsAndServicesSold": "1588500000", "operatingIncome": "475800000", "sellingGeneralAndAdministrative": "259100000", "researchAndDevelopment": "None", "operatingExpenses": "259100000", "investmentIncomeNet": "None", "netInterestIncome": "-28000000", "interestIncome": "28000000", "interestExpense": "28000000", "nonInterestIncome": "None", "otherNonOperatingIncome": "1000000", "depreciation": "None", "depreciationAndAmortization": "74400000", "incomeBeforeTax": "448800000", "incomeTaxExpense": "99300000", "interestAndDebtExpense": "None", "netIncomeFromContinuingOperations": "349500000", "comprehensiveIncomeNetOfTax": "None", "ebit": "476800000", "ebitda": "551200000", "netIncome": "346600000"}, {"fiscalDateEnding": "2020-06-30", "reportedCurrency": "USD", "grossProfit": "603800000", "totalRevenue": "1987500000", "costOfRevenue": "1383700000", "costofGoodsAndServicesSold": "1383700000", "operatingIncome": "357400000", "sellingGeneralAndAdministrative": "246400000", "researchAndDevelopment": "None", "operatingExpenses": "246400000", "investmentIncomeNet": "None", "netInterestIncome": "-30200000", "interestIncome": "30200000", "interestExpense": "30200000", "nonInterestIncome": "None", "otherNonOperatingIncome": "1300000", "depreciation": "None", "depreciationAndAmortization": "71500000", "incomeBeforeTax": "328500000", "incomeTaxExpense": "68000000", "interestAndDebtExpense": "None", "netIncomeFromContinuingOperations": "260500000", "comprehensiveIncomeNetOfTax": "None", "ebit": "358700000", "ebitda": "430200000", "netIncome": "257700000"}, {"fiscalDateEnding": "2020-03-31", "reportedCurrency": "USD", "grossProfit": "559800000", "totalRevenue": "1862000000", "costOfRevenue": "1302200000", "costofGoodsAndServicesSold": "1302200000", "operatingIncome": "316900000", "sellingGeneralAndAdministrative": "242900000", "researchAndDevelopment": "None", "operatingExpenses": "242900000", "investmentIncomeNet": "None", "netInterestIncome": "-28800000", "interestIncome": "28800000", "interestExpense": "28800000", "nonInterestIncome": "None", "otherNonOperatingIncome": "1100000", "depreciation": "None", "depreciationAndAmortization": "72100000", "incomeBeforeTax": "289200000", "incomeTaxExpense": "46000000", "interestAndDebtExpense": "None", "netIncomeFromContinuingOperations": "243200000", "comprehensiveIncomeNetOfTax": "None", "ebit": "318000000", "ebitda": "390100000", "netIncome": "242100000"}, {"fiscalDateEnding": "2019-12-31", "reportedCurrency": "USD", "grossProfit": "678700000", "totalRevenue": "2151000000", "costOfRevenue": "1472300000", "costofGoodsAndServicesSold": "1472300000", "operatingIncome": "429800000", "sellingGeneralAndAdministrative": "248900000", "researchAndDevelopment": "234200000", "operatingExpenses": "248900000", "investmentIncomeNet": "None", "netInterestIncome": "-28100000", "interestIncome": "28100000", "interestExpense": "28100000", "nonInterestIncome": "None", "otherNonOperatingIncome": "1000000", "depreciation": "None", "depreciationAndAmortization": "76700000", "incomeBeforeTax": "402600000", "incomeTaxExpense": "81800000", "interestAndDebtExpense": "None", "netIncomeFromContinuingOperations": "320900000", "comprehensiveIncomeNetOfTax": "None", "ebit": "430700000", "ebitda": "507400000", "netIncome": "318700000"}, {"fiscalDateEnding": "2019-09-30", "reportedCurrency": "USD", "grossProfit": "661900000", "totalRevenue": "2100600000", "costOfRevenue": "1438700000", "costofGoodsAndServicesSold": "1438700000", "operatingIncome": "413600000", "sellingGeneralAndAdministrative": "248300000", "researchAndDevelopment": "234200000", "operatingExpenses": "248300000", "investmentIncomeNet": "None", "netInterestIncome": "-29700000", "interestIncome": "29700000", "interestExpense": "29700000", "nonInterestIncome": "None", "otherNonOperatingIncome": "-9800000", "depreciation": "None", "depreciationAndAmortization": "72000000", "incomeBeforeTax": "374100000", "incomeTaxExpense": "91800000", "interestAndDebtExpense": "None", "netIncomeFromContinuingOperations": "282300000", "comprehensiveIncomeNetOfTax": "None", "ebit": "403800000", "ebitda": "475800000", "netIncome": "280300000"}, {"fiscalDateEnding": "2019-06-30", "reportedCurrency": "USD", "grossProfit": "647600000", "totalRevenue": "2015300000", "costOfRevenue": "1367700000", "costofGoodsAndServicesSold": "1367700000", "operatingIncome": "399500000", "sellingGeneralAndAdministrative": "239200000", "researchAndDevelopment": "234200000", "operatingExpenses": "239200000", "investmentIncomeNet": "None", "netInterestIncome": "-30000000", "interestIncome": "30000000", "interestExpense": "30000000", "nonInterestIncome": "None", "otherNonOperatingIncome": "100000", "depreciation": "None", "depreciationAndAmortization": "77800000", "incomeBeforeTax": "369600000", "incomeTaxExpense": "78700000", "interestAndDebtExpense": "None", "netIncomeFromContinuingOperations": "290900000", "comprehensiveIncomeNetOfTax": "None", "ebit": "399600000", "ebitda": "477400000", "netIncome": "288400000"}, {"fiscalDateEnding": "2019-03-31", "reportedCurrency": "USD", "grossProfit": "627800000", "totalRevenue": "1958500000", "costOfRevenue": "1330700000", "costofGoodsAndServicesSold": "1330700000", "operatingIncome": "376200000", "sellingGeneralAndAdministrative": "235100000", "researchAndDevelopment": "234200000", "operatingExpenses": "235100000", "investmentIncomeNet": "None", "netInterestIncome": "-29700000", "interestIncome": "None", "interestExpense": "29700000", "nonInterestIncome": "None", "otherNonOperatingIncome": "3000000", "depreciation": "None", "depreciationAndAmortization": "85600000", "incomeBeforeTax": "349500000", "incomeTaxExpense": "79600000", "interestAndDebtExpense": "None", "netIncomeFromContinuingOperations": "269900000", "comprehensiveIncomeNetOfTax": "None", "ebit": "379200000", "ebitda": "464800000", "netIncome": "267500000"}, {"fiscalDateEnding": "2018-12-31", "reportedCurrency": "USD", "grossProfit": "715000000", "totalRevenue": "2224700000", "costOfRevenue": "1509700000", "costofGoodsAndServicesSold": "1509700000", "operatingIncome": "457600000", "sellingGeneralAndAdministrative": "248900000", "researchAndDevelopment": "220900000", "operatingExpenses": "248900000", "investmentIncomeNet": "None", "netInterestIncome": "None", "interestIncome": "None", "interestExpense": "26400000", "nonInterestIncome": "None", "otherNonOperatingIncome": "600000", "depreciation": "None", "depreciationAndAmortization": "105200000", "incomeBeforeTax": "431900000", "incomeTaxExpense": "90700000", "interestAndDebtExpense": "None", "netIncomeFromContinuingOperations": "341200000", "comprehensiveIncomeNetOfTax": "None", "ebit": "458300000", "ebitda": "563500000", "netIncome": "338100000"}, {"fiscalDateEnding": "2018-09-30", "reportedCurrency": "USD", "grossProfit": "688200000", "totalRevenue": "2129000000", "costOfRevenue": "1440800000", "costofGoodsAndServicesSold": "1440800000", "operatingIncome": "444200000", "sellingGeneralAndAdministrative": "244000000", "researchAndDevelopment": "220900000", "operatingExpenses": "244000000", "investmentIncomeNet": "None", "netInterestIncome": "None", "interestIncome": "None", "interestExpense": "24800000", "nonInterestIncome": "None", "otherNonOperatingIncome": "200000", "depreciation": "None", "depreciationAndAmortization": "72300000", "incomeBeforeTax": "419600000", "incomeTaxExpense": "100000000", "interestAndDebtExpense": "None", "netIncomeFromContinuingOperations": "319600000", "comprehensiveIncomeNetOfTax": "None", "ebit": "444400000", "ebitda": "516700000", "netIncome": "316600000"}, {"fiscalDateEnding": "2018-06-30", "reportedCurrency": "USD", "grossProfit": "644800000", "totalRevenue": "1981400000", "costOfRevenue": "1336600000", "costofGoodsAndServicesSold": "1336600000", "operatingIncome": "408200000", "sellingGeneralAndAdministrative": "236600000", "researchAndDevelopment": "220900000", "operatingExpenses": "236600000", "investmentIncomeNet": "None", "netInterestIncome": "None", "interestIncome": "None", "interestExpense": "26000000", "nonInterestIncome": "None", "otherNonOperatingIncome": "100000", "depreciation": "None", "depreciationAndAmortization": "61700000", "incomeBeforeTax": "382300000", "incomeTaxExpense": "94500000", "interestAndDebtExpense": "None", "netIncomeFromContinuingOperations": "287800000", "comprehensiveIncomeNetOfTax": "None", "ebit": "408300000", "ebitda": "470000000", "netIncome": "284800000"}, {"fiscalDateEnding": "2018-03-31", "reportedCurrency": "USD", "grossProfit": "606900000", "totalRevenue": "1866900000", "costOfRevenue": "1260000000", "costofGoodsAndServicesSold": "1260000000", "operatingIncome": "376900000", "sellingGeneralAndAdministrative": "230000000", "researchAndDevelopment": "220900000", "operatingExpenses": "230000000", "investmentIncomeNet": "None", "netInterestIncome": "None", "interestIncome": "None", "interestExpense": "24500000", "nonInterestIncome": "None", "otherNonOperatingIncome": "2300000", "depreciation": "None", "depreciationAndAmortization": "60500000", "incomeBeforeTax": "354700000", "incomeTaxExpense": "86400000", "interestAndDebtExpense": "None", "netIncomeFromContinuingOperations": "268300000", "comprehensiveIncomeNetOfTax": "None", "ebit": "379200000", "ebitda": "439700000", "netIncome": "265600000"}, {"fiscalDateEnding": "2017-12-31", "reportedCurrency": "USD", "grossProfit": "635400000", "totalRevenue": "1943900000", "costOfRevenue": "1308500000", "costofGoodsAndServicesSold": "1308500000", "operatingIncome": "399400000", "sellingGeneralAndAdministrative": "235900000", "researchAndDevelopment": "193700000", "operatingExpenses": "236000000", "investmentIncomeNet": "None", "netInterestIncome": "None", "interestIncome": "None", "interestExpense": "25000000", "nonInterestIncome": "None", "otherNonOperatingIncome": "4000000", "depreciation": "None", "depreciationAndAmortization": "58300000", "incomeBeforeTax": "378600000", "incomeTaxExpense": "479000000", "interestAndDebtExpense": "None", "netIncomeFromContinuingOperations": "-100500000", "comprehensiveIncomeNetOfTax": "None", "ebit": "403600000", "ebitda": "461900000", "netIncome": "-103400000"}, {"fiscalDateEnding": "2017-09-30", "reportedCurrency": "USD", "grossProfit": "606100000", "totalRevenue": "1840800000", "costOfRevenue": "1234700000", "costofGoodsAndServicesSold": "1234700000", "operatingIncome": "377900000", "sellingGeneralAndAdministrative": "228200000", "researchAndDevelopment": "0", "operatingExpenses": "228200000", "investmentIncomeNet": "None", "netInterestIncome": "None", "interestIncome": "None", "interestExpense": "24600000", "nonInterestIncome": "None", "otherNonOperatingIncome": "5100000", "depreciation": "None", "depreciationAndAmortization": "57900000", "incomeBeforeTax": "358400000", "incomeTaxExpense": "78100000", "interestAndDebtExpense": "None", "netIncomeFromContinuingOperations": "280300000", "comprehensiveIncomeNetOfTax": "None", "ebit": "383000000", "ebitda": "440900000", "netIncome": "277500000"}, {"fiscalDateEnding": "2017-06-30", "reportedCurrency": "USD", "grossProfit": "552600000", "totalRevenue": "1666500000", "costOfRevenue": "1113900000", "costofGoodsAndServicesSold": "1113900000", "operatingIncome": "336200000", "sellingGeneralAndAdministrative": "212400000", "researchAndDevelopment": "0", "operatingExpenses": "212400000", "investmentIncomeNet": "None", "netInterestIncome": "None", "interestIncome": "None", "interestExpense": "23400000", "nonInterestIncome": "None", "otherNonOperatingIncome": "4400000", "depreciation": "None", "depreciationAndAmortization": "56500000", "incomeBeforeTax": "317200000", "incomeTaxExpense": "63600000", "interestAndDebtExpense": "None", "netIncomeFromContinuingOperations": "253600000", "comprehensiveIncomeNetOfTax": "None", "ebit": "340600000", "ebitda": "397100000", "netIncome": "251500000"}, {"fiscalDateEnding": "2017-03-31", "reportedCurrency": "USD", "grossProfit": "515900000", "totalRevenue": "1560100000", "costOfRevenue": "1044200000", "costofGoodsAndServicesSold": "1044200000", "operatingIncome": "314100000", "sellingGeneralAndAdministrative": "201800000", "researchAndDevelopment": "0", "operatingExpenses": "201800000", "investmentIncomeNet": "None", "netInterestIncome": "None", "interestIncome": "None", "interestExpense": "19300000", "nonInterestIncome": "None", "otherNonOperatingIncome": "3600000", "depreciation": "None", "depreciationAndAmortization": "54100000", "incomeBeforeTax": "298400000", "incomeTaxExpense": "71100000", "interestAndDebtExpense": "None", "netIncomeFromContinuingOperations": "227300000", "comprehensiveIncomeNetOfTax": "None", "ebit": "317700000", "ebitda": "371800000", "netIncome": "224900000"}, {"fiscalDateEnding": "2016-12-31", "reportedCurrency": "USD", "grossProfit": "546100000", "totalRevenue": "1651100000", "costOfRevenue": "1105000000", "costofGoodsAndServicesSold": "1105000000", "operatingIncome": "339100000", "sellingGeneralAndAdministrative": "206900000", "researchAndDevelopment": "166100000", "operatingExpenses": "207000000", "investmentIncomeNet": "None", "netInterestIncome": "None", "interestIncome": "None", "interestExpense": "18400000", "nonInterestIncome": "None", "otherNonOperatingIncome": "3500000", "depreciation": "None", "depreciationAndAmortization": "53400000", "incomeBeforeTax": "324200000", "incomeTaxExpense": "85900000", "interestAndDebtExpense": "None", "netIncomeFromContinuingOperations": "238400000", "comprehensiveIncomeNetOfTax": "None", "ebit": "342600000", "ebitda": "396000000", "netIncome": "235400000"}, {"fiscalDateEnding": "2016-09-30", "reportedCurrency": "USD", "grossProfit": "537300000", "totalRevenue": "1635900000", "costOfRevenue": "1098600000", "costofGoodsAndServicesSold": "1098600000", "operatingIncome": "326300000", "sellingGeneralAndAdministrative": "204700000", "researchAndDevelopment": "0", "operatingExpenses": "204700000", "investmentIncomeNet": "None", "netInterestIncome": "None", "interestIncome": "None", "interestExpense": "18100000", "nonInterestIncome": "None", "otherNonOperatingIncome": "2300000", "depreciation": "None", "depreciationAndAmortization": "51200000", "incomeBeforeTax": "310500000", "incomeTaxExpense": "83400000", "interestAndDebtExpense": "None", "netIncomeFromContinuingOperations": "227100000", "comprehensiveIncomeNetOfTax": "None", "ebit": "328600000", "ebitda": "379800000", "netIncome": "224300000"}, {"fiscalDateEnding": "2016-06-30", "reportedCurrency": "USD", "grossProfit": "497300000", "totalRevenue": "1548200000", "costOfRevenue": "1050900000", "costofGoodsAndServicesSold": "1050900000", "operatingIncome": "300300000", "sellingGeneralAndAdministrative": "197000000", "researchAndDevelopment": "0", "operatingExpenses": "197000000", "investmentIncomeNet": "None", "netInterestIncome": "None", "interestIncome": "None", "interestExpense": "18000000", "nonInterestIncome": "None", "otherNonOperatingIncome": "1700000", "depreciation": "None", "depreciationAndAmortization": "50500000", "incomeBeforeTax": "284000000", "incomeTaxExpense": "75300000", "interestAndDebtExpense": "None", "netIncomeFromContinuingOperations": "208700000", "comprehensiveIncomeNetOfTax": "None", "ebit": "302000000", "ebitda": "352500000", "netIncome": "206500000"}, {"fiscalDateEnding": "2016-03-31", "reportedCurrency": "USD", "grossProfit": "459200000", "totalRevenue": "1451200000", "costOfRevenue": "992000000", "costofGoodsAndServicesSold": "992000000", "operatingIncome": "239400000", "sellingGeneralAndAdministrative": "189500000", "researchAndDevelopment": "0", "operatingExpenses": "189500000", "investmentIncomeNet": "None", "netInterestIncome": "None", "interestIncome": "None", "interestExpense": "18100000", "nonInterestIncome": "None", "otherNonOperatingIncome": "1000000", "depreciation": "None", "depreciationAndAmortization": "61900000", "incomeBeforeTax": "222300000", "incomeTaxExpense": "63900000", "interestAndDebtExpense": "None", "netIncomeFromContinuingOperations": "158400000", "comprehensiveIncomeNetOfTax": "None", "ebit": "240400000", "ebitda": "302300000", "netIncome": "156600000"}, {"fiscalDateEnding": "2015-12-31", "reportedCurrency": "USD", "grossProfit": "458500000", "totalRevenue": "1430500000", "costOfRevenue": "972000000", "costofGoodsAndServicesSold": "972000000", "operatingIncome": "289000000", "sellingGeneralAndAdministrative": "169400000", "researchAndDevelopment": "124700000", "operatingExpenses": "169500000", "investmentIncomeNet": "None", "netInterestIncome": "None", "interestIncome": "None", "interestExpense": "17200000", "nonInterestIncome": "None", "otherNonOperatingIncome": "3900000", "depreciation": "None", "depreciationAndAmortization": "43500000", "incomeBeforeTax": "275600000", "incomeTaxExpense": "73000000", "interestAndDebtExpense": "None", "netIncomeFromContinuingOperations": "202600000", "comprehensiveIncomeNetOfTax": "None", "ebit": "292900000", "ebitda": "336400000", "netIncome": "200100000"}, {"fiscalDateEnding": "2015-09-30", "reportedCurrency": "USD", "grossProfit": "464000000", "totalRevenue": "1459600000", "costOfRevenue": "995600000", "costofGoodsAndServicesSold": "995600000", "operatingIncome": "294800000", "sellingGeneralAndAdministrative": "169200000", "researchAndDevelopment": "0", "operatingExpenses": "169200000", "investmentIncomeNet": "None", "netInterestIncome": "None", "interestIncome": "None", "interestExpense": "17000000", "nonInterestIncome": "None", "otherNonOperatingIncome": "4200000", "depreciation": "None", "depreciationAndAmortization": "44600000", "incomeBeforeTax": "282000000", "incomeTaxExpense": "74700000", "interestAndDebtExpense": "None", "netIncomeFromContinuingOperations": "207300000", "comprehensiveIncomeNetOfTax": "None", "ebit": "299000000", "ebitda": "343600000", "netIncome": "204500000"}, {"fiscalDateEnding": "2015-06-30", "reportedCurrency": "USD", "grossProfit": "432500000", "totalRevenue": "1351500000", "costOfRevenue": "919000000", "costofGoodsAndServicesSold": "919000000", "operatingIncome": "260700000", "sellingGeneralAndAdministrative": "166100000", "researchAndDevelopment": "0", "operatingExpenses": "166100000", "investmentIncomeNet": "None", "netInterestIncome": "None", "interestIncome": "None", "interestExpense": "17100000", "nonInterestIncome": "None", "otherNonOperatingIncome": "4200000", "depreciation": "None", "depreciationAndAmortization": "43400000", "incomeBeforeTax": "247800000", "incomeTaxExpense": "67200000", "interestAndDebtExpense": "None", "netIncomeFromContinuingOperations": "180600000", "comprehensiveIncomeNetOfTax": "None", "ebit": "264900000", "ebitda": "308300000", "netIncome": "179000000"}, {"fiscalDateEnding": "2015-03-31", "reportedCurrency": "USD", "grossProfit": "424600000", "totalRevenue": "1327100000", "costOfRevenue": "902500000", "costofGoodsAndServicesSold": "902500000", "operatingIncome": "260200000", "sellingGeneralAndAdministrative": "164400000", "researchAndDevelopment": "0", "operatingExpenses": "164400000", "investmentIncomeNet": "None", "netInterestIncome": "None", "interestIncome": "None", "interestExpense": "17000000", "nonInterestIncome": "None", "otherNonOperatingIncome": "4100000", "depreciation": "None", "depreciationAndAmortization": "40100000", "incomeBeforeTax": "247300000", "incomeTaxExpense": "65500000", "interestAndDebtExpense": "None", "netIncomeFromContinuingOperations": "181800000", "comprehensiveIncomeNetOfTax": "None", "ebit": "264300000", "ebitda": "304400000", "netIncome": "179800000"}, {"fiscalDateEnding": "2014-12-31", "reportedCurrency": "USD", "grossProfit": "456700000", "totalRevenue": "1426500000", "costOfRevenue": "969800000", "costofGoodsAndServicesSold": "969800000", "operatingIncome": "278900000", "sellingGeneralAndAdministrative": "168155000", "researchAndDevelopment": "114800000", "operatingExpenses": "168200000", "investmentIncomeNet": "None", "netInterestIncome": "None", "interestIncome": "None", "interestExpense": "20159000", "nonInterestIncome": "None", "otherNonOperatingIncome": "5196000", "depreciation": "None", "depreciationAndAmortization": "50123000", "incomeBeforeTax": "263900000", "incomeTaxExpense": "69100000", "interestAndDebtExpense": "None", "netIncomeFromContinuingOperations": "194821000", "comprehensiveIncomeNetOfTax": "None", "ebit": "284030000", "ebitda": "334153000", "netIncome": "193500000"}, {"fiscalDateEnding": "2014-09-30", "reportedCurrency": "USD", "grossProfit": "431655000", "totalRevenue": "1358742000", "costOfRevenue": "927087000", "costofGoodsAndServicesSold": "927087000", "operatingIncome": "267821000", "sellingGeneralAndAdministrative": "161287000", "researchAndDevelopment": "0", "operatingExpenses": "161287000", "investmentIncomeNet": "None", "netInterestIncome": "None", "interestIncome": "None", "interestExpense": "21100000", "nonInterestIncome": "None", "otherNonOperatingIncome": "4746000", "depreciation": "None", "depreciationAndAmortization": "40359000", "incomeBeforeTax": "251478000", "incomeTaxExpense": "67318000", "interestAndDebtExpense": "None", "netIncomeFromContinuingOperations": "184160000", "comprehensiveIncomeNetOfTax": "None", "ebit": "272641000", "ebitda": "313000000", "netIncome": "182207000"}, {"fiscalDateEnding": "2014-06-30", "reportedCurrency": "USD", "grossProfit": "416767000", "totalRevenue": "1314172000", "costOfRevenue": "897405000", "costofGoodsAndServicesSold": "897405000", "operatingIncome": "255810000", "sellingGeneralAndAdministrative": "160957000", "researchAndDevelopment": "0", "operatingExpenses": "160957000", "investmentIncomeNet": "None", "netInterestIncome": "None", "interestIncome": "None", "interestExpense": "20100000", "nonInterestIncome": "None", "otherNonOperatingIncome": "4293000", "depreciation": "None", "depreciationAndAmortization": "37745000", "incomeBeforeTax": "240022000", "incomeTaxExpense": "63605000", "interestAndDebtExpense": "None", "netIncomeFromContinuingOperations": "176417000", "comprehensiveIncomeNetOfTax": "None", "ebit": "260055000", "ebitda": "297800000", "netIncome": "174932000"}, {"fiscalDateEnding": "2014-03-31", "reportedCurrency": "USD", "grossProfit": "388856000", "totalRevenue": "1246074000", "costOfRevenue": "857218000", "costofGoodsAndServicesSold": "857218000", "operatingIncome": "232135000", "sellingGeneralAndAdministrative": "154701000", "researchAndDevelopment": "0", "operatingExpenses": "154701000", "investmentIncomeNet": "None", "netInterestIncome": "None", "interestIncome": "None", "interestExpense": "19100000", "nonInterestIncome": "None", "otherNonOperatingIncome": "4065000", "depreciation": "None", "depreciationAndAmortization": "39873000", "incomeBeforeTax": "217129000", "incomeTaxExpense": "57327000", "interestAndDebtExpense": "None", "netIncomeFromContinuingOperations": "159802000", "comprehensiveIncomeNetOfTax": "None", "ebit": "236227000", "ebitda": "276100000", "netIncome": "158483000"}, {"fiscalDateEnding": "2013-12-31", "reportedCurrency": "USD", "grossProfit": "389306000", "totalRevenue": "1245735000", "costOfRevenue": "856429000", "costofGoodsAndServicesSold": "856429000", "operatingIncome": "241360000", "sellingGeneralAndAdministrative": "144500000", "researchAndDevelopment": "103400000", "operatingExpenses": "144500000", "investmentIncomeNet": "None", "netInterestIncome": "None", "interestIncome": "None", "interestExpense": "16427000", "nonInterestIncome": "None", "otherNonOperatingIncome": "3942000", "depreciation": "None", "depreciationAndAmortization": "34951000", "incomeBeforeTax": "228875000", "incomeTaxExpense": "59996000", "interestAndDebtExpense": "None", "netIncomeFromContinuingOperations": "168879000", "comprehensiveIncomeNetOfTax": "None", "ebit": "245302000", "ebitda": "280253000", "netIncome": "167879000"}, {"fiscalDateEnding": "2013-09-30", "reportedCurrency": "USD", "grossProfit": "363848000", "totalRevenue": "1153062000", "costOfRevenue": "789214000", "costofGoodsAndServicesSold": "789214000", "operatingIncome": "224483000", "sellingGeneralAndAdministrative": "136828000", "researchAndDevelopment": "0", "operatingExpenses": "136828000", "investmentIncomeNet": "None", "netInterestIncome": "None", "interestIncome": "None", "interestExpense": "16048000", "nonInterestIncome": "None", "otherNonOperatingIncome": "3625000", "depreciation": "None", "depreciationAndAmortization": "34769000", "incomeBeforeTax": "212060000", "incomeTaxExpense": "50671000", "interestAndDebtExpense": "None", "netIncomeFromContinuingOperations": "161389000", "comprehensiveIncomeNetOfTax": "None", "ebit": "228108000", "ebitda": "262877000", "netIncome": "160798000"}, {"fiscalDateEnding": "2013-06-30", "reportedCurrency": "USD", "grossProfit": "359788000", "totalRevenue": "1136067000", "costOfRevenue": "776279000", "costofGoodsAndServicesSold": "776279000", "operatingIncome": "224013000", "sellingGeneralAndAdministrative": "135775000", "researchAndDevelopment": "0", "operatingExpenses": "135775000", "investmentIncomeNet": "None", "netInterestIncome": "None", "interestIncome": "None", "interestExpense": "15621000", "nonInterestIncome": "None", "otherNonOperatingIncome": "3033000", "depreciation": "None", "depreciationAndAmortization": "34170000", "incomeBeforeTax": "211425000", "incomeTaxExpense": "56557000", "interestAndDebtExpense": "None", "netIncomeFromContinuingOperations": "154868000", "comprehensiveIncomeNetOfTax": "None", "ebit": "227046000", "ebitda": "261216000", "netIncome": "153988000"}, {"fiscalDateEnding": "2013-03-31", "reportedCurrency": "USD", "grossProfit": "337892000", "totalRevenue": "1079805000", "costOfRevenue": "741913000", "costofGoodsAndServicesSold": "741913000", "operatingIncome": "206957000", "sellingGeneralAndAdministrative": "130935000", "researchAndDevelopment": "0", "operatingExpenses": "130935000", "investmentIncomeNet": "None", "netInterestIncome": "None", "interestIncome": "None", "interestExpense": "15457000", "nonInterestIncome": "None", "otherNonOperatingIncome": "2785000", "depreciation": "None", "depreciationAndAmortization": "32592000", "incomeBeforeTax": "194285000", "incomeTaxExpense": "40672000", "interestAndDebtExpense": "None", "netIncomeFromContinuingOperations": "153613000", "comprehensiveIncomeNetOfTax": "None", "ebit": "209742000", "ebitda": "242334000", "netIncome": "153007000"}, {"fiscalDateEnding": "2012-12-31", "reportedCurrency": "USD", "grossProfit": "355451000", "totalRevenue": "1145978000", "costOfRevenue": "790527000", "costofGoodsAndServicesSold": "790527000", "operatingIncome": "221220000", "sellingGeneralAndAdministrative": "132231000", "researchAndDevelopment": "92480000", "operatingExpenses": "132231000", "investmentIncomeNet": "None", "netInterestIncome": "None", "interestIncome": "None", "interestExpense": "15599000", "nonInterestIncome": "None", "otherNonOperatingIncome": "2652000", "depreciation": "None", "depreciationAndAmortization": "32440000", "incomeBeforeTax": "208273000", "incomeTaxExpense": "66706000", "interestAndDebtExpense": "None", "netIncomeFromContinuingOperations": "141567000", "comprehensiveIncomeNetOfTax": "None", "ebit": "223872000", "ebitda": "256312000", "netIncome": "140362000"}, {"fiscalDateEnding": "2012-09-30", "reportedCurrency": "USD", "grossProfit": "344329000", "totalRevenue": "1103376000", "costOfRevenue": "759047000", "costofGoodsAndServicesSold": "759047000", "operatingIncome": "215670000", "sellingGeneralAndAdministrative": "128659000", "researchAndDevelopment": "0", "operatingExpenses": "128659000", "investmentIncomeNet": "None", "netInterestIncome": "None", "interestIncome": "None", "interestExpense": "15166000", "nonInterestIncome": "None", "otherNonOperatingIncome": "2636000", "depreciation": "None", "depreciationAndAmortization": "30748000", "incomeBeforeTax": "203140000", "incomeTaxExpense": "54340000", "interestAndDebtExpense": "None", "netIncomeFromContinuingOperations": "148800000", "comprehensiveIncomeNetOfTax": "None", "ebit": "218306000", "ebitda": "249054000", "netIncome": "147450000"}, {"fiscalDateEnding": "2012-06-30", "reportedCurrency": "USD", "grossProfit": "334161000", "totalRevenue": "1061107000", "costOfRevenue": "726946000", "costofGoodsAndServicesSold": "726946000", "operatingIncome": "206176000", "sellingGeneralAndAdministrative": "127985000", "researchAndDevelopment": "0", "operatingExpenses": "127985000", "investmentIncomeNet": "None", "netInterestIncome": "None", "interestIncome": "None", "interestExpense": "15099000", "nonInterestIncome": "None", "otherNonOperatingIncome": "2634000", "depreciation": "None", "depreciationAndAmortization": "29592000", "incomeBeforeTax": "193711000", "incomeTaxExpense": "51818000", "interestAndDebtExpense": "None", "netIncomeFromContinuingOperations": "141893000", "comprehensiveIncomeNetOfTax": "None", "ebit": "208810000", "ebitda": "238402000", "netIncome": "140942000"}, {"fiscalDateEnding": "2012-03-31", "reportedCurrency": "USD", "grossProfit": "309271000", "totalRevenue": "981604000", "costOfRevenue": "672333000", "costofGoodsAndServicesSold": "672333000", "operatingIncome": "185279000", "sellingGeneralAndAdministrative": "123992000", "researchAndDevelopment": "0", "operatingExpenses": "123992000", "investmentIncomeNet": "None", "netInterestIncome": "None", "interestIncome": "None", "interestExpense": "13749000", "nonInterestIncome": "None", "otherNonOperatingIncome": "2187000", "depreciation": "None", "depreciationAndAmortization": "28999000", "incomeBeforeTax": "173717000", "incomeTaxExpense": "46469000", "interestAndDebtExpense": "None", "netIncomeFromContinuingOperations": "127248000", "comprehensiveIncomeNetOfTax": "None", "ebit": "187466000", "ebitda": "216465000", "netIncome": "126563000"}, {"fiscalDateEnding": "2011-12-31", "reportedCurrency": "USD", "grossProfit": "294837000", "totalRevenue": "948709000", "costOfRevenue": "653872000", "costofGoodsAndServicesSold": "653872000", "operatingIncome": "164660000", "sellingGeneralAndAdministrative": "128177000", "researchAndDevelopment": "88877000", "operatingExpenses": "128177000", "investmentIncomeNet": "None", "netInterestIncome": "None", "interestIncome": "None", "interestExpense": "11144000", "nonInterestIncome": "None", "otherNonOperatingIncome": "2014000", "depreciation": "None", "depreciationAndAmortization": "31242000", "incomeBeforeTax": "155530000", "incomeTaxExpense": "40525000", "interestAndDebtExpense": "None", "netIncomeFromContinuingOperations": "115005000", "comprehensiveIncomeNetOfTax": "None", "ebit": "166674000", "ebitda": "197916000", "netIncome": "113859000"}, {"fiscalDateEnding": "2011-09-30", "reportedCurrency": "USD", "grossProfit": "323477000", "totalRevenue": "1032754000", "costOfRevenue": "709277000", "costofGoodsAndServicesSold": "709277000", "operatingIncome": "186059000", "sellingGeneralAndAdministrative": "137418000", "researchAndDevelopment": "0", "operatingExpenses": "137418000", "investmentIncomeNet": "None", "netInterestIncome": "None", "interestIncome": "None", "interestExpense": "10498000", "nonInterestIncome": "None", "otherNonOperatingIncome": "2255000", "depreciation": "None", "depreciationAndAmortization": "30989000", "incomeBeforeTax": "177816000", "incomeTaxExpense": "41758000", "interestAndDebtExpense": "None", "netIncomeFromContinuingOperations": "136058000", "comprehensiveIncomeNetOfTax": "None", "ebit": "188314000", "ebitda": "219303000", "netIncome": "134623000"}, {"fiscalDateEnding": "2011-06-30", "reportedCurrency": "USD", "grossProfit": "321222000", "totalRevenue": "1017738000", "costOfRevenue": "696516000", "costofGoodsAndServicesSold": "696516000", "operatingIncome": "214874000", "sellingGeneralAndAdministrative": "124161000", "researchAndDevelopment": "0", "operatingExpenses": "106348000", "investmentIncomeNet": "None", "netInterestIncome": "None", "interestIncome": "None", "interestExpense": "11371000", "nonInterestIncome": "None", "otherNonOperatingIncome": "2130000", "depreciation": "None", "depreciationAndAmortization": "29851000", "incomeBeforeTax": "205633000", "incomeTaxExpense": "56739000", "interestAndDebtExpense": "None", "netIncomeFromContinuingOperations": "148894000", "comprehensiveIncomeNetOfTax": "None", "ebit": "217004000", "ebitda": "246855000", "netIncome": "147751000"}, {"fiscalDateEnding": "2011-03-31", "reportedCurrency": "USD", "grossProfit": "304124000", "totalRevenue": "940585000", "costOfRevenue": "636461000", "costofGoodsAndServicesSold": "636461000", "operatingIncome": "186085000", "sellingGeneralAndAdministrative": "118039000", "researchAndDevelopment": "0", "operatingExpenses": "118039000", "investmentIncomeNet": "None", "netInterestIncome": "None", "interestIncome": "None", "interestExpense": "10016000", "nonInterestIncome": "None", "otherNonOperatingIncome": "1704000", "depreciation": "None", "depreciationAndAmortization": "27357000", "incomeBeforeTax": "177773000", "incomeTaxExpense": "48888000", "interestAndDebtExpense": "None", "netIncomeFromContinuingOperations": "128885000", "comprehensiveIncomeNetOfTax": "None", "ebit": "187789000", "ebitda": "215146000", "netIncome": "127958000"}, {"fiscalDateEnding": "2010-12-31", "reportedCurrency": "USD", "grossProfit": "310020000", "totalRevenue": "949886000", "costOfRevenue": "639866000", "costofGoodsAndServicesSold": "639866000", "operatingIncome": "190554000", "sellingGeneralAndAdministrative": "119466000", "researchAndDevelopment": "77570000", "operatingExpenses": "119466000", "investmentIncomeNet": "None", "netInterestIncome": "None", "interestIncome": "None", "interestExpense": "10192000", "nonInterestIncome": "None", "otherNonOperatingIncome": "1598000", "depreciation": "None", "depreciationAndAmortization": "26846000", "incomeBeforeTax": "181960000", "incomeTaxExpense": "49493000", "interestAndDebtExpense": "None", "netIncomeFromContinuingOperations": "132467000", "comprehensiveIncomeNetOfTax": "None", "ebit": "192152000", "ebitda": "218998000", "netIncome": "131113000"}, {"fiscalDateEnding": "2010-09-30", "reportedCurrency": "USD", "grossProfit": "309717000", "totalRevenue": "948463000", "costOfRevenue": "638746000", "costofGoodsAndServicesSold": "638746000", "operatingIncome": "189134000", "sellingGeneralAndAdministrative": "120583000", "researchAndDevelopment": "0", "operatingExpenses": "120583000", "investmentIncomeNet": "None", "netInterestIncome": "None", "interestIncome": "None", "interestExpense": "10568000", "nonInterestIncome": "None", "otherNonOperatingIncome": "1251000", "depreciation": "None", "depreciationAndAmortization": "26507000", "incomeBeforeTax": "179817000", "incomeTaxExpense": "41018000", "interestAndDebtExpense": "None", "netIncomeFromContinuingOperations": "138799000", "comprehensiveIncomeNetOfTax": "None", "ebit": "190385000", "ebitda": "216892000", "netIncome": "137268000"}, {"fiscalDateEnding": "2010-06-30", "reportedCurrency": "USD", "grossProfit": "289299000", "totalRevenue": "884798000", "costOfRevenue": "595499000", "costofGoodsAndServicesSold": "595499000", "operatingIncome": "175625000", "sellingGeneralAndAdministrative": "113674000", "researchAndDevelopment": "0", "operatingExpenses": "113674000", "investmentIncomeNet": "None", "netInterestIncome": "None", "interestIncome": "None", "interestExpense": "9968000", "nonInterestIncome": "None", "otherNonOperatingIncome": "764000", "depreciation": "None", "depreciationAndAmortization": "25149000", "incomeBeforeTax": "166421000", "incomeTaxExpense": "35412000", "interestAndDebtExpense": "None", "netIncomeFromContinuingOperations": "131009000", "comprehensiveIncomeNetOfTax": "None", "ebit": "176389000", "ebitda": "201538000", "netIncome": "129671000"}, {"fiscalDateEnding": "2010-03-31", "reportedCurrency": "USD", "grossProfit": "249192000", "totalRevenue": "770954000", "costOfRevenue": "521762000", "costofGoodsAndServicesSold": "521762000", "operatingIncome": "145044000", "sellingGeneralAndAdministrative": "104148000", "researchAndDevelopment": "0", "operatingExpenses": "104148000", "investmentIncomeNet": "None", "netInterestIncome": "None", "interestIncome": "None", "interestExpense": "10013000", "nonInterestIncome": "None", "otherNonOperatingIncome": "459000", "depreciation": "None", "depreciationAndAmortization": "24344000", "incomeBeforeTax": "135490000", "incomeTaxExpense": "35352000", "interestAndDebtExpense": "None", "netIncomeFromContinuingOperations": "100138000", "comprehensiveIncomeNetOfTax": "None", "ebit": "145503000", "ebitda": "169847000", "netIncome": "98353000"}, {"fiscalDateEnding": "2009-12-31", "reportedCurrency": "USD", "grossProfit": "241632000", "totalRevenue": "758296000", "costOfRevenue": "516664000", "costofGoodsAndServicesSold": "516664000", "operatingIncome": "138460000", "sellingGeneralAndAdministrative": "103172000", "researchAndDevelopment": "63978000", "operatingExpenses": "103172000", "investmentIncomeNet": "None", "netInterestIncome": "None", "interestIncome": "None", "interestExpense": "9496000", "nonInterestIncome": "None", "otherNonOperatingIncome": "None", "depreciation": "None", "depreciationAndAmortization": "25601000", "incomeBeforeTax": "124106000", "incomeTaxExpense": "34129000", "interestAndDebtExpense": "None", "netIncomeFromContinuingOperations": "0", "comprehensiveIncomeNetOfTax": "None", "ebit": "133602000", "ebitda": "159203000", "netIncome": "87639000"}, {"fiscalDateEnding": "2009-09-30", "reportedCurrency": "USD", "grossProfit": "224393000", "totalRevenue": "716573000", "costOfRevenue": "492180000", "costofGoodsAndServicesSold": "492180000", "operatingIncome": "124290000", "sellingGeneralAndAdministrative": "100103000", "researchAndDevelopment": "0", "operatingExpenses": "100103000", "investmentIncomeNet": "None", "netInterestIncome": "None", "interestIncome": "None", "interestExpense": "8961000", "nonInterestIncome": "None", "otherNonOperatingIncome": "-345000", "depreciation": "None", "depreciationAndAmortization": "25153000", "incomeBeforeTax": "114984000", "incomeTaxExpense": "31620000", "interestAndDebtExpense": "None", "netIncomeFromContinuingOperations": "83364000", "comprehensiveIncomeNetOfTax": "None", "ebit": "123945000", "ebitda": "149098000", "netIncome": "80915000"}, {"fiscalDateEnding": "2009-06-30", "reportedCurrency": "USD", "grossProfit": "214150000", "totalRevenue": "685184000", "costOfRevenue": "471034000", "costofGoodsAndServicesSold": "471034000", "operatingIncome": "115478000", "sellingGeneralAndAdministrative": "98672000", "researchAndDevelopment": "0", "operatingExpenses": "98672000", "investmentIncomeNet": "None", "netInterestIncome": "None", "interestIncome": "None", "interestExpense": "9131000", "nonInterestIncome": "None", "otherNonOperatingIncome": "-382000", "depreciation": "None", "depreciationAndAmortization": "24779000", "incomeBeforeTax": "105965000", "incomeTaxExpense": "29140000", "interestAndDebtExpense": "None", "netIncomeFromContinuingOperations": "76825000", "comprehensiveIncomeNetOfTax": "None", "ebit": "115096000", "ebitda": "139875000", "netIncome": "74870000"}, {"fiscalDateEnding": "2009-03-31", "reportedCurrency": "USD", "grossProfit": "206379000", "totalRevenue": "660012000", "costOfRevenue": "453633000", "costofGoodsAndServicesSold": "453633000", "operatingIncome": "110685000", "sellingGeneralAndAdministrative": "95694000", "researchAndDevelopment": "0", "operatingExpenses": "95694000", "investmentIncomeNet": "None", "netInterestIncome": "None", "interestIncome": "None", "interestExpense": "8998000", "nonInterestIncome": "None", "otherNonOperatingIncome": "None", "depreciation": "None", "depreciationAndAmortization": "22991000", "incomeBeforeTax": "101472000", "incomeTaxExpense": "24422000", "interestAndDebtExpense": "None", "netIncomeFromContinuingOperations": "0", "comprehensiveIncomeNetOfTax": "None", "ebit": "110470000", "ebitda": "133461000", "netIncome": "74410000"}, {"fiscalDateEnding": "2008-12-31", "reportedCurrency": "USD", "grossProfit": "240406000", "totalRevenue": "755282000", "costOfRevenue": "514876000", "costofGoodsAndServicesSold": "514876000", "operatingIncome": "142400000", "sellingGeneralAndAdministrative": "98006000", "researchAndDevelopment": "68058000", "operatingExpenses": "98006000", "investmentIncomeNet": "None", "netInterestIncome": "None", "interestIncome": "None", "interestExpense": "39627000", "nonInterestIncome": "None", "otherNonOperatingIncome": "None", "depreciation": "None", "depreciationAndAmortization": "22283000", "incomeBeforeTax": "129685000", "incomeTaxExpense": "30952000", "interestAndDebtExpense": "None", "netIncomeFromContinuingOperations": "0", "comprehensiveIncomeNetOfTax": "None", "ebit": "131942000", "ebitda": "154225000", "netIncome": "98733000"}, {"fiscalDateEnding": "2008-09-30", "reportedCurrency": "USD", "grossProfit": "281251000", "totalRevenue": "863658000", "costOfRevenue": "582407000", "costofGoodsAndServicesSold": "582407000", "operatingIncome": "171320000", "sellingGeneralAndAdministrative": "109931000", "researchAndDevelopment": "0", "operatingExpenses": "109931000", "investmentIncomeNet": "None", "netInterestIncome": "None", "interestIncome": "None", "interestExpense": "9772000", "nonInterestIncome": "None", "otherNonOperatingIncome": "None", "depreciation": "None", "depreciationAndAmortization": "23335000", "incomeBeforeTax": "158200000", "incomeTaxExpense": "45245000", "interestAndDebtExpense": "None", "netIncomeFromContinuingOperations": "0", "comprehensiveIncomeNetOfTax": "None", "ebit": "171499000", "ebitda": "194834000", "netIncome": "112955000"}, {"fiscalDateEnding": "2008-06-30", "reportedCurrency": "USD", "grossProfit": "276590000", "totalRevenue": "846817000", "costOfRevenue": "570227000", "costofGoodsAndServicesSold": "570227000", "operatingIncome": "168223000", "sellingGeneralAndAdministrative": "108367000", "researchAndDevelopment": "0", "operatingExpenses": "108367000", "investmentIncomeNet": "None", "netInterestIncome": "None", "interestIncome": "None", "interestExpense": "9915000", "nonInterestIncome": "None", "otherNonOperatingIncome": "None", "depreciation": "None", "depreciationAndAmortization": "22913000", "incomeBeforeTax": "156017000", "incomeTaxExpense": "46022000", "interestAndDebtExpense": "None", "netIncomeFromContinuingOperations": "0", "comprehensiveIncomeNetOfTax": "None", "ebit": "168357000", "ebitda": "191270000", "netIncome": "109995000"}, {"fiscalDateEnding": "2008-03-31", "reportedCurrency": "USD", "grossProfit": "250906000", "totalRevenue": "770714000", "costOfRevenue": "519808000", "costofGoodsAndServicesSold": "519808000", "operatingIncome": "150296000", "sellingGeneralAndAdministrative": "100610000", "researchAndDevelopment": "0", "operatingExpenses": "100610000", "investmentIncomeNet": "None", "netInterestIncome": "None", "interestIncome": "None", "interestExpense": "9899000", "nonInterestIncome": "None", "otherNonOperatingIncome": "None", "depreciation": "None", "depreciationAndAmortization": "22771000", "incomeBeforeTax": "138252000", "incomeTaxExpense": "40784000", "interestAndDebtExpense": "None", "netIncomeFromContinuingOperations": "0", "comprehensiveIncomeNetOfTax": "None", "ebit": "149814000", "ebitda": "172585000", "netIncome": "97468000"}, {"fiscalDateEnding": "2007-12-31", "reportedCurrency": "USD", "grossProfit": "254807000", "totalRevenue": "777270000", "costOfRevenue": "522463000", "costofGoodsAndServicesSold": "522463000", "operatingIncome": "153498000", "sellingGeneralAndAdministrative": "101309000", "researchAndDevelopment": "62397000", "operatingExpenses": "101309000", "investmentIncomeNet": "None", "netInterestIncome": "None", "interestIncome": "None", "interestExpense": "36876000", "nonInterestIncome": "None", "otherNonOperatingIncome": "None", "depreciation": "None", "depreciationAndAmortization": "21415000", "incomeBeforeTax": "140482000", "incomeTaxExpense": "40489000", "interestAndDebtExpense": "None", "netIncomeFromContinuingOperations": "0", "comprehensiveIncomeNetOfTax": "None", "ebit": "153498000", "ebitda": "174913000", "netIncome": "99993000"}, {"fiscalDateEnding": "2007-09-30", "reportedCurrency": "USD", "grossProfit": "239142000", "totalRevenue": "733851000", "costOfRevenue": "494709000", "costofGoodsAndServicesSold": "494709000", "operatingIncome": "143350000", "sellingGeneralAndAdministrative": "95792000", "researchAndDevelopment": "0", "operatingExpenses": "95792000", "investmentIncomeNet": "None", "netInterestIncome": "None", "interestIncome": "None", "interestExpense": "9371000", "nonInterestIncome": "None", "otherNonOperatingIncome": "None", "depreciation": "None", "depreciationAndAmortization": "20890000", "incomeBeforeTax": "129301000", "incomeTaxExpense": "37800000", "interestAndDebtExpense": "None", "netIncomeFromContinuingOperations": "0", "comprehensiveIncomeNetOfTax": "None", "ebit": "122460000", "ebitda": "143350000", "netIncome": "91501000"}, {"fiscalDateEnding": "2007-06-30", "reportedCurrency": "USD", "grossProfit": "225624000", "totalRevenue": "688836000", "costOfRevenue": "463212000", "costofGoodsAndServicesSold": "463212000", "operatingIncome": "133413000", "sellingGeneralAndAdministrative": "92211000", "researchAndDevelopment": "0", "operatingExpenses": "92211000", "investmentIncomeNet": "None", "netInterestIncome": "None", "interestIncome": "None", "interestExpense": "8979000", "nonInterestIncome": "None", "otherNonOperatingIncome": "None", "depreciation": "None", "depreciationAndAmortization": "20979000", "incomeBeforeTax": "120795000", "incomeTaxExpense": "36799000", "interestAndDebtExpense": "None", "netIncomeFromContinuingOperations": "0", "comprehensiveIncomeNetOfTax": "None", "ebit": "112434000", "ebitda": "133413000", "netIncome": "83996000"}, {"fiscalDateEnding": "2007-03-31", "reportedCurrency": "USD", "grossProfit": "210568000", "totalRevenue": "651084000", "costOfRevenue": "440516000", "costofGoodsAndServicesSold": "440516000", "operatingIncome": "122597000", "sellingGeneralAndAdministrative": "87971000", "researchAndDevelopment": "0", "operatingExpenses": "87971000", "investmentIncomeNet": "None", "netInterestIncome": "None", "interestIncome": "None", "interestExpense": "9042000", "nonInterestIncome": "None", "otherNonOperatingIncome": "None", "depreciation": "None", "depreciationAndAmortization": "19064000", "incomeBeforeTax": "110406000", "incomeTaxExpense": "32702000", "interestAndDebtExpense": "None", "netIncomeFromContinuingOperations": "0", "comprehensiveIncomeNetOfTax": "None", "ebit": "103533000", "ebitda": "122597000", "netIncome": "77704000"}, {"fiscalDateEnding": "2006-12-31", "reportedCurrency": "USD", "grossProfit": "164253000", "totalRevenue": "659423000", "costOfRevenue": "495170000", "costofGoodsAndServicesSold": "495170000", "operatingIncome": "124634000", "sellingGeneralAndAdministrative": "94348000", "researchAndDevelopment": "53730000", "operatingExpenses": "39619000", "investmentIncomeNet": "None", "netInterestIncome": "None", "interestIncome": "None", "interestExpense": "38799000", "nonInterestIncome": "None", "otherNonOperatingIncome": "None", "depreciation": "None", "depreciationAndAmortization": "17999000", "incomeBeforeTax": "112516000", "incomeTaxExpense": "34139000", "interestAndDebtExpense": "None", "netIncomeFromContinuingOperations": "0", "comprehensiveIncomeNetOfTax": "None", "ebit": "124634000", "ebitda": "142633000", "netIncome": "78377000"}, {"fiscalDateEnding": "2006-09-30", "reportedCurrency": "USD", "grossProfit": "218295000", "totalRevenue": "636418000", "costOfRevenue": "418123000", "costofGoodsAndServicesSold": "418123000", "operatingIncome": "108557000", "sellingGeneralAndAdministrative": "85742000", "researchAndDevelopment": "0", "operatingExpenses": "109738000", "investmentIncomeNet": "None", "netInterestIncome": "None", "interestIncome": "None", "interestExpense": "9308000", "nonInterestIncome": "None", "otherNonOperatingIncome": "None", "depreciation": "None", "depreciationAndAmortization": "18383000", "incomeBeforeTax": "95659000", "incomeTaxExpense": "28960000", "interestAndDebtExpense": "None", "netIncomeFromContinuingOperations": "0", "comprehensiveIncomeNetOfTax": "None", "ebit": "108557000", "ebitda": "126940000", "netIncome": "66699000"}, {"fiscalDateEnding": "2006-06-30", "reportedCurrency": "USD", "grossProfit": "209664000", "totalRevenue": "606598000", "costOfRevenue": "396934000", "costofGoodsAndServicesSold": "396934000", "operatingIncome": "93010000", "sellingGeneralAndAdministrative": "82950000", "researchAndDevelopment": "0", "operatingExpenses": "116654000", "investmentIncomeNet": "None", "netInterestIncome": "None", "interestIncome": "None", "interestExpense": "10002000", "nonInterestIncome": "None", "otherNonOperatingIncome": "None", "depreciation": "None", "depreciationAndAmortization": "18835000", "incomeBeforeTax": "79614000", "incomeTaxExpense": "26273000", "interestAndDebtExpense": "None", "netIncomeFromContinuingOperations": "0", "comprehensiveIncomeNetOfTax": "None", "ebit": "93010000", "ebitda": "111845000", "netIncome": "53341000"}, {"fiscalDateEnding": "2006-03-31", "reportedCurrency": "USD", "grossProfit": "195968000", "totalRevenue": "568991000", "costOfRevenue": "373023000", "costofGoodsAndServicesSold": "373023000", "operatingIncome": "98391000", "sellingGeneralAndAdministrative": "79801000", "researchAndDevelopment": "0", "operatingExpenses": "97577000", "investmentIncomeNet": "None", "netInterestIncome": "None", "interestIncome": "None", "interestExpense": "10184000", "nonInterestIncome": "None", "otherNonOperatingIncome": "None", "depreciation": "None", "depreciationAndAmortization": "17907000", "incomeBeforeTax": "85483000", "incomeTaxExpense": "28209000", "interestAndDebtExpense": "None", "netIncomeFromContinuingOperations": "0", "comprehensiveIncomeNetOfTax": "None", "ebit": "98391000", "ebitda": "116298000", "netIncome": "57274000"}, {"fiscalDateEnding": "2005-12-31", "reportedCurrency": "USD", "grossProfit": "177377000", "totalRevenue": "508115000", "costOfRevenue": "330738000", "costofGoodsAndServicesSold": "330738000", "operatingIncome": "93859000", "sellingGeneralAndAdministrative": "69429000", "researchAndDevelopment": "37510000", "operatingExpenses": "83518000", "investmentIncomeNet": "None", "netInterestIncome": "None", "interestIncome": "None", "interestExpense": "24090000", "nonInterestIncome": "None", "otherNonOperatingIncome": "None", "depreciation": "None", "depreciationAndAmortization": "14209000", "incomeBeforeTax": "83310000", "incomeTaxExpense": "27492000", "interestAndDebtExpense": "None", "netIncomeFromContinuingOperations": "0", "comprehensiveIncomeNetOfTax": "None", "ebit": "93859000", "ebitda": "108068000", "netIncome": "55818000"}, {"fiscalDateEnding": "2005-09-30", "reportedCurrency": "USD", "grossProfit": "161575000", "totalRevenue": "446995000", "costOfRevenue": "285420000", "costofGoodsAndServicesSold": "285420000", "operatingIncome": "86089000", "sellingGeneralAndAdministrative": "62422000", "researchAndDevelopment": "0", "operatingExpenses": "75486000", "investmentIncomeNet": "None", "netInterestIncome": "None", "interestIncome": "None", "interestExpense": "5548000", "nonInterestIncome": "None", "otherNonOperatingIncome": "None", "depreciation": "None", "depreciationAndAmortization": "13191000", "incomeBeforeTax": "75519000", "incomeTaxExpense": "23430000", "interestAndDebtExpense": "None", "netIncomeFromContinuingOperations": "0", "comprehensiveIncomeNetOfTax": "None", "ebit": "86089000", "ebitda": "99280000", "netIncome": "52089000"}, {"fiscalDateEnding": "2005-06-30", "reportedCurrency": "USD", "grossProfit": "161221000", "totalRevenue": "443642000", "costOfRevenue": "282421000", "costofGoodsAndServicesSold": "282421000", "operatingIncome": "86046000", "sellingGeneralAndAdministrative": "62476000", "researchAndDevelopment": "0", "operatingExpenses": "75175000", "investmentIncomeNet": "None", "netInterestIncome": "None", "interestIncome": "None", "interestExpense": "5775000", "nonInterestIncome": "None", "otherNonOperatingIncome": "None", "depreciation": "None", "depreciationAndAmortization": "13064000", "incomeBeforeTax": "78873000", "incomeTaxExpense": "26817000", "interestAndDebtExpense": "None", "netIncomeFromContinuingOperations": "0", "comprehensiveIncomeNetOfTax": "None", "ebit": "86046000", "ebitda": "99110000", "netIncome": "52056000"}, {"fiscalDateEnding": "2005-03-31", "reportedCurrency": "USD", "grossProfit": "145970000", "totalRevenue": "409395000", "costOfRevenue": "263425000", "costofGoodsAndServicesSold": "263425000", "operatingIncome": "77333000", "sellingGeneralAndAdministrative": "57823000", "researchAndDevelopment": "0", "operatingExpenses": "68637000", "investmentIncomeNet": "None", "netInterestIncome": "None", "interestIncome": "None", "interestExpense": "5403000", "nonInterestIncome": "None", "otherNonOperatingIncome": "None", "depreciation": "None", "depreciationAndAmortization": "11178000", "incomeBeforeTax": "70266000", "incomeTaxExpense": "23890000", "interestAndDebtExpense": "None", "netIncomeFromContinuingOperations": "0", "comprehensiveIncomeNetOfTax": "None", "ebit": "77333000", "ebitda": "88511000", "netIncome": "46376000"}, {"fiscalDateEnding": "2004-12-31", "reportedCurrency": "USD", "grossProfit": "141676000", "totalRevenue": "403963000", "costOfRevenue": "262287000", "costofGoodsAndServicesSold": "262287000", "operatingIncome": "76004000", "sellingGeneralAndAdministrative": "55745000", "researchAndDevelopment": "32459000", "operatingExpenses": "65672000", "investmentIncomeNet": "None", "netInterestIncome": "None", "interestIncome": "None", "interestExpense": "22540000", "nonInterestIncome": "None", "otherNonOperatingIncome": "None", "depreciation": "None", "depreciationAndAmortization": "10289000", "incomeBeforeTax": "69152000", "incomeTaxExpense": "23512000", "interestAndDebtExpense": "None", "netIncomeFromContinuingOperations": "0", "comprehensiveIncomeNetOfTax": "None", "ebit": "76004000", "ebitda": "86293000", "netIncome": "45640000"}]}