{"symbol": "PNR", "annualReports": [{"fiscalDateEnding": "2024-12-31", "reportedCurrency": "USD", "grossProfit": "1598800000", "totalRevenue": "4082800000", "costOfRevenue": "2484000000", "costofGoodsAndServicesSold": "2484000000", "operatingIncome": "803800000", "sellingGeneralAndAdministrative": "608700000", "researchAndDevelopment": "93600000", "operatingExpenses": "795000000", "investmentIncomeNet": "None", "netInterestIncome": "-88600000", "interestIncome": "None", "interestExpense": "88600000", "nonInterestIncome": "None", "otherNonOperatingIncome": "None", "depreciation": "None", "depreciationAndAmortization": "-3700000", "incomeBeforeTax": "718900000", "incomeTaxExpense": "93300000", "interestAndDebtExpense": "None", "netIncomeFromContinuingOperations": "625600000", "comprehensiveIncomeNetOfTax": "None", "ebit": "807500000", "ebitda": "803800000", "netIncome": "625400000"}, {"fiscalDateEnding": "2023-12-31", "reportedCurrency": "USD", "grossProfit": "1519200000", "totalRevenue": "4104500000", "costOfRevenue": "2585300000", "costofGoodsAndServicesSold": "2585300000", "operatingIncome": "739200000", "sellingGeneralAndAdministrative": "694700000", "researchAndDevelopment": "99800000", "operatingExpenses": "780000000", "investmentIncomeNet": "None", "netInterestIncome": "-119300000", "interestIncome": "None", "interestExpense": "118300000", "nonInterestIncome": "None", "otherNonOperatingIncome": "None", "depreciation": "None", "depreciationAndAmortization": "114800000", "incomeBeforeTax": "618900000", "incomeTaxExpense": "-4000000", "interestAndDebtExpense": "None", "netIncomeFromContinuingOperations": "511100000", "comprehensiveIncomeNetOfTax": "None", "ebit": "739200000", "ebitda": "739200000", "netIncome": "622900000"}, {"fiscalDateEnding": "2022-12-31", "reportedCurrency": "USD", "grossProfit": "1364600000", "totalRevenue": "4121800000", "costOfRevenue": "2757200000", "costofGoodsAndServicesSold": "2757200000", "operatingIncome": "595300000", "sellingGeneralAndAdministrative": "677100000", "researchAndDevelopment": "92200000", "operatingExpenses": "769300000", "investmentIncomeNet": "None", "netInterestIncome": "-61800000", "interestIncome": "61800000", "interestExpense": "61800000", "nonInterestIncome": "None", "otherNonOperatingIncome": "17100000", "depreciation": "None", "depreciationAndAmortization": "106600000", "incomeBeforeTax": "550600000", "incomeTaxExpense": "67400000", "interestAndDebtExpense": "None", "netIncomeFromContinuingOperations": "483200000", "comprehensiveIncomeNetOfTax": "None", "ebit": "723800000", "ebitda": "830400000", "netIncome": "480900000"}, {"fiscalDateEnding": "2021-12-31", "reportedCurrency": "USD", "grossProfit": "1319200000", "totalRevenue": "3764800000", "costOfRevenue": "2445600000", "costofGoodsAndServicesSold": "2445600000", "operatingIncome": "636900000", "sellingGeneralAndAdministrative": "596400000", "researchAndDevelopment": "85900000", "operatingExpenses": "682300000", "investmentIncomeNet": "None", "netInterestIncome": "-12500000", "interestIncome": "12500000", "interestExpense": "12500000", "nonInterestIncome": "None", "otherNonOperatingIncome": "2400000", "depreciation": "None", "depreciationAndAmortization": "77500000", "incomeBeforeTax": "626800000", "incomeTaxExpense": "70800000", "interestAndDebtExpense": "None", "netIncomeFromContinuingOperations": "556000000", "comprehensiveIncomeNetOfTax": "None", "ebit": "636900000", "ebitda": "714400000", "netIncome": "553000000"}, {"fiscalDateEnding": "2020-12-31", "reportedCurrency": "USD", "grossProfit": "1057600000", "totalRevenue": "3017800000", "costOfRevenue": "1960200000", "costofGoodsAndServicesSold": "1960200000", "operatingIncome": "461400000", "sellingGeneralAndAdministrative": "520500000", "researchAndDevelopment": "75700000", "operatingExpenses": "596200000", "investmentIncomeNet": "None", "netInterestIncome": "-23900000", "interestIncome": "23900000", "interestExpense": "23900000", "nonInterestIncome": "None", "otherNonOperatingIncome": "-5400000", "depreciation": "None", "depreciationAndAmortization": "75100000", "incomeBeforeTax": "432100000", "incomeTaxExpense": "75000000", "interestAndDebtExpense": "None", "netIncomeFromContinuingOperations": "357100000", "comprehensiveIncomeNetOfTax": "None", "ebit": "452500000", "ebitda": "527600000", "netIncome": "358600000"}, {"fiscalDateEnding": "2019-12-31", "reportedCurrency": "USD", "grossProfit": "1051500000", "totalRevenue": "2957200000", "costOfRevenue": "1905700000", "costofGoodsAndServicesSold": "1905700000", "operatingIncome": "432500000", "sellingGeneralAndAdministrative": "540100000", "researchAndDevelopment": "78900000", "operatingExpenses": "619000000", "investmentIncomeNet": "None", "netInterestIncome": "-30100000", "interestIncome": "30100000", "interestExpense": "30100000", "nonInterestIncome": "None", "otherNonOperatingIncome": "2200000", "depreciation": "None", "depreciationAndAmortization": "80000000", "incomeBeforeTax": "407500000", "incomeTaxExpense": "45800000", "interestAndDebtExpense": "None", "netIncomeFromContinuingOperations": "361700000", "comprehensiveIncomeNetOfTax": "None", "ebit": "433200000", "ebitda": "513200000", "netIncome": "355700000"}, {"fiscalDateEnding": "2018-12-31", "reportedCurrency": "USD", "grossProfit": "1047700000", "totalRevenue": "2965100000", "costOfRevenue": "1917400000", "costofGoodsAndServicesSold": "1917400000", "operatingIncome": "436700000", "sellingGeneralAndAdministrative": "534300000", "researchAndDevelopment": "76700000", "operatingExpenses": "611000000", "investmentIncomeNet": "None", "netInterestIncome": "-32600000", "interestIncome": "32600000", "interestExpense": "32600000", "nonInterestIncome": "None", "otherNonOperatingIncome": "-7300000", "depreciation": "None", "depreciationAndAmortization": "84600000", "incomeBeforeTax": "379800000", "incomeTaxExpense": "58100000", "interestAndDebtExpense": "None", "netIncomeFromContinuingOperations": "321700000", "comprehensiveIncomeNetOfTax": "None", "ebit": "468200000", "ebitda": "552800000", "netIncome": "347400000"}, {"fiscalDateEnding": "2017-12-31", "reportedCurrency": "USD", "grossProfit": "1829100000", "totalRevenue": "4936500000", "costOfRevenue": "3107400000", "costofGoodsAndServicesSold": "3107400000", "operatingIncome": "680800000", "sellingGeneralAndAdministrative": "1032500000", "researchAndDevelopment": "115800000", "operatingExpenses": "1148300000", "investmentIncomeNet": "None", "netInterestIncome": "-87300000", "interestIncome": "9900000", "interestExpense": "87300000", "nonInterestIncome": "None", "otherNonOperatingIncome": "-4200000", "depreciation": "None", "depreciationAndAmortization": "87200000", "incomeBeforeTax": "489200000", "incomeTaxExpense": "9200000", "interestAndDebtExpense": "None", "netIncomeFromContinuingOperations": "480000000", "comprehensiveIncomeNetOfTax": "None", "ebit": "401400000", "ebitda": "488600000", "netIncome": "666500000"}, {"fiscalDateEnding": "2016-12-31", "reportedCurrency": "USD", "grossProfit": "1794100000", "totalRevenue": "4890000000", "costOfRevenue": "3095900000", "costofGoodsAndServicesSold": "3095900000", "operatingIncome": "700700000", "sellingGeneralAndAdministrative": "979300000", "researchAndDevelopment": "114100000", "operatingExpenses": "1093400000", "investmentIncomeNet": "None", "netInterestIncome": "-140100000", "interestIncome": "8300000", "interestExpense": "140100000", "nonInterestIncome": "None", "otherNonOperatingIncome": "-3900000", "depreciation": "None", "depreciationAndAmortization": "181000000", "incomeBeforeTax": "561000000", "incomeTaxExpense": "109400000", "interestAndDebtExpense": "None", "netIncomeFromContinuingOperations": "451600000", "comprehensiveIncomeNetOfTax": "None", "ebit": "709400000", "ebitda": "890400000", "netIncome": "522200000"}, {"fiscalDateEnding": "2015-12-31", "reportedCurrency": "USD", "grossProfit": "2185800000", "totalRevenue": "6449000000", "costOfRevenue": "4263200000", "costofGoodsAndServicesSold": "4263200000", "operatingIncome": "731900000", "sellingGeneralAndAdministrative": "1334300000", "researchAndDevelopment": "119600000", "operatingExpenses": "1453900000", "investmentIncomeNet": "None", "netInterestIncome": "None", "interestIncome": "100400000", "interestExpense": "102700000", "nonInterestIncome": "None", "otherNonOperatingIncome": "5600000", "depreciation": "None", "depreciationAndAmortization": "260900000", "incomeBeforeTax": "628800000", "incomeTaxExpense": "148300000", "interestAndDebtExpense": "None", "netIncomeFromContinuingOperations": "-65000000", "comprehensiveIncomeNetOfTax": "None", "ebit": "581500000", "ebitda": "842400000", "netIncome": "469100000"}, {"fiscalDateEnding": "2014-12-31", "reportedCurrency": "USD", "grossProfit": "2476000000", "totalRevenue": "7039000000", "costOfRevenue": "4563000000", "costofGoodsAndServicesSold": "4563000000", "operatingIncome": "864900000", "sellingGeneralAndAdministrative": "1493800000", "researchAndDevelopment": "117300000", "operatingExpenses": "1611100000", "investmentIncomeNet": "None", "netInterestIncome": "None", "interestIncome": "None", "interestExpense": "68600000", "nonInterestIncome": "None", "otherNonOperatingIncome": "4700000", "depreciation": "None", "depreciationAndAmortization": "252700000", "incomeBeforeTax": "797300000", "incomeTaxExpense": "182300000", "interestAndDebtExpense": "None", "netIncomeFromContinuingOperations": "607000000", "comprehensiveIncomeNetOfTax": "None", "ebit": "856600000", "ebitda": "1109300000", "netIncome": "222900000"}, {"fiscalDateEnding": "2013-12-31", "reportedCurrency": "USD", "grossProfit": "2472900000", "totalRevenue": "7479700000", "costOfRevenue": "5006800000", "costofGoodsAndServicesSold": "5006800000", "operatingIncome": "774000000", "sellingGeneralAndAdministrative": "1562100000", "researchAndDevelopment": "125800000", "operatingExpenses": "1687900000", "investmentIncomeNet": "None", "netInterestIncome": "None", "interestIncome": "None", "interestExpense": "69100000", "nonInterestIncome": "None", "otherNonOperatingIncome": "29100000", "depreciation": "None", "depreciationAndAmortization": "286100000", "incomeBeforeTax": "726400000", "incomeTaxExpense": "183800000", "interestAndDebtExpense": "None", "netIncomeFromContinuingOperations": "534600000", "comprehensiveIncomeNetOfTax": "None", "ebit": "932700000", "ebitda": "1218800000", "netIncome": "536800000"}, {"fiscalDateEnding": "2012-12-31", "reportedCurrency": "USD", "grossProfit": "1269592000", "totalRevenue": "4416146000", "costOfRevenue": "3146554000", "costofGoodsAndServicesSold": "3146554000", "operatingIncome": "-43119000", "sellingGeneralAndAdministrative": "1158436000", "researchAndDevelopment": "93557000", "operatingExpenses": "1251993000", "investmentIncomeNet": "None", "netInterestIncome": "None", "interestIncome": "None", "interestExpense": "67635000", "nonInterestIncome": "None", "otherNonOperatingIncome": "-70309000", "depreciation": "None", "depreciationAndAmortization": "163792000", "incomeBeforeTax": "-183965000", "incomeTaxExpense": "-79353000", "interestAndDebtExpense": "None", "netIncomeFromContinuingOperations": "-104612000", "comprehensiveIncomeNetOfTax": "None", "ebit": "-113428000", "ebitda": "50364000", "netIncome": "-107186000"}, {"fiscalDateEnding": "2011-12-31", "reportedCurrency": "USD", "grossProfit": "1073722000", "totalRevenue": "3456686000", "costOfRevenue": "2382964000", "costofGoodsAndServicesSold": "2382964000", "operatingIncome": "168517000", "sellingGeneralAndAdministrative": "626527000", "researchAndDevelopment": "78158000", "operatingExpenses": "704685000", "investmentIncomeNet": "None", "netInterestIncome": "None", "interestIncome": "None", "interestExpense": "58835000", "nonInterestIncome": "None", "otherNonOperatingIncome": "None", "depreciation": "None", "depreciationAndAmortization": "108132000", "incomeBeforeTax": "111580000", "incomeTaxExpense": "73059000", "interestAndDebtExpense": "None", "netIncomeFromContinuingOperations": "None", "comprehensiveIncomeNetOfTax": "None", "ebit": "103533000", "ebitda": "211665000", "netIncome": "34222000"}, {"fiscalDateEnding": "2010-12-31", "reportedCurrency": "USD", "grossProfit": "930640000", "totalRevenue": "3030773000", "costOfRevenue": "2100133000", "costofGoodsAndServicesSold": "2100133000", "operatingIncome": "334155000", "sellingGeneralAndAdministrative": "529329000", "researchAndDevelopment": "67156000", "operatingExpenses": "596485000", "investmentIncomeNet": "None", "netInterestIncome": "None", "interestIncome": "None", "interestExpense": "37379000", "nonInterestIncome": "None", "otherNonOperatingIncome": "3371000", "depreciation": "None", "depreciationAndAmortization": "84179000", "incomeBeforeTax": "300147000", "incomeTaxExpense": "97200000", "interestAndDebtExpense": "None", "netIncomeFromContinuingOperations": "202321000", "comprehensiveIncomeNetOfTax": "None", "ebit": "337526000", "ebitda": "421705000", "netIncome": "197828000"}, {"fiscalDateEnding": "2009-12-31", "reportedCurrency": "USD", "grossProfit": "785135000", "totalRevenue": "2692468000", "costOfRevenue": "1907333000", "costofGoodsAndServicesSold": "1907333000", "operatingIncome": "219948000", "sellingGeneralAndAdministrative": "507303000", "researchAndDevelopment": "57884000", "operatingExpenses": "565187000", "investmentIncomeNet": "None", "netInterestIncome": "None", "interestIncome": "None", "interestExpense": "41118000", "nonInterestIncome": "None", "otherNonOperatingIncome": "None", "depreciation": "None", "depreciationAndAmortization": "105480000", "incomeBeforeTax": "172647000", "incomeTaxExpense": "56428000", "interestAndDebtExpense": "None", "netIncomeFromContinuingOperations": "None", "comprehensiveIncomeNetOfTax": "None", "ebit": "214764000", "ebitda": "320244000", "netIncome": "115493000"}, {"fiscalDateEnding": "2008-12-31", "reportedCurrency": "USD", "grossProfit": "1014550000", "totalRevenue": "3351976000", "costOfRevenue": "2337426000", "costofGoodsAndServicesSold": "2337426000", "operatingIncome": "324685000", "sellingGeneralAndAdministrative": "606980000", "researchAndDevelopment": "62450000", "operatingExpenses": "689865000", "investmentIncomeNet": "None", "netInterestIncome": "None", "interestIncome": "None", "interestExpense": "61464000", "nonInterestIncome": "None", "otherNonOperatingIncome": "None", "depreciation": "None", "depreciationAndAmortization": "87281000", "incomeBeforeTax": "367140000", "incomeTaxExpense": "108344000", "interestAndDebtExpense": "None", "netIncomeFromContinuingOperations": "None", "comprehensiveIncomeNetOfTax": "None", "ebit": "428604000", "ebitda": "515885000", "netIncome": "228734000"}, {"fiscalDateEnding": "2007-12-31", "reportedCurrency": "USD", "grossProfit": "1024650000", "totalRevenue": "3398698000", "costOfRevenue": "2374048000", "costofGoodsAndServicesSold": "2374048000", "operatingIncome": "377975000", "sellingGeneralAndAdministrative": "587865000", "researchAndDevelopment": "58810000", "operatingExpenses": "646675000", "investmentIncomeNet": "None", "netInterestIncome": "None", "interestIncome": "None", "interestExpense": "71894000", "nonInterestIncome": "None", "otherNonOperatingIncome": "None", "depreciation": "None", "depreciationAndAmortization": "84549000", "incomeBeforeTax": "303643000", "incomeTaxExpense": "93154000", "interestAndDebtExpense": "None", "netIncomeFromContinuingOperations": "None", "comprehensiveIncomeNetOfTax": "None", "ebit": "375537000", "ebitda": "460086000", "netIncome": "210927000"}, {"fiscalDateEnding": "2006-12-31", "reportedCurrency": "USD", "grossProfit": "906250000", "totalRevenue": "3154469000", "costOfRevenue": "2248219000", "costofGoodsAndServicesSold": "2248219000", "operatingIncome": "306986000", "sellingGeneralAndAdministrative": "541209000", "researchAndDevelopment": "58055000", "operatingExpenses": "599264000", "investmentIncomeNet": "None", "netInterestIncome": "None", "interestIncome": "None", "interestExpense": "52626000", "nonInterestIncome": "None", "otherNonOperatingIncome": "None", "depreciation": "None", "depreciationAndAmortization": "75096000", "incomeBeforeTax": "255469000", "incomeTaxExpense": "71702000", "interestAndDebtExpense": "None", "netIncomeFromContinuingOperations": "None", "comprehensiveIncomeNetOfTax": "None", "ebit": "308095000", "ebitda": "383191000", "netIncome": "183731000"}, {"fiscalDateEnding": "2005-12-31", "reportedCurrency": "USD", "grossProfit": "848021000", "totalRevenue": "2946579000", "costOfRevenue": "2098558000", "costofGoodsAndServicesSold": "2098558000", "operatingIncome": "323072000", "sellingGeneralAndAdministrative": "478907000", "researchAndDevelopment": "46042000", "operatingExpenses": "524949000", "investmentIncomeNet": "None", "netInterestIncome": "None", "interestIncome": "None", "interestExpense": "45565000", "nonInterestIncome": "None", "otherNonOperatingIncome": "None", "depreciation": "None", "depreciationAndAmortization": "72560000", "incomeBeforeTax": "283518000", "incomeTaxExpense": "98469000", "interestAndDebtExpense": "None", "netIncomeFromContinuingOperations": "None", "comprehensiveIncomeNetOfTax": "None", "ebit": "323072000", "ebitda": "395632000", "netIncome": "185049000"}], "quarterlyReports": [{"fiscalDateEnding": "2024-12-31", "reportedCurrency": "USD", "grossProfit": "377600000", "totalRevenue": "972900000", "costOfRevenue": "595300000", "costofGoodsAndServicesSold": "595300000", "operatingIncome": "195100000", "sellingGeneralAndAdministrative": "149100000", "researchAndDevelopment": "21800000", "operatingExpenses": "182500000", "investmentIncomeNet": "None", "netInterestIncome": "-15200000", "interestIncome": "None", "interestExpense": "15200000", "nonInterestIncome": "None", "otherNonOperatingIncome": "None", "depreciation": "None", "depreciationAndAmortization": "None", "incomeBeforeTax": "184400000", "incomeTaxExpense": "18000000", "interestAndDebtExpense": "None", "netIncomeFromContinuingOperations": "166400000", "comprehensiveIncomeNetOfTax": "None", "ebit": "None", "ebitda": "195100000", "netIncome": "166400000"}, {"fiscalDateEnding": "2024-09-30", "reportedCurrency": "USD", "grossProfit": "393200000", "totalRevenue": "993400000", "costOfRevenue": "600200000", "costofGoodsAndServicesSold": "600200000", "operatingIncome": "179900000", "sellingGeneralAndAdministrative": "161300000", "researchAndDevelopment": "22900000", "operatingExpenses": "213300000", "investmentIncomeNet": "None", "netInterestIncome": "-19800000", "interestIncome": "None", "interestExpense": "19800000", "nonInterestIncome": "None", "otherNonOperatingIncome": "None", "depreciation": "None", "depreciationAndAmortization": "28400000", "incomeBeforeTax": "160200000", "incomeTaxExpense": "20600000", "interestAndDebtExpense": "None", "netIncomeFromContinuingOperations": "139600000", "comprehensiveIncomeNetOfTax": "None", "ebit": "180000000", "ebitda": "208400000", "netIncome": "139600000"}, {"fiscalDateEnding": "2024-06-30", "reportedCurrency": "USD", "grossProfit": "437900000", "totalRevenue": "1099300000", "costOfRevenue": "661400000", "costofGoodsAndServicesSold": "661400000", "operatingIncome": "265100000", "sellingGeneralAndAdministrative": "165100000", "researchAndDevelopment": "24800000", "operatingExpenses": "172800000", "investmentIncomeNet": "None", "netInterestIncome": "-26300000", "interestIncome": "None", "interestExpense": "26300000", "nonInterestIncome": "None", "otherNonOperatingIncome": "None", "depreciation": "None", "depreciationAndAmortization": "28900000", "incomeBeforeTax": "220900000", "incomeTaxExpense": "34800000", "interestAndDebtExpense": "None", "netIncomeFromContinuingOperations": "186100000", "comprehensiveIncomeNetOfTax": "None", "ebit": "265100000", "ebitda": "294000000", "netIncome": "186100000"}, {"fiscalDateEnding": "2024-03-31", "reportedCurrency": "USD", "grossProfit": "390100000", "totalRevenue": "1017200000", "costOfRevenue": "627100000", "costofGoodsAndServicesSold": "627100000", "operatingIncome": "202800000", "sellingGeneralAndAdministrative": "185200000", "researchAndDevelopment": "24100000", "operatingExpenses": "187300000", "investmentIncomeNet": "None", "netInterestIncome": "-27300000", "interestIncome": "None", "interestExpense": "27300000", "nonInterestIncome": "None", "otherNonOperatingIncome": "None", "depreciation": "None", "depreciationAndAmortization": "28400000", "incomeBeforeTax": "153400000", "incomeTaxExpense": "19900000", "interestAndDebtExpense": "None", "netIncomeFromContinuingOperations": "133500000", "comprehensiveIncomeNetOfTax": "None", "ebit": "202800000", "ebitda": "231200000", "netIncome": "133300000"}, {"fiscalDateEnding": "2023-12-31", "reportedCurrency": "USD", "grossProfit": "379900000", "totalRevenue": "984600000", "costOfRevenue": "604700000", "costofGoodsAndServicesSold": "604700000", "operatingIncome": "167000000", "sellingGeneralAndAdministrative": "175600000", "researchAndDevelopment": "23500000", "operatingExpenses": "212900000", "investmentIncomeNet": "None", "netInterestIncome": "-26600000", "interestIncome": "None", "interestExpense": "26600000", "nonInterestIncome": "None", "otherNonOperatingIncome": "None", "depreciation": "None", "depreciationAndAmortization": "29000000", "incomeBeforeTax": "134000000", "incomeTaxExpense": "-74100000", "interestAndDebtExpense": "None", "netIncomeFromContinuingOperations": "208100000", "comprehensiveIncomeNetOfTax": "None", "ebit": "176900000", "ebitda": "205900000", "netIncome": "208000000"}, {"fiscalDateEnding": "2023-09-30", "reportedCurrency": "USD", "grossProfit": "371800000", "totalRevenue": "1008800000", "costOfRevenue": "637000000", "costofGoodsAndServicesSold": "637000000", "operatingIncome": "180100000", "sellingGeneralAndAdministrative": "166200000", "researchAndDevelopment": "25500000", "operatingExpenses": "191700000", "investmentIncomeNet": "None", "netInterestIncome": "-27500000", "interestIncome": "27500000", "interestExpense": "27500000", "nonInterestIncome": "None", "otherNonOperatingIncome": "None", "depreciation": "None", "depreciationAndAmortization": "28700000", "incomeBeforeTax": "152900000", "incomeTaxExpense": "20800000", "interestAndDebtExpense": "None", "netIncomeFromContinuingOperations": "132100000", "comprehensiveIncomeNetOfTax": "None", "ebit": "180400000", "ebitda": "209100000", "netIncome": "132100000"}, {"fiscalDateEnding": "2023-06-30", "reportedCurrency": "USD", "grossProfit": "399500000", "totalRevenue": "1082500000", "costOfRevenue": "683000000", "costofGoodsAndServicesSold": "683000000", "operatingIncome": "208500000", "sellingGeneralAndAdministrative": "165100000", "researchAndDevelopment": "25900000", "operatingExpenses": "191000000", "investmentIncomeNet": "None", "netInterestIncome": "-31800000", "interestIncome": "31800000", "interestExpense": "31800000", "nonInterestIncome": "None", "otherNonOperatingIncome": "4800000", "depreciation": "None", "depreciationAndAmortization": "28600000", "incomeBeforeTax": "181500000", "incomeTaxExpense": "27300000", "interestAndDebtExpense": "None", "netIncomeFromContinuingOperations": "154200000", "comprehensiveIncomeNetOfTax": "None", "ebit": "213300000", "ebitda": "241900000", "netIncome": "152900000"}, {"fiscalDateEnding": "2023-03-31", "reportedCurrency": "USD", "grossProfit": "381800000", "totalRevenue": "1028600000", "costOfRevenue": "646800000", "costofGoodsAndServicesSold": "646800000", "operatingIncome": "183600000", "sellingGeneralAndAdministrative": "173300000", "researchAndDevelopment": "24900000", "operatingExpenses": "198200000", "investmentIncomeNet": "None", "netInterestIncome": "-32400000", "interestIncome": "32400000", "interestExpense": "32400000", "nonInterestIncome": "None", "otherNonOperatingIncome": "-700000", "depreciation": "None", "depreciationAndAmortization": "28500000", "incomeBeforeTax": "150500000", "incomeTaxExpense": "22000000", "interestAndDebtExpense": "None", "netIncomeFromContinuingOperations": "128500000", "comprehensiveIncomeNetOfTax": "None", "ebit": "182900000", "ebitda": "211400000", "netIncome": "129700000"}, {"fiscalDateEnding": "2022-12-31", "reportedCurrency": "USD", "grossProfit": "324800000", "totalRevenue": "1002900000", "costOfRevenue": "678100000", "costofGoodsAndServicesSold": "678100000", "operatingIncome": "111600000", "sellingGeneralAndAdministrative": "190100000", "researchAndDevelopment": "23100000", "operatingExpenses": "213200000", "investmentIncomeNet": "None", "netInterestIncome": "-27600000", "interestIncome": "27600000", "interestExpense": "27600000", "nonInterestIncome": "None", "otherNonOperatingIncome": "17400000", "depreciation": "None", "depreciationAndAmortization": "35300000", "incomeBeforeTax": "101400000", "incomeTaxExpense": "5100000", "interestAndDebtExpense": "None", "netIncomeFromContinuingOperations": "96300000", "comprehensiveIncomeNetOfTax": "None", "ebit": "129000000", "ebitda": "164300000", "netIncome": "95000000"}, {"fiscalDateEnding": "2022-09-30", "reportedCurrency": "USD", "grossProfit": "348100000", "totalRevenue": "1055100000", "costOfRevenue": "707000000", "costofGoodsAndServicesSold": "707000000", "operatingIncome": "147100000", "sellingGeneralAndAdministrative": "177300000", "researchAndDevelopment": "23700000", "operatingExpenses": "201000000", "investmentIncomeNet": "None", "netInterestIncome": "-19300000", "interestIncome": "19300000", "interestExpense": "19300000", "nonInterestIncome": "None", "otherNonOperatingIncome": "-100000", "depreciation": "None", "depreciationAndAmortization": "31900000", "incomeBeforeTax": "127700000", "incomeTaxExpense": "12300000", "interestAndDebtExpense": "None", "netIncomeFromContinuingOperations": "115400000", "comprehensiveIncomeNetOfTax": "None", "ebit": "175500000", "ebitda": "207400000", "netIncome": "115400000"}, {"fiscalDateEnding": "2022-06-30", "reportedCurrency": "USD", "grossProfit": "359500000", "totalRevenue": "1064200000", "costOfRevenue": "704700000", "costofGoodsAndServicesSold": "704700000", "operatingIncome": "190800000", "sellingGeneralAndAdministrative": "145600000", "researchAndDevelopment": "23100000", "operatingExpenses": "168700000", "investmentIncomeNet": "None", "netInterestIncome": "-9200000", "interestIncome": "9200000", "interestExpense": "9200000", "nonInterestIncome": "None", "otherNonOperatingIncome": "-100000", "depreciation": "None", "depreciationAndAmortization": "19800000", "incomeBeforeTax": "181500000", "incomeTaxExpense": "28500000", "interestAndDebtExpense": "None", "netIncomeFromContinuingOperations": "153000000", "comprehensiveIncomeNetOfTax": "None", "ebit": "190700000", "ebitda": "210500000", "netIncome": "152900000"}, {"fiscalDateEnding": "2022-03-31", "reportedCurrency": "USD", "grossProfit": "332200000", "totalRevenue": "999600000", "costOfRevenue": "667400000", "costofGoodsAndServicesSold": "667400000", "operatingIncome": "145800000", "sellingGeneralAndAdministrative": "164100000", "researchAndDevelopment": "22300000", "operatingExpenses": "186400000", "investmentIncomeNet": "None", "netInterestIncome": "-5700000", "interestIncome": "5700000", "interestExpense": "5700000", "nonInterestIncome": "None", "otherNonOperatingIncome": "-100000", "depreciation": "None", "depreciationAndAmortization": "19600000", "incomeBeforeTax": "140000000", "incomeTaxExpense": "21500000", "interestAndDebtExpense": "None", "netIncomeFromContinuingOperations": "118500000", "comprehensiveIncomeNetOfTax": "None", "ebit": "145700000", "ebitda": "165300000", "netIncome": "117600000"}, {"fiscalDateEnding": "2021-12-31", "reportedCurrency": "USD", "grossProfit": "328200000", "totalRevenue": "988600000", "costOfRevenue": "660400000", "costofGoodsAndServicesSold": "660400000", "operatingIncome": "150700000", "sellingGeneralAndAdministrative": "156000000", "researchAndDevelopment": "21500000", "operatingExpenses": "177500000", "investmentIncomeNet": "None", "netInterestIncome": "-1000000", "interestIncome": "1000000", "interestExpense": "1000000", "nonInterestIncome": "None", "otherNonOperatingIncome": "2000000", "depreciation": "None", "depreciationAndAmortization": "19800000", "incomeBeforeTax": "151700000", "incomeTaxExpense": "3100000", "interestAndDebtExpense": "None", "netIncomeFromContinuingOperations": "148600000", "comprehensiveIncomeNetOfTax": "None", "ebit": "158600000", "ebitda": "178400000", "netIncome": "148700000"}, {"fiscalDateEnding": "2021-09-30", "reportedCurrency": "USD", "grossProfit": "334800000", "totalRevenue": "969200000", "costOfRevenue": "634400000", "costofGoodsAndServicesSold": "634400000", "operatingIncome": "167300000", "sellingGeneralAndAdministrative": "145600000", "researchAndDevelopment": "21900000", "operatingExpenses": "167500000", "investmentIncomeNet": "None", "netInterestIncome": "-2600000", "interestIncome": "2600000", "interestExpense": "2600000", "nonInterestIncome": "None", "otherNonOperatingIncome": "1100000", "depreciation": "None", "depreciationAndAmortization": "18800000", "incomeBeforeTax": "165800000", "incomeTaxExpense": "22100000", "interestAndDebtExpense": "None", "netIncomeFromContinuingOperations": "143700000", "comprehensiveIncomeNetOfTax": "None", "ebit": "171300000", "ebitda": "190100000", "netIncome": "143600000"}, {"fiscalDateEnding": "2021-06-30", "reportedCurrency": "USD", "grossProfit": "341000000", "totalRevenue": "941100000", "costOfRevenue": "600100000", "costofGoodsAndServicesSold": "600100000", "operatingIncome": "161800000", "sellingGeneralAndAdministrative": "158200000", "researchAndDevelopment": "21000000", "operatingExpenses": "179200000", "investmentIncomeNet": "None", "netInterestIncome": "-3800000", "interestIncome": "3800000", "interestExpense": "3800000", "nonInterestIncome": "None", "otherNonOperatingIncome": "-300000", "depreciation": "None", "depreciationAndAmortization": "19100000", "incomeBeforeTax": "157700000", "incomeTaxExpense": "25100000", "interestAndDebtExpense": "None", "netIncomeFromContinuingOperations": "132600000", "comprehensiveIncomeNetOfTax": "None", "ebit": "167900000", "ebitda": "187000000", "netIncome": "132100000"}, {"fiscalDateEnding": "2021-03-31", "reportedCurrency": "USD", "grossProfit": "315200000", "totalRevenue": "865900000", "costOfRevenue": "550700000", "costofGoodsAndServicesSold": "550700000", "operatingIncome": "157100000", "sellingGeneralAndAdministrative": "136600000", "researchAndDevelopment": "21500000", "operatingExpenses": "158100000", "investmentIncomeNet": "None", "netInterestIncome": "-5100000", "interestIncome": "5100000", "interestExpense": "5100000", "nonInterestIncome": "None", "otherNonOperatingIncome": "-400000", "depreciation": "None", "depreciationAndAmortization": "19800000", "incomeBeforeTax": "151600000", "incomeTaxExpense": "20500000", "interestAndDebtExpense": "None", "netIncomeFromContinuingOperations": "131100000", "comprehensiveIncomeNetOfTax": "None", "ebit": "156700000", "ebitda": "176500000", "netIncome": "128600000"}, {"fiscalDateEnding": "2020-12-31", "reportedCurrency": "USD", "grossProfit": "283500000", "totalRevenue": "796000000", "costOfRevenue": "512500000", "costofGoodsAndServicesSold": "512500000", "operatingIncome": "121500000", "sellingGeneralAndAdministrative": "141900000", "researchAndDevelopment": "20100000", "operatingExpenses": "162000000", "investmentIncomeNet": "None", "netInterestIncome": "-3900000", "interestIncome": "3900000", "interestExpense": "3900000", "nonInterestIncome": "None", "otherNonOperatingIncome": "-8100000", "depreciation": "None", "depreciationAndAmortization": "19200000", "incomeBeforeTax": "110700000", "incomeTaxExpense": "10900000", "interestAndDebtExpense": "None", "netIncomeFromContinuingOperations": "99800000", "comprehensiveIncomeNetOfTax": "None", "ebit": "121100000", "ebitda": "140300000", "netIncome": "103000000"}, {"fiscalDateEnding": "2020-09-30", "reportedCurrency": "USD", "grossProfit": "277400000", "totalRevenue": "798500000", "costOfRevenue": "521100000", "costofGoodsAndServicesSold": "521100000", "operatingIncome": "128100000", "sellingGeneralAndAdministrative": "130000000", "researchAndDevelopment": "19300000", "operatingExpenses": "149300000", "investmentIncomeNet": "None", "netInterestIncome": "-5400000", "interestIncome": "5400000", "interestExpense": "5400000", "nonInterestIncome": "None", "otherNonOperatingIncome": "2500000", "depreciation": "None", "depreciationAndAmortization": "18500000", "incomeBeforeTax": "125200000", "incomeTaxExpense": "14400000", "interestAndDebtExpense": "None", "netIncomeFromContinuingOperations": "110800000", "comprehensiveIncomeNetOfTax": "None", "ebit": "130600000", "ebitda": "149100000", "netIncome": "110800000"}, {"fiscalDateEnding": "2020-06-30", "reportedCurrency": "USD", "grossProfit": "245100000", "totalRevenue": "713300000", "costOfRevenue": "468200000", "costofGoodsAndServicesSold": "468200000", "operatingIncome": "111100000", "sellingGeneralAndAdministrative": "116700000", "researchAndDevelopment": "17300000", "operatingExpenses": "134000000", "investmentIncomeNet": "None", "netInterestIncome": "-7700000", "interestIncome": "7700000", "interestExpense": "7700000", "nonInterestIncome": "None", "otherNonOperatingIncome": "200000", "depreciation": "None", "depreciationAndAmortization": "18200000", "incomeBeforeTax": "103600000", "incomeTaxExpense": "29800000", "interestAndDebtExpense": "None", "netIncomeFromContinuingOperations": "73800000", "comprehensiveIncomeNetOfTax": "None", "ebit": "112200000", "ebitda": "130400000", "netIncome": "72100000"}, {"fiscalDateEnding": "2020-03-31", "reportedCurrency": "USD", "grossProfit": "251600000", "totalRevenue": "710000000", "costOfRevenue": "458400000", "costofGoodsAndServicesSold": "458400000", "operatingIncome": "100700000", "sellingGeneralAndAdministrative": "131900000", "researchAndDevelopment": "19000000", "operatingExpenses": "150900000", "investmentIncomeNet": "None", "netInterestIncome": "-6900000", "interestIncome": "6900000", "interestExpense": "6900000", "nonInterestIncome": "None", "otherNonOperatingIncome": "None", "depreciation": "None", "depreciationAndAmortization": "19200000", "incomeBeforeTax": "92600000", "incomeTaxExpense": "19900000", "interestAndDebtExpense": "None", "netIncomeFromContinuingOperations": "72700000", "comprehensiveIncomeNetOfTax": "None", "ebit": "99500000", "ebitda": "118700000", "netIncome": "72700000"}, {"fiscalDateEnding": "2019-12-31", "reportedCurrency": "USD", "grossProfit": "274200000", "totalRevenue": "755200000", "costOfRevenue": "481000000", "costofGoodsAndServicesSold": "481000000", "operatingIncome": "122300000", "sellingGeneralAndAdministrative": "134200000", "researchAndDevelopment": "17700000", "operatingExpenses": "151900000", "investmentIncomeNet": "None", "netInterestIncome": "-6500000", "interestIncome": "6500000", "interestExpense": "6500000", "nonInterestIncome": "None", "otherNonOperatingIncome": "-1100000", "depreciation": "None", "depreciationAndAmortization": "19500000", "incomeBeforeTax": "105900000", "incomeTaxExpense": "3000000", "interestAndDebtExpense": "None", "netIncomeFromContinuingOperations": "102900000", "comprehensiveIncomeNetOfTax": "None", "ebit": "108100000", "ebitda": "127600000", "netIncome": "97800000"}, {"fiscalDateEnding": "2019-09-30", "reportedCurrency": "USD", "grossProfit": "255000000", "totalRevenue": "713600000", "costOfRevenue": "458600000", "costofGoodsAndServicesSold": "458600000", "operatingIncome": "108800000", "sellingGeneralAndAdministrative": "126400000", "researchAndDevelopment": "19800000", "operatingExpenses": "146200000", "investmentIncomeNet": "None", "netInterestIncome": "-6900000", "interestIncome": "6900000", "interestExpense": "6900000", "nonInterestIncome": "None", "otherNonOperatingIncome": "-100000", "depreciation": "None", "depreciationAndAmortization": "19600000", "incomeBeforeTax": "101200000", "incomeTaxExpense": "9900000", "interestAndDebtExpense": "None", "netIncomeFromContinuingOperations": "91300000", "comprehensiveIncomeNetOfTax": "None", "ebit": "111700000", "ebitda": "131300000", "netIncome": "92300000"}, {"fiscalDateEnding": "2019-06-30", "reportedCurrency": "USD", "grossProfit": "286700000", "totalRevenue": "799500000", "costOfRevenue": "512800000", "costofGoodsAndServicesSold": "512800000", "operatingIncome": "133800000", "sellingGeneralAndAdministrative": "132200000", "researchAndDevelopment": "20700000", "operatingExpenses": "152900000", "investmentIncomeNet": "None", "netInterestIncome": "-9400000", "interestIncome": "9400000", "interestExpense": "9400000", "nonInterestIncome": "None", "otherNonOperatingIncome": "-100000", "depreciation": "None", "depreciationAndAmortization": "20700000", "incomeBeforeTax": "137200000", "incomeTaxExpense": "22100000", "interestAndDebtExpense": "None", "netIncomeFromContinuingOperations": "115100000", "comprehensiveIncomeNetOfTax": "None", "ebit": "140500000", "ebitda": "161200000", "netIncome": "114300000"}, {"fiscalDateEnding": "2019-03-31", "reportedCurrency": "USD", "grossProfit": "235600000", "totalRevenue": "688900000", "costOfRevenue": "453300000", "costofGoodsAndServicesSold": "453300000", "operatingIncome": "67600000", "sellingGeneralAndAdministrative": "147300000", "researchAndDevelopment": "20700000", "operatingExpenses": "168000000", "investmentIncomeNet": "None", "netInterestIncome": "-7300000", "interestIncome": "None", "interestExpense": "7300000", "nonInterestIncome": "None", "otherNonOperatingIncome": "3500000", "depreciation": "None", "depreciationAndAmortization": "20200000", "incomeBeforeTax": "63200000", "incomeTaxExpense": "10800000", "interestAndDebtExpense": "None", "netIncomeFromContinuingOperations": "52400000", "comprehensiveIncomeNetOfTax": "None", "ebit": "84000000", "ebitda": "104200000", "netIncome": "51300000"}, {"fiscalDateEnding": "2018-12-31", "reportedCurrency": "USD", "grossProfit": "268000000", "totalRevenue": "740500000", "costOfRevenue": "472500000", "costofGoodsAndServicesSold": "472500000", "operatingIncome": "113000000", "sellingGeneralAndAdministrative": "135300000", "researchAndDevelopment": "19700000", "operatingExpenses": "155000000", "investmentIncomeNet": "None", "netInterestIncome": "None", "interestIncome": "None", "interestExpense": "4700000", "nonInterestIncome": "None", "otherNonOperatingIncome": "-900000", "depreciation": "None", "depreciationAndAmortization": "20700000", "incomeBeforeTax": "105800000", "incomeTaxExpense": "11600000", "interestAndDebtExpense": "None", "netIncomeFromContinuingOperations": "48400000", "comprehensiveIncomeNetOfTax": "None", "ebit": "104400000", "ebitda": "125100000", "netIncome": "92900000"}, {"fiscalDateEnding": "2018-09-30", "reportedCurrency": "USD", "grossProfit": "243800000", "totalRevenue": "711400000", "costOfRevenue": "467600000", "costofGoodsAndServicesSold": "467600000", "operatingIncome": "108400000", "sellingGeneralAndAdministrative": "116300000", "researchAndDevelopment": "19100000", "operatingExpenses": "135400000", "investmentIncomeNet": "None", "netInterestIncome": "None", "interestIncome": "None", "interestExpense": "4300000", "nonInterestIncome": "None", "otherNonOperatingIncome": "-200000", "depreciation": "None", "depreciationAndAmortization": "20600000", "incomeBeforeTax": "101800000", "incomeTaxExpense": "10600000", "interestAndDebtExpense": "None", "netIncomeFromContinuingOperations": "91200000", "comprehensiveIncomeNetOfTax": "None", "ebit": "111900000", "ebitda": "132500000", "netIncome": "110100000"}, {"fiscalDateEnding": "2018-06-30", "reportedCurrency": "USD", "grossProfit": "282600000", "totalRevenue": "780600000", "costOfRevenue": "498000000", "costofGoodsAndServicesSold": "498000000", "operatingIncome": "122600000", "sellingGeneralAndAdministrative": "140900000", "researchAndDevelopment": "19100000", "operatingExpenses": "160000000", "investmentIncomeNet": "None", "netInterestIncome": "None", "interestIncome": "None", "interestExpense": "10100000", "nonInterestIncome": "None", "otherNonOperatingIncome": "-900000", "depreciation": "None", "depreciationAndAmortization": "-2900000", "incomeBeforeTax": "98700000", "incomeTaxExpense": "20800000", "interestAndDebtExpense": "None", "netIncomeFromContinuingOperations": "77900000", "comprehensiveIncomeNetOfTax": "None", "ebit": "124200000", "ebitda": "121300000", "netIncome": "41500000"}, {"fiscalDateEnding": "2018-03-31", "reportedCurrency": "USD", "grossProfit": "462000000", "totalRevenue": "1269700000", "costOfRevenue": "807700000", "costofGoodsAndServicesSold": "807700000", "operatingIncome": "152300000", "sellingGeneralAndAdministrative": "279600000", "researchAndDevelopment": "30100000", "operatingExpenses": "309700000", "investmentIncomeNet": "None", "netInterestIncome": "None", "interestIncome": "None", "interestExpense": "13800000", "nonInterestIncome": "None", "otherNonOperatingIncome": "-5300000", "depreciation": "None", "depreciationAndAmortization": "46200000", "incomeBeforeTax": "131800000", "incomeTaxExpense": "27600000", "interestAndDebtExpense": "None", "netIncomeFromContinuingOperations": "104200000", "comprehensiveIncomeNetOfTax": "None", "ebit": "145600000", "ebitda": "191800000", "netIncome": "102900000"}, {"fiscalDateEnding": "2017-12-31", "reportedCurrency": "USD", "grossProfit": "468300000", "totalRevenue": "1260900000", "costOfRevenue": "792600000", "costofGoodsAndServicesSold": "792600000", "operatingIncome": "137400000", "sellingGeneralAndAdministrative": "302200000", "researchAndDevelopment": "28700000", "operatingExpenses": "330900000", "investmentIncomeNet": "None", "netInterestIncome": "None", "interestIncome": "None", "interestExpense": "13100000", "nonInterestIncome": "None", "otherNonOperatingIncome": "-5100000", "depreciation": "None", "depreciationAndAmortization": "45800000", "incomeBeforeTax": "124300000", "incomeTaxExpense": "-79700000", "interestAndDebtExpense": "None", "netIncomeFromContinuingOperations": "203900000", "comprehensiveIncomeNetOfTax": "None", "ebit": "137400000", "ebitda": "183200000", "netIncome": "189600000"}, {"fiscalDateEnding": "2017-09-30", "reportedCurrency": "USD", "grossProfit": "455300000", "totalRevenue": "1226800000", "costOfRevenue": "771500000", "costofGoodsAndServicesSold": "771500000", "operatingIncome": "192200000", "sellingGeneralAndAdministrative": "234700000", "researchAndDevelopment": "28400000", "operatingExpenses": "263100000", "investmentIncomeNet": "None", "netInterestIncome": "None", "interestIncome": "None", "interestExpense": "13900000", "nonInterestIncome": "None", "otherNonOperatingIncome": "300000", "depreciation": "None", "depreciationAndAmortization": "46500000", "incomeBeforeTax": "174800000", "incomeTaxExpense": "47700000", "interestAndDebtExpense": "None", "netIncomeFromContinuingOperations": "127100000", "comprehensiveIncomeNetOfTax": "None", "ebit": "188700000", "ebitda": "235200000", "netIncome": "125400000"}, {"fiscalDateEnding": "2017-06-30", "reportedCurrency": "USD", "grossProfit": "483200000", "totalRevenue": "1265300000", "costOfRevenue": "782100000", "costofGoodsAndServicesSold": "782100000", "operatingIncome": "212800000", "sellingGeneralAndAdministrative": "241700000", "researchAndDevelopment": "28700000", "operatingExpenses": "270400000", "investmentIncomeNet": "None", "netInterestIncome": "None", "interestIncome": "None", "interestExpense": "25300000", "nonInterestIncome": "None", "otherNonOperatingIncome": "400000", "depreciation": "None", "depreciationAndAmortization": "45200000", "incomeBeforeTax": "86500000", "incomeTaxExpense": "18200000", "interestAndDebtExpense": "None", "netIncomeFromContinuingOperations": "68300000", "comprehensiveIncomeNetOfTax": "None", "ebit": "111800000", "ebitda": "157000000", "netIncome": "263700000"}, {"fiscalDateEnding": "2017-03-31", "reportedCurrency": "USD", "grossProfit": "422300000", "totalRevenue": "1183500000", "costOfRevenue": "761200000", "costofGoodsAndServicesSold": "761200000", "operatingIncome": "138400000", "sellingGeneralAndAdministrative": "253900000", "researchAndDevelopment": "30000000", "operatingExpenses": "283900000", "investmentIncomeNet": "None", "netInterestIncome": "None", "interestIncome": "None", "interestExpense": "35000000", "nonInterestIncome": "None", "otherNonOperatingIncome": "200000", "depreciation": "None", "depreciationAndAmortization": "45400000", "incomeBeforeTax": "103600000", "incomeTaxExpense": "22900000", "interestAndDebtExpense": "None", "netIncomeFromContinuingOperations": "80700000", "comprehensiveIncomeNetOfTax": "None", "ebit": "138600000", "ebitda": "184000000", "netIncome": "87800000"}, {"fiscalDateEnding": "2016-12-31", "reportedCurrency": "USD", "grossProfit": "440100000", "totalRevenue": "1188100000", "costOfRevenue": "748000000", "costofGoodsAndServicesSold": "748000000", "operatingIncome": "161800000", "sellingGeneralAndAdministrative": "251100000", "researchAndDevelopment": "27200000", "operatingExpenses": "278300000", "investmentIncomeNet": "None", "netInterestIncome": "None", "interestIncome": "None", "interestExpense": "34200000", "nonInterestIncome": "None", "otherNonOperatingIncome": "-7000000", "depreciation": "None", "depreciationAndAmortization": "44100000", "incomeBeforeTax": "125300000", "incomeTaxExpense": "15700000", "interestAndDebtExpense": "None", "netIncomeFromContinuingOperations": "83900000", "comprehensiveIncomeNetOfTax": "None", "ebit": "179700000", "ebitda": "223800000", "netIncome": "131000000"}, {"fiscalDateEnding": "2016-09-30", "reportedCurrency": "USD", "grossProfit": "440900000", "totalRevenue": "1210700000", "costOfRevenue": "769800000", "costofGoodsAndServicesSold": "769800000", "operatingIncome": "182800000", "sellingGeneralAndAdministrative": "228400000", "researchAndDevelopment": "29700000", "operatingExpenses": "258100000", "investmentIncomeNet": "None", "netInterestIncome": "None", "interestIncome": "None", "interestExpense": "34300000", "nonInterestIncome": "None", "otherNonOperatingIncome": "1200000", "depreciation": "None", "depreciationAndAmortization": "-6600000", "incomeBeforeTax": "149700000", "incomeTaxExpense": "32200000", "interestAndDebtExpense": "None", "netIncomeFromContinuingOperations": "117500000", "comprehensiveIncomeNetOfTax": "None", "ebit": "214700000", "ebitda": "208100000", "netIncome": "141000000"}, {"fiscalDateEnding": "2016-06-30", "reportedCurrency": "USD", "grossProfit": "599200000", "totalRevenue": "1733300000", "costOfRevenue": "1134100000", "costofGoodsAndServicesSold": "1134100000", "operatingIncome": "216900000", "sellingGeneralAndAdministrative": "348400000", "researchAndDevelopment": "33900000", "operatingExpenses": "382300000", "investmentIncomeNet": "None", "netInterestIncome": "None", "interestIncome": "None", "interestExpense": "35500000", "nonInterestIncome": "None", "otherNonOperatingIncome": "1000000", "depreciation": "None", "depreciationAndAmortization": "72400000", "incomeBeforeTax": "182400000", "incomeTaxExpense": "39600000", "interestAndDebtExpense": "None", "netIncomeFromContinuingOperations": "142800000", "comprehensiveIncomeNetOfTax": "None", "ebit": "179000000", "ebitda": "251400000", "netIncome": "142800000"}, {"fiscalDateEnding": "2016-03-31", "reportedCurrency": "USD", "grossProfit": "535400000", "totalRevenue": "1575500000", "costOfRevenue": "1040100000", "costofGoodsAndServicesSold": "1040100000", "operatingIncome": "170600000", "sellingGeneralAndAdministrative": "331600000", "researchAndDevelopment": "33200000", "operatingExpenses": "364800000", "investmentIncomeNet": "None", "netInterestIncome": "None", "interestIncome": "None", "interestExpense": "36400000", "nonInterestIncome": "None", "otherNonOperatingIncome": "900000", "depreciation": "None", "depreciationAndAmortization": "71100000", "incomeBeforeTax": "135100000", "incomeTaxExpense": "27700000", "interestAndDebtExpense": "None", "netIncomeFromContinuingOperations": "107400000", "comprehensiveIncomeNetOfTax": "None", "ebit": "127200000", "ebitda": "198300000", "netIncome": "107400000"}, {"fiscalDateEnding": "2015-12-31", "reportedCurrency": "USD", "grossProfit": "569300000", "totalRevenue": "1760700000", "costOfRevenue": "1191400000", "costofGoodsAndServicesSold": "1191400000", "operatingIncome": "162800000", "sellingGeneralAndAdministrative": "375600000", "researchAndDevelopment": "30900000", "operatingExpenses": "406500000", "investmentIncomeNet": "None", "netInterestIncome": "None", "interestIncome": "None", "interestExpense": "34600000", "nonInterestIncome": "None", "otherNonOperatingIncome": "3600000", "depreciation": "None", "depreciationAndAmortization": "75700000", "incomeBeforeTax": "125800000", "incomeTaxExpense": "32600000", "interestAndDebtExpense": "None", "netIncomeFromContinuingOperations": "-452300000", "comprehensiveIncomeNetOfTax": "None", "ebit": "-650200000", "ebitda": "-574500000", "netIncome": "92200000"}, {"fiscalDateEnding": "2015-09-30", "reportedCurrency": "USD", "grossProfit": "540100000", "totalRevenue": "1552100000", "costOfRevenue": "1012000000", "costofGoodsAndServicesSold": "1012000000", "operatingIncome": "180000000", "sellingGeneralAndAdministrative": "209800000", "researchAndDevelopment": "29900000", "operatingExpenses": "360100000", "investmentIncomeNet": "None", "netInterestIncome": "None", "interestIncome": "None", "interestExpense": "31300000", "nonInterestIncome": "None", "otherNonOperatingIncome": "900000", "depreciation": "None", "depreciationAndAmortization": "62800000", "incomeBeforeTax": "149600000", "incomeTaxExpense": "34400000", "interestAndDebtExpense": "None", "netIncomeFromContinuingOperations": "115200000", "comprehensiveIncomeNetOfTax": "None", "ebit": "117200000", "ebitda": "180000000", "netIncome": "115200000"}, {"fiscalDateEnding": "2015-06-30", "reportedCurrency": "USD", "grossProfit": "566200000", "totalRevenue": "1661200000", "costOfRevenue": "1095000000", "costofGoodsAndServicesSold": "1095000000", "operatingIncome": "217900000", "sellingGeneralAndAdministrative": "113000000", "researchAndDevelopment": "29000000", "operatingExpenses": "348300000", "investmentIncomeNet": "None", "netInterestIncome": "None", "interestIncome": "None", "interestExpense": "18600000", "nonInterestIncome": "None", "otherNonOperatingIncome": "600000", "depreciation": "None", "depreciationAndAmortization": "62400000", "incomeBeforeTax": "199900000", "incomeTaxExpense": "46000000", "interestAndDebtExpense": "None", "netIncomeFromContinuingOperations": "153900000", "comprehensiveIncomeNetOfTax": "None", "ebit": "218500000", "ebitda": "280900000", "netIncome": "147800000"}, {"fiscalDateEnding": "2015-03-31", "reportedCurrency": "USD", "grossProfit": "510200000", "totalRevenue": "1475000000", "costOfRevenue": "964800000", "costofGoodsAndServicesSold": "964800000", "operatingIncome": "171200000", "sellingGeneralAndAdministrative": "309200000", "researchAndDevelopment": "29800000", "operatingExpenses": "339000000", "investmentIncomeNet": "None", "netInterestIncome": "None", "interestIncome": "None", "interestExpense": "18200000", "nonInterestIncome": "None", "otherNonOperatingIncome": "500000", "depreciation": "None", "depreciationAndAmortization": "60000000", "incomeBeforeTax": "153500000", "incomeTaxExpense": "35300000", "interestAndDebtExpense": "None", "netIncomeFromContinuingOperations": "118200000", "comprehensiveIncomeNetOfTax": "None", "ebit": "171200000", "ebitda": "231200000", "netIncome": "113900000"}, {"fiscalDateEnding": "2014-12-31", "reportedCurrency": "USD", "grossProfit": "640900000", "totalRevenue": "1802500000", "costOfRevenue": "1161600000", "costofGoodsAndServicesSold": "1161600000", "operatingIncome": "189000000", "sellingGeneralAndAdministrative": "422800000", "researchAndDevelopment": "29100000", "operatingExpenses": "451900000", "investmentIncomeNet": "None", "netInterestIncome": "None", "interestIncome": "None", "interestExpense": "17500000", "nonInterestIncome": "None", "otherNonOperatingIncome": "11800000", "depreciation": "None", "depreciationAndAmortization": "62900000", "incomeBeforeTax": "171800000", "incomeTaxExpense": "34000000", "interestAndDebtExpense": "None", "netIncomeFromContinuingOperations": "134400000", "comprehensiveIncomeNetOfTax": "None", "ebit": "211400000", "ebitda": "274300000", "netIncome": "120800000"}, {"fiscalDateEnding": "2014-09-30", "reportedCurrency": "USD", "grossProfit": "624700000", "totalRevenue": "1758400000", "costOfRevenue": "1133700000", "costofGoodsAndServicesSold": "1133700000", "operatingIncome": "267400000", "sellingGeneralAndAdministrative": "328800000", "researchAndDevelopment": "28500000", "operatingExpenses": "357300000", "investmentIncomeNet": "None", "netInterestIncome": "None", "interestIncome": "None", "interestExpense": "17100000", "nonInterestIncome": "None", "otherNonOperatingIncome": "300000", "depreciation": "None", "depreciationAndAmortization": "57500000", "incomeBeforeTax": "250600000", "incomeTaxExpense": "58100000", "interestAndDebtExpense": "None", "netIncomeFromContinuingOperations": "192500000", "comprehensiveIncomeNetOfTax": "None", "ebit": "272900000", "ebitda": "330400000", "netIncome": "-186000000"}, {"fiscalDateEnding": "2014-06-30", "reportedCurrency": "USD", "grossProfit": "658900000", "totalRevenue": "1910800000", "costOfRevenue": "1251900000", "costofGoodsAndServicesSold": "1251900000", "operatingIncome": "227700000", "sellingGeneralAndAdministrative": "354200000", "researchAndDevelopment": "30900000", "operatingExpenses": "431200000", "investmentIncomeNet": "None", "netInterestIncome": "None", "interestIncome": "None", "interestExpense": "17500000", "nonInterestIncome": "None", "otherNonOperatingIncome": "200000", "depreciation": "None", "depreciationAndAmortization": "65600000", "incomeBeforeTax": "210400000", "incomeTaxExpense": "48900000", "interestAndDebtExpense": "None", "netIncomeFromContinuingOperations": "161500000", "comprehensiveIncomeNetOfTax": "None", "ebit": "224400000", "ebitda": "290000000", "netIncome": "161500000"}, {"fiscalDateEnding": "2014-03-31", "reportedCurrency": "USD", "grossProfit": "578300000", "totalRevenue": "1725200000", "costOfRevenue": "1146900000", "costofGoodsAndServicesSold": "1146900000", "operatingIncome": "179900000", "sellingGeneralAndAdministrative": "335100000", "researchAndDevelopment": "30000000", "operatingExpenses": "398400000", "investmentIncomeNet": "None", "netInterestIncome": "None", "interestIncome": "None", "interestExpense": "15700000", "nonInterestIncome": "None", "otherNonOperatingIncome": "-7600000", "depreciation": "None", "depreciationAndAmortization": "66700000", "incomeBeforeTax": "156600000", "incomeTaxExpense": "38000000", "interestAndDebtExpense": "None", "netIncomeFromContinuingOperations": "118600000", "comprehensiveIncomeNetOfTax": "None", "ebit": "196100000", "ebitda": "262800000", "netIncome": "118600000"}, {"fiscalDateEnding": "2013-12-31", "reportedCurrency": "USD", "grossProfit": "644100000", "totalRevenue": "1916700000", "costOfRevenue": "1272600000", "costofGoodsAndServicesSold": "1272600000", "operatingIncome": "233800000", "sellingGeneralAndAdministrative": "370600000", "researchAndDevelopment": "28700000", "operatingExpenses": "399300000", "investmentIncomeNet": "None", "netInterestIncome": "None", "interestIncome": "None", "interestExpense": "16500000", "nonInterestIncome": "None", "otherNonOperatingIncome": "10600000", "depreciation": "None", "depreciationAndAmortization": "62300000", "incomeBeforeTax": "220400000", "incomeTaxExpense": "60700000", "interestAndDebtExpense": "None", "netIncomeFromContinuingOperations": "157400000", "comprehensiveIncomeNetOfTax": "None", "ebit": "244500000", "ebitda": "306800000", "netIncome": "158200000"}, {"fiscalDateEnding": "2013-09-30", "reportedCurrency": "USD", "grossProfit": "637600000", "totalRevenue": "1824800000", "costOfRevenue": "1187200000", "costofGoodsAndServicesSold": "1187200000", "operatingIncome": "240000000", "sellingGeneralAndAdministrative": "350100000", "researchAndDevelopment": "31500000", "operatingExpenses": "397600000", "investmentIncomeNet": "None", "netInterestIncome": "None", "interestIncome": "None", "interestExpense": "17200000", "nonInterestIncome": "None", "otherNonOperatingIncome": "600000", "depreciation": "None", "depreciationAndAmortization": "69400000", "incomeBeforeTax": "223400000", "incomeTaxExpense": "49200000", "interestAndDebtExpense": "None", "netIncomeFromContinuingOperations": "171600000", "comprehensiveIncomeNetOfTax": "None", "ebit": "225100000", "ebitda": "294500000", "netIncome": "172800000"}, {"fiscalDateEnding": "2013-06-30", "reportedCurrency": "USD", "grossProfit": "667400000", "totalRevenue": "1963700000", "costOfRevenue": "1296300000", "costofGoodsAndServicesSold": "1296300000", "operatingIncome": "225900000", "sellingGeneralAndAdministrative": "349900000", "researchAndDevelopment": "32100000", "operatingExpenses": "441500000", "investmentIncomeNet": "None", "netInterestIncome": "None", "interestIncome": "None", "interestExpense": "18400000", "nonInterestIncome": "None", "otherNonOperatingIncome": "900000", "depreciation": "None", "depreciationAndAmortization": "74400000", "incomeBeforeTax": "208400000", "incomeTaxExpense": "53000000", "interestAndDebtExpense": "None", "netIncomeFromContinuingOperations": "153600000", "comprehensiveIncomeNetOfTax": "None", "ebit": "226900000", "ebitda": "301300000", "netIncome": "154100000"}, {"fiscalDateEnding": "2013-03-31", "reportedCurrency": "USD", "grossProfit": "524000000", "totalRevenue": "1774000000", "costOfRevenue": "1250000000", "costofGoodsAndServicesSold": "1250000000", "operatingIncome": "74000000", "sellingGeneralAndAdministrative": "394400000", "researchAndDevelopment": "34000000", "operatingExpenses": "450000000", "investmentIncomeNet": "None", "netInterestIncome": "None", "interestIncome": "None", "interestExpense": "17000000", "nonInterestIncome": "None", "otherNonOperatingIncome": "17000000", "depreciation": "None", "depreciationAndAmortization": "80000000", "incomeBeforeTax": "74000000", "incomeTaxExpense": "21000000", "interestAndDebtExpense": "None", "netIncomeFromContinuingOperations": "52000000", "comprehensiveIncomeNetOfTax": "None", "ebit": "91100000", "ebitda": "171100000", "netIncome": "51700000"}, {"fiscalDateEnding": "2012-12-31", "reportedCurrency": "USD", "grossProfit": "398668000", "totalRevenue": "1750932000", "costOfRevenue": "1352264000", "costofGoodsAndServicesSold": "1352264000", "operatingIncome": "-304106000", "sellingGeneralAndAdministrative": "605316000", "researchAndDevelopment": "32174000", "operatingExpenses": "642056000", "investmentIncomeNet": "None", "netInterestIncome": "None", "interestIncome": "None", "interestExpense": "18168000", "nonInterestIncome": "None", "otherNonOperatingIncome": "None", "depreciation": "None", "depreciationAndAmortization": "85808000", "incomeBeforeTax": "-397786000", "incomeTaxExpense": "-123050000", "interestAndDebtExpense": "None", "netIncomeFromContinuingOperations": "0", "comprehensiveIncomeNetOfTax": "None", "ebit": "-464891000", "ebitda": "-379083000", "netIncome": "-273083000"}, {"fiscalDateEnding": "2012-09-30", "reportedCurrency": "USD", "grossProfit": "278077000", "totalRevenue": "865512000", "costOfRevenue": "587435000", "costofGoodsAndServicesSold": "587435000", "operatingIncome": "53677000", "sellingGeneralAndAdministrative": "202300000", "researchAndDevelopment": "19735000", "operatingExpenses": "224400000", "investmentIncomeNet": "None", "netInterestIncome": "None", "interestIncome": "None", "interestExpense": "18600000", "nonInterestIncome": "None", "otherNonOperatingIncome": "None", "depreciation": "None", "depreciationAndAmortization": "25641000", "incomeBeforeTax": "35673000", "incomeTaxExpense": "4023000", "interestAndDebtExpense": "None", "netIncomeFromContinuingOperations": "0", "comprehensiveIncomeNetOfTax": "None", "ebit": "55759000", "ebitda": "81400000", "netIncome": "31400000"}, {"fiscalDateEnding": "2012-06-30", "reportedCurrency": "USD", "grossProfit": "312128000", "totalRevenue": "941525000", "costOfRevenue": "629397000", "costofGoodsAndServicesSold": "629397000", "operatingIncome": "117792000", "sellingGeneralAndAdministrative": "173445000", "researchAndDevelopment": "20891000", "operatingExpenses": "194336000", "investmentIncomeNet": "None", "netInterestIncome": "None", "interestIncome": "None", "interestExpense": "16100000", "nonInterestIncome": "None", "otherNonOperatingIncome": "None", "depreciation": "None", "depreciationAndAmortization": "26425000", "incomeBeforeTax": "102349000", "incomeTaxExpense": "28864000", "interestAndDebtExpense": "None", "netIncomeFromContinuingOperations": "0", "comprehensiveIncomeNetOfTax": "None", "ebit": "119875000", "ebitda": "146300000", "netIncome": "72700000"}, {"fiscalDateEnding": "2012-03-31", "reportedCurrency": "USD", "grossProfit": "280719000", "totalRevenue": "858177000", "costOfRevenue": "577458000", "costofGoodsAndServicesSold": "577458000", "operatingIncome": "84952000", "sellingGeneralAndAdministrative": "175010000", "researchAndDevelopment": "20757000", "operatingExpenses": "195767000", "investmentIncomeNet": "None", "netInterestIncome": "None", "interestIncome": "None", "interestExpense": "14768000", "nonInterestIncome": "None", "otherNonOperatingIncome": "None", "depreciation": "None", "depreciationAndAmortization": "25918000", "incomeBeforeTax": "71233000", "incomeTaxExpense": "9079000", "interestAndDebtExpense": "None", "netIncomeFromContinuingOperations": "0", "comprehensiveIncomeNetOfTax": "None", "ebit": "88082000", "ebitda": "114000000", "netIncome": "62000000"}, {"fiscalDateEnding": "2011-12-31", "reportedCurrency": "USD", "grossProfit": "264865000", "totalRevenue": "865692000", "costOfRevenue": "600827000", "costofGoodsAndServicesSold": "600827000", "operatingIncome": "-119985000", "sellingGeneralAndAdministrative": "164267000", "researchAndDevelopment": "20063000", "operatingExpenses": "184330000", "investmentIncomeNet": "None", "netInterestIncome": "None", "interestIncome": "None", "interestExpense": "53702000", "nonInterestIncome": "None", "otherNonOperatingIncome": "None", "depreciation": "None", "depreciationAndAmortization": "29246000", "incomeBeforeTax": "-137092000", "incomeTaxExpense": "-3388000", "interestAndDebtExpense": "None", "netIncomeFromContinuingOperations": "0", "comprehensiveIncomeNetOfTax": "None", "ebit": "-116655000", "ebitda": "-87409000", "netIncome": "-134123000"}, {"fiscalDateEnding": "2011-09-30", "reportedCurrency": "USD", "grossProfit": "272062000", "totalRevenue": "890546000", "costOfRevenue": "618484000", "costofGoodsAndServicesSold": "618484000", "operatingIncome": "92903000", "sellingGeneralAndAdministrative": "161200000", "researchAndDevelopment": "20091000", "operatingExpenses": "179159000", "investmentIncomeNet": "None", "netInterestIncome": "None", "interestIncome": "None", "interestExpense": "17373000", "nonInterestIncome": "None", "otherNonOperatingIncome": "574000", "depreciation": "None", "depreciationAndAmortization": "29021000", "incomeBeforeTax": "76104000", "incomeTaxExpense": "24050000", "interestAndDebtExpense": "None", "netIncomeFromContinuingOperations": "52054000", "comprehensiveIncomeNetOfTax": "None", "ebit": "63882000", "ebitda": "92903000", "netIncome": "51092000"}, {"fiscalDateEnding": "2011-06-30", "reportedCurrency": "USD", "grossProfit": "287736000", "totalRevenue": "910175000", "costOfRevenue": "622439000", "costofGoodsAndServicesSold": "622439000", "operatingIncome": "109422000", "sellingGeneralAndAdministrative": "158400000", "researchAndDevelopment": "19882000", "operatingExpenses": "178314000", "investmentIncomeNet": "None", "netInterestIncome": "None", "interestIncome": "None", "interestExpense": "14613000", "nonInterestIncome": "None", "otherNonOperatingIncome": "672000", "depreciation": "None", "depreciationAndAmortization": "28240000", "incomeBeforeTax": "95481000", "incomeTaxExpense": "27344000", "interestAndDebtExpense": "None", "netIncomeFromContinuingOperations": "68137000", "comprehensiveIncomeNetOfTax": "None", "ebit": "81182000", "ebitda": "109422000", "netIncome": "66712000"}, {"fiscalDateEnding": "2011-03-31", "reportedCurrency": "USD", "grossProfit": "249059000", "totalRevenue": "790273000", "costOfRevenue": "541214000", "costofGoodsAndServicesSold": "541214000", "operatingIncome": "86177000", "sellingGeneralAndAdministrative": "144800000", "researchAndDevelopment": "18122000", "operatingExpenses": "162882000", "investmentIncomeNet": "None", "netInterestIncome": "None", "interestIncome": "None", "interestExpense": "9325000", "nonInterestIncome": "None", "otherNonOperatingIncome": "235000", "depreciation": "None", "depreciationAndAmortization": "21625000", "incomeBeforeTax": "77087000", "incomeTaxExpense": "25053000", "interestAndDebtExpense": "None", "netIncomeFromContinuingOperations": "52034000", "comprehensiveIncomeNetOfTax": "None", "ebit": "86412000", "ebitda": "108037000", "netIncome": "50541000"}, {"fiscalDateEnding": "2010-12-31", "reportedCurrency": "USD", "grossProfit": "232228000", "totalRevenue": "753858000", "costOfRevenue": "521630000", "costofGoodsAndServicesSold": "521630000", "operatingIncome": "79605000", "sellingGeneralAndAdministrative": "136542000", "researchAndDevelopment": "16081000", "operatingExpenses": "152623000", "investmentIncomeNet": "None", "netInterestIncome": "None", "interestIncome": "None", "interestExpense": "9143000", "nonInterestIncome": "None", "otherNonOperatingIncome": "None", "depreciation": "None", "depreciationAndAmortization": "21296000", "incomeBeforeTax": "70840000", "incomeTaxExpense": "21263000", "interestAndDebtExpense": "None", "netIncomeFromContinuingOperations": "0", "comprehensiveIncomeNetOfTax": "None", "ebit": "82976000", "ebitda": "104272000", "netIncome": "46376000"}, {"fiscalDateEnding": "2010-09-30", "reportedCurrency": "USD", "grossProfit": "236542000", "totalRevenue": "773735000", "costOfRevenue": "537193000", "costofGoodsAndServicesSold": "537193000", "operatingIncome": "90823000", "sellingGeneralAndAdministrative": "128900000", "researchAndDevelopment": "16865000", "operatingExpenses": "145719000", "investmentIncomeNet": "None", "netInterestIncome": "None", "interestIncome": "None", "interestExpense": "8953000", "nonInterestIncome": "None", "otherNonOperatingIncome": "None", "depreciation": "None", "depreciationAndAmortization": "20650000", "incomeBeforeTax": "82217000", "incomeTaxExpense": "26488000", "interestAndDebtExpense": "None", "netIncomeFromContinuingOperations": "0", "comprehensiveIncomeNetOfTax": "None", "ebit": "70173000", "ebitda": "90823000", "netIncome": "55050000"}, {"fiscalDateEnding": "2010-06-30", "reportedCurrency": "USD", "grossProfit": "248168000", "totalRevenue": "796167000", "costOfRevenue": "547999000", "costofGoodsAndServicesSold": "547999000", "operatingIncome": "100126000", "sellingGeneralAndAdministrative": "131000000", "researchAndDevelopment": "16999000", "operatingExpenses": "148042000", "investmentIncomeNet": "None", "netInterestIncome": "None", "interestIncome": "None", "interestExpense": "8569000", "nonInterestIncome": "None", "otherNonOperatingIncome": "None", "depreciation": "None", "depreciationAndAmortization": "20923000", "incomeBeforeTax": "92932000", "incomeTaxExpense": "31320000", "interestAndDebtExpense": "None", "netIncomeFromContinuingOperations": "0", "comprehensiveIncomeNetOfTax": "None", "ebit": "79203000", "ebitda": "100126000", "netIncome": "61081000"}, {"fiscalDateEnding": "2010-03-31", "reportedCurrency": "USD", "grossProfit": "213702000", "totalRevenue": "707013000", "costOfRevenue": "493311000", "costofGoodsAndServicesSold": "493311000", "operatingIncome": "63601000", "sellingGeneralAndAdministrative": "132900000", "researchAndDevelopment": "17211000", "operatingExpenses": "150101000", "investmentIncomeNet": "None", "netInterestIncome": "None", "interestIncome": "None", "interestExpense": "9527000", "nonInterestIncome": "None", "otherNonOperatingIncome": "None", "depreciation": "None", "depreciationAndAmortization": "21310000", "incomeBeforeTax": "54158000", "incomeTaxExpense": "18129000", "interestAndDebtExpense": "None", "netIncomeFromContinuingOperations": "0", "comprehensiveIncomeNetOfTax": "None", "ebit": "42291000", "ebitda": "63601000", "netIncome": "35321000"}, {"fiscalDateEnding": "2009-12-31", "reportedCurrency": "USD", "grossProfit": "212457000", "totalRevenue": "702251000", "costOfRevenue": "489794000", "costofGoodsAndServicesSold": "489794000", "operatingIncome": "52492000", "sellingGeneralAndAdministrative": "145346000", "researchAndDevelopment": "14619000", "operatingExpenses": "159965000", "investmentIncomeNet": "None", "netInterestIncome": "None", "interestIncome": "None", "interestExpense": "11906000", "nonInterestIncome": "None", "otherNonOperatingIncome": "None", "depreciation": "None", "depreciationAndAmortization": "39240000", "incomeBeforeTax": "42014000", "incomeTaxExpense": "14620000", "interestAndDebtExpense": "None", "netIncomeFromContinuingOperations": "0", "comprehensiveIncomeNetOfTax": "None", "ebit": "47308000", "ebitda": "86548000", "netIncome": "29352000"}, {"fiscalDateEnding": "2009-09-30", "reportedCurrency": "USD", "grossProfit": "206967000", "totalRevenue": "662665000", "costOfRevenue": "455698000", "costofGoodsAndServicesSold": "455698000", "operatingIncome": "66682000", "sellingGeneralAndAdministrative": "118300000", "researchAndDevelopment": "14707000", "operatingExpenses": "140285000", "investmentIncomeNet": "None", "netInterestIncome": "None", "interestIncome": "None", "interestExpense": "9711000", "nonInterestIncome": "None", "otherNonOperatingIncome": "None", "depreciation": "None", "depreciationAndAmortization": "22005000", "incomeBeforeTax": "56836000", "incomeTaxExpense": "18159000", "interestAndDebtExpense": "None", "netIncomeFromContinuingOperations": "0", "comprehensiveIncomeNetOfTax": "None", "ebit": "44677000", "ebitda": "66682000", "netIncome": "36948000"}, {"fiscalDateEnding": "2009-06-30", "reportedCurrency": "USD", "grossProfit": "196479000", "totalRevenue": "693712000", "costOfRevenue": "497233000", "costofGoodsAndServicesSold": "497233000", "operatingIncome": "63560000", "sellingGeneralAndAdministrative": "115900000", "researchAndDevelopment": "13815000", "operatingExpenses": "132919000", "investmentIncomeNet": "None", "netInterestIncome": "None", "interestIncome": "None", "interestExpense": "9833000", "nonInterestIncome": "None", "otherNonOperatingIncome": "None", "depreciation": "None", "depreciationAndAmortization": "21832000", "incomeBeforeTax": "48644000", "incomeTaxExpense": "16217000", "interestAndDebtExpense": "None", "netIncomeFromContinuingOperations": "0", "comprehensiveIncomeNetOfTax": "None", "ebit": "41728000", "ebitda": "63560000", "netIncome": "31928000"}, {"fiscalDateEnding": "2009-03-31", "reportedCurrency": "USD", "grossProfit": "169232000", "totalRevenue": "633840000", "costOfRevenue": "464608000", "costofGoodsAndServicesSold": "464608000", "operatingIncome": "37214000", "sellingGeneralAndAdministrative": "114500000", "researchAndDevelopment": "14743000", "operatingExpenses": "132018000", "investmentIncomeNet": "None", "netInterestIncome": "None", "interestIncome": "None", "interestExpense": "11784000", "nonInterestIncome": "None", "otherNonOperatingIncome": "None", "depreciation": "None", "depreciationAndAmortization": "22403000", "incomeBeforeTax": "25153000", "incomeTaxExpense": "7432000", "interestAndDebtExpense": "None", "netIncomeFromContinuingOperations": "0", "comprehensiveIncomeNetOfTax": "None", "ebit": "14811000", "ebitda": "37214000", "netIncome": "17265000"}, {"fiscalDateEnding": "2008-12-31", "reportedCurrency": "USD", "grossProfit": "229844000", "totalRevenue": "737648000", "costOfRevenue": "507804000", "costofGoodsAndServicesSold": "507804000", "operatingIncome": "49214000", "sellingGeneralAndAdministrative": "167051000", "researchAndDevelopment": "13579000", "operatingExpenses": "180630000", "investmentIncomeNet": "None", "netInterestIncome": "None", "interestIncome": "None", "interestExpense": "13744000", "nonInterestIncome": "None", "otherNonOperatingIncome": "None", "depreciation": "None", "depreciationAndAmortization": "21302000", "incomeBeforeTax": "34750000", "incomeTaxExpense": "10822000", "interestAndDebtExpense": "None", "netIncomeFromContinuingOperations": "0", "comprehensiveIncomeNetOfTax": "None", "ebit": "49214000", "ebitda": "70516000", "netIncome": "4589000"}, {"fiscalDateEnding": "2008-09-30", "reportedCurrency": "USD", "grossProfit": "255313000", "totalRevenue": "864167000", "costOfRevenue": "608854000", "costofGoodsAndServicesSold": "608854000", "operatingIncome": "83650000", "sellingGeneralAndAdministrative": "154100000", "researchAndDevelopment": "16691000", "operatingExpenses": "171663000", "investmentIncomeNet": "None", "netInterestIncome": "None", "interestIncome": "None", "interestExpense": "13735000", "nonInterestIncome": "None", "otherNonOperatingIncome": "None", "depreciation": "None", "depreciationAndAmortization": "22083000", "incomeBeforeTax": "64635000", "incomeTaxExpense": "21146000", "interestAndDebtExpense": "None", "netIncomeFromContinuingOperations": "0", "comprehensiveIncomeNetOfTax": "None", "ebit": "85244000", "ebitda": "107327000", "netIncome": "41120000"}, {"fiscalDateEnding": "2008-06-30", "reportedCurrency": "USD", "grossProfit": "278062000", "totalRevenue": "909757000", "costOfRevenue": "631695000", "costofGoodsAndServicesSold": "631695000", "operatingIncome": "95002000", "sellingGeneralAndAdministrative": "142900000", "researchAndDevelopment": "16314000", "operatingExpenses": "183060000", "investmentIncomeNet": "None", "netInterestIncome": "None", "interestIncome": "None", "interestExpense": "15862000", "nonInterestIncome": "None", "otherNonOperatingIncome": "None", "depreciation": "None", "depreciationAndAmortization": "22280000", "incomeBeforeTax": "187941000", "incomeTaxExpense": "49206000", "interestAndDebtExpense": "None", "netIncomeFromContinuingOperations": "0", "comprehensiveIncomeNetOfTax": "None", "ebit": "96357000", "ebitda": "118637000", "netIncome": "138735000"}, {"fiscalDateEnding": "2008-03-31", "reportedCurrency": "USD", "grossProfit": "251331000", "totalRevenue": "840404000", "costOfRevenue": "589073000", "costofGoodsAndServicesSold": "589073000", "operatingIncome": "96819000", "sellingGeneralAndAdministrative": "138100000", "researchAndDevelopment": "15866000", "operatingExpenses": "154512000", "investmentIncomeNet": "None", "netInterestIncome": "None", "interestIncome": "None", "interestExpense": "16088000", "nonInterestIncome": "None", "otherNonOperatingIncome": "None", "depreciation": "None", "depreciationAndAmortization": "21616000", "incomeBeforeTax": "79814000", "incomeTaxExpense": "27170000", "interestAndDebtExpense": "None", "netIncomeFromContinuingOperations": "0", "comprehensiveIncomeNetOfTax": "None", "ebit": "96819000", "ebitda": "118435000", "netIncome": "44290000"}, {"fiscalDateEnding": "2007-12-31", "reportedCurrency": "USD", "grossProfit": "257635000", "totalRevenue": "830224000", "costOfRevenue": "572589000", "costofGoodsAndServicesSold": "572589000", "operatingIncome": "92001000", "sellingGeneralAndAdministrative": "151028000", "researchAndDevelopment": "14606000", "operatingExpenses": "165634000", "investmentIncomeNet": "None", "netInterestIncome": "None", "interestIncome": "None", "interestExpense": "16907000", "nonInterestIncome": "None", "otherNonOperatingIncome": "None", "depreciation": "None", "depreciationAndAmortization": "20098000", "incomeBeforeTax": "70510000", "incomeTaxExpense": "22196000", "interestAndDebtExpense": "None", "netIncomeFromContinuingOperations": "0", "comprehensiveIncomeNetOfTax": "None", "ebit": "92001000", "ebitda": "112099000", "netIncome": "48545000"}, {"fiscalDateEnding": "2007-09-30", "reportedCurrency": "USD", "grossProfit": "246167000", "totalRevenue": "837834000", "costOfRevenue": "591667000", "costofGoodsAndServicesSold": "591667000", "operatingIncome": "90976000", "sellingGeneralAndAdministrative": "135000000", "researchAndDevelopment": "14446000", "operatingExpenses": "155191000", "investmentIncomeNet": "None", "netInterestIncome": "None", "interestIncome": "None", "interestExpense": "18836000", "nonInterestIncome": "None", "otherNonOperatingIncome": "None", "depreciation": "None", "depreciationAndAmortization": "21294000", "incomeBeforeTax": "72140000", "incomeTaxExpense": "14096000", "interestAndDebtExpense": "None", "netIncomeFromContinuingOperations": "0", "comprehensiveIncomeNetOfTax": "None", "ebit": "69682000", "ebitda": "90976000", "netIncome": "58044000"}, {"fiscalDateEnding": "2007-06-30", "reportedCurrency": "USD", "grossProfit": "283445000", "totalRevenue": "922645000", "costOfRevenue": "639200000", "costofGoodsAndServicesSold": "639200000", "operatingIncome": "114845000", "sellingGeneralAndAdministrative": "153792000", "researchAndDevelopment": "14808000", "operatingExpenses": "168600000", "investmentIncomeNet": "None", "netInterestIncome": "None", "interestIncome": "None", "interestExpense": "18885000", "nonInterestIncome": "None", "otherNonOperatingIncome": "None", "depreciation": "None", "depreciationAndAmortization": "22734000", "incomeBeforeTax": "95960000", "incomeTaxExpense": "33959000", "interestAndDebtExpense": "None", "netIncomeFromContinuingOperations": "0", "comprehensiveIncomeNetOfTax": "None", "ebit": "92111000", "ebitda": "114845000", "netIncome": "62065000"}, {"fiscalDateEnding": "2007-03-31", "reportedCurrency": "USD", "grossProfit": "237403000", "totalRevenue": "807995000", "costOfRevenue": "570592000", "costofGoodsAndServicesSold": "570592000", "operatingIncome": "80153000", "sellingGeneralAndAdministrative": "142300000", "researchAndDevelopment": "14950000", "operatingExpenses": "157250000", "investmentIncomeNet": "None", "netInterestIncome": "None", "interestIncome": "None", "interestExpense": "15120000", "nonInterestIncome": "None", "otherNonOperatingIncome": "None", "depreciation": "None", "depreciationAndAmortization": "20423000", "incomeBeforeTax": "65033000", "incomeTaxExpense": "22903000", "interestAndDebtExpense": "None", "netIncomeFromContinuingOperations": "0", "comprehensiveIncomeNetOfTax": "None", "ebit": "80153000", "ebitda": "100576000", "netIncome": "42273000"}, {"fiscalDateEnding": "2006-12-31", "reportedCurrency": "USD", "grossProfit": "208566000", "totalRevenue": "743038000", "costOfRevenue": "534472000", "costofGoodsAndServicesSold": "534472000", "operatingIncome": "60162000", "sellingGeneralAndAdministrative": "134366000", "researchAndDevelopment": "14038000", "operatingExpenses": "148404000", "investmentIncomeNet": "None", "netInterestIncome": "None", "interestIncome": "None", "interestExpense": "13020000", "nonInterestIncome": "None", "otherNonOperatingIncome": "None", "depreciation": "None", "depreciationAndAmortization": "16379000", "incomeBeforeTax": "47339000", "incomeTaxExpense": "8717000", "interestAndDebtExpense": "None", "netIncomeFromContinuingOperations": "0", "comprehensiveIncomeNetOfTax": "None", "ebit": "60162000", "ebitda": "76541000", "netIncome": "38637000"}, {"fiscalDateEnding": "2006-09-30", "reportedCurrency": "USD", "grossProfit": "212487000", "totalRevenue": "778020000", "costOfRevenue": "565533000", "costofGoodsAndServicesSold": "565533000", "operatingIncome": "60293000", "sellingGeneralAndAdministrative": "137923000", "researchAndDevelopment": "14271000", "operatingExpenses": "152194000", "investmentIncomeNet": "None", "netInterestIncome": "None", "interestIncome": "None", "interestExpense": "13024000", "nonInterestIncome": "None", "otherNonOperatingIncome": "None", "depreciation": "None", "depreciationAndAmortization": "18855000", "incomeBeforeTax": "47436000", "incomeTaxExpense": "13995000", "interestAndDebtExpense": "None", "netIncomeFromContinuingOperations": "0", "comprehensiveIncomeNetOfTax": "None", "ebit": "41438000", "ebitda": "60293000", "netIncome": "34841000"}, {"fiscalDateEnding": "2006-06-30", "reportedCurrency": "USD", "grossProfit": "262689000", "totalRevenue": "862022000", "costOfRevenue": "599333000", "costofGoodsAndServicesSold": "599333000", "operatingIncome": "107975000", "sellingGeneralAndAdministrative": "139800000", "researchAndDevelopment": "14883000", "operatingExpenses": "154714000", "investmentIncomeNet": "None", "netInterestIncome": "None", "interestIncome": "None", "interestExpense": "12553000", "nonInterestIncome": "None", "otherNonOperatingIncome": "None", "depreciation": "None", "depreciationAndAmortization": "20374000", "incomeBeforeTax": "95422000", "incomeTaxExpense": "26789000", "interestAndDebtExpense": "None", "netIncomeFromContinuingOperations": "0", "comprehensiveIncomeNetOfTax": "None", "ebit": "87601000", "ebitda": "107975000", "netIncome": "68633000"}, {"fiscalDateEnding": "2006-03-31", "reportedCurrency": "USD", "grossProfit": "222508000", "totalRevenue": "771389000", "costOfRevenue": "548881000", "costofGoodsAndServicesSold": "548881000", "operatingIncome": "78556000", "sellingGeneralAndAdministrative": "129100000", "researchAndDevelopment": "14863000", "operatingExpenses": "143952000", "investmentIncomeNet": "None", "netInterestIncome": "None", "interestIncome": "None", "interestExpense": "13284000", "nonInterestIncome": "None", "otherNonOperatingIncome": "None", "depreciation": "None", "depreciationAndAmortization": "19488000", "incomeBeforeTax": "65272000", "incomeTaxExpense": "22201000", "interestAndDebtExpense": "None", "netIncomeFromContinuingOperations": "0", "comprehensiveIncomeNetOfTax": "None", "ebit": "59068000", "ebitda": "78556000", "netIncome": "41620000"}, {"fiscalDateEnding": "2005-12-31", "reportedCurrency": "USD", "grossProfit": "207809000", "totalRevenue": "732113000", "costOfRevenue": "524304000", "costofGoodsAndServicesSold": "524304000", "operatingIncome": "54446000", "sellingGeneralAndAdministrative": "140428000", "researchAndDevelopment": "12935000", "operatingExpenses": "153363000", "investmentIncomeNet": "None", "netInterestIncome": "None", "interestIncome": "None", "interestExpense": "11839000", "nonInterestIncome": "None", "otherNonOperatingIncome": "None", "depreciation": "None", "depreciationAndAmortization": "11598000", "incomeBeforeTax": "43419000", "incomeTaxExpense": "13572000", "interestAndDebtExpense": "None", "netIncomeFromContinuingOperations": "0", "comprehensiveIncomeNetOfTax": "None", "ebit": "54446000", "ebitda": "66044000", "netIncome": "29847000"}, {"fiscalDateEnding": "2005-09-30", "reportedCurrency": "USD", "grossProfit": "200841000", "totalRevenue": "716308000", "costOfRevenue": "515467000", "costofGoodsAndServicesSold": "515467000", "operatingIncome": "80776000", "sellingGeneralAndAdministrative": "112800000", "researchAndDevelopment": "11148000", "operatingExpenses": "120065000", "investmentIncomeNet": "None", "netInterestIncome": "None", "interestIncome": "None", "interestExpense": "10752000", "nonInterestIncome": "None", "otherNonOperatingIncome": "None", "depreciation": "None", "depreciationAndAmortization": "19925000", "incomeBeforeTax": "70024000", "incomeTaxExpense": "22649000", "interestAndDebtExpense": "None", "netIncomeFromContinuingOperations": "0", "comprehensiveIncomeNetOfTax": "None", "ebit": "80776000", "ebitda": "100701000", "netIncome": "44533000"}, {"fiscalDateEnding": "2005-06-30", "reportedCurrency": "USD", "grossProfit": "235233000", "totalRevenue": "788523000", "costOfRevenue": "553290000", "costofGoodsAndServicesSold": "553290000", "operatingIncome": "111477000", "sellingGeneralAndAdministrative": "117500000", "researchAndDevelopment": "10532000", "operatingExpenses": "123756000", "investmentIncomeNet": "None", "netInterestIncome": "None", "interestIncome": "None", "interestExpense": "11698000", "nonInterestIncome": "None", "otherNonOperatingIncome": "None", "depreciation": "None", "depreciationAndAmortization": "20706000", "incomeBeforeTax": "104978000", "incomeTaxExpense": "40456000", "interestAndDebtExpense": "None", "netIncomeFromContinuingOperations": "0", "comprehensiveIncomeNetOfTax": "None", "ebit": "105108000", "ebitda": "125814000", "netIncome": "61379000"}, {"fiscalDateEnding": "2005-03-31", "reportedCurrency": "USD", "grossProfit": "204138000", "totalRevenue": "709635000", "costOfRevenue": "505497000", "costofGoodsAndServicesSold": "505497000", "operatingIncome": "76373000", "sellingGeneralAndAdministrative": "120600000", "researchAndDevelopment": "11427000", "operatingExpenses": "127765000", "investmentIncomeNet": "None", "netInterestIncome": "None", "interestIncome": "None", "interestExpense": "11276000", "nonInterestIncome": "None", "otherNonOperatingIncome": "None", "depreciation": "None", "depreciationAndAmortization": "20331000", "incomeBeforeTax": "65097000", "incomeTaxExpense": "21792000", "interestAndDebtExpense": "None", "netIncomeFromContinuingOperations": "0", "comprehensiveIncomeNetOfTax": "None", "ebit": "76373000", "ebitda": "96704000", "netIncome": "40181000"}, {"fiscalDateEnding": "2004-12-31", "reportedCurrency": "USD", "grossProfit": "183202000", "totalRevenue": "651476000", "costOfRevenue": "468274000", "costofGoodsAndServicesSold": "468274000", "operatingIncome": "62050000", "sellingGeneralAndAdministrative": "111220000", "researchAndDevelopment": "9932000", "operatingExpenses": "121152000", "investmentIncomeNet": "None", "netInterestIncome": "None", "interestIncome": "None", "interestExpense": "4352000", "nonInterestIncome": "None", "otherNonOperatingIncome": "None", "depreciation": "None", "depreciationAndAmortization": "15653000", "incomeBeforeTax": "51156000", "incomeTaxExpense": "17460000", "interestAndDebtExpense": "None", "netIncomeFromContinuingOperations": "0", "comprehensiveIncomeNetOfTax": "None", "ebit": "62050000", "ebitda": "77703000", "netIncome": "27652000"}]}