{"symbol": "ES", "annualReports": [{"fiscalDateEnding": "2024-12-31", "reportedCurrency": "USD", "grossProfit": "3703610000", "totalRevenue": "11900809000", "costOfRevenue": "8197199000", "costofGoodsAndServicesSold": "8197199000", "operatingIncome": "2705709000", "sellingGeneralAndAdministrative": "None", "researchAndDevelopment": "None", "operatingExpenses": "997901000", "investmentIncomeNet": "None", "netInterestIncome": "-973136000", "interestIncome": "138200000", "interestExpense": "1111336000", "nonInterestIncome": "None", "otherNonOperatingIncome": "None", "depreciation": "None", "depreciationAndAmortization": "1776367000", "incomeBeforeTax": "1243836000", "incomeTaxExpense": "424664000", "interestAndDebtExpense": "None", "netIncomeFromContinuingOperations": "819172000", "comprehensiveIncomeNetOfTax": "None", "ebit": "2355172000", "ebitda": "4131539000", "netIncome": "811653000"}, {"fiscalDateEnding": "2023-12-31", "reportedCurrency": "USD", "grossProfit": "4846761000", "totalRevenue": "11910705000", "costOfRevenue": "7063944000", "costofGoodsAndServicesSold": "7063944000", "operatingIncome": "2399335000", "sellingGeneralAndAdministrative": "132900000", "researchAndDevelopment": "None", "operatingExpenses": "2447426000", "investmentIncomeNet": "None", "netInterestIncome": "-761241000", "interestIncome": "94200000", "interestExpense": "855441000", "nonInterestIncome": "None", "otherNonOperatingIncome": "None", "depreciation": "None", "depreciationAndAmortization": "815723000", "incomeBeforeTax": "-275037000", "incomeTaxExpense": "159684000", "interestAndDebtExpense": "None", "netIncomeFromContinuingOperations": "-434721000", "comprehensiveIncomeNetOfTax": "None", "ebit": "580404000", "ebitda": "1396127000", "netIncome": "-442240000"}, {"fiscalDateEnding": "2022-12-31", "reportedCurrency": "USD", "grossProfit": "5409934000", "totalRevenue": "12289336000", "costOfRevenue": "6879402000", "costofGoodsAndServicesSold": "6879402000", "operatingIncome": "2198154000", "sellingGeneralAndAdministrative": "219800000", "researchAndDevelopment": "None", "operatingExpenses": "3211780000", "investmentIncomeNet": "None", "netInterestIncome": "-678274000", "interestIncome": "678274000", "interestExpense": "678274000", "nonInterestIncome": "None", "otherNonOperatingIncome": "346088000", "depreciation": "None", "depreciationAndAmortization": "1643138000", "incomeBeforeTax": "1865968000", "incomeTaxExpense": "453574000", "interestAndDebtExpense": "None", "netIncomeFromContinuingOperations": "1412394000", "comprehensiveIncomeNetOfTax": "None", "ebit": "2544242000", "ebitda": "4187380000", "netIncome": "1404875000"}, {"fiscalDateEnding": "2021-12-31", "reportedCurrency": "USD", "grossProfit": "4751056000", "totalRevenue": "9863085000", "costOfRevenue": "5112029000", "costofGoodsAndServicesSold": "5112029000", "operatingIncome": "1993321000", "sellingGeneralAndAdministrative": "84400000", "researchAndDevelopment": "None", "operatingExpenses": "2757735000", "investmentIncomeNet": "None", "netInterestIncome": "-582334000", "interestIncome": "542734000", "interestExpense": "582334000", "nonInterestIncome": "None", "otherNonOperatingIncome": "161282000", "depreciation": "None", "depreciationAndAmortization": "1334973000", "incomeBeforeTax": "1572269000", "incomeTaxExpense": "344223000", "interestAndDebtExpense": "None", "netIncomeFromContinuingOperations": "1228046000", "comprehensiveIncomeNetOfTax": "None", "ebit": "2152903000", "ebitda": "3487876000", "netIncome": "1220527000"}, {"fiscalDateEnding": "2020-12-31", "reportedCurrency": "USD", "grossProfit": "4436338000", "totalRevenue": "8904430000", "costOfRevenue": "4468092000", "costofGoodsAndServicesSold": "4468092000", "operatingIncome": "1988734000", "sellingGeneralAndAdministrative": "2768797000", "researchAndDevelopment": "None", "operatingExpenses": "2447604000", "investmentIncomeNet": "None", "netInterestIncome": "-538452000", "interestIncome": "538452000", "interestExpense": "538452000", "nonInterestIncome": "None", "otherNonOperatingIncome": "108590000", "depreciation": "None", "depreciationAndAmortization": "1159059000", "incomeBeforeTax": "1558872000", "incomeTaxExpense": "346186000", "interestAndDebtExpense": "None", "netIncomeFromContinuingOperations": "1212686000", "comprehensiveIncomeNetOfTax": "None", "ebit": "2094824000", "ebitda": "3253883000", "netIncome": "1205167000"}, {"fiscalDateEnding": "2019-12-31", "reportedCurrency": "USD", "grossProfit": "4123197000", "totalRevenue": "8526470000", "costOfRevenue": "4403273000", "costofGoodsAndServicesSold": "4403273000", "operatingIncome": "1590491000", "sellingGeneralAndAdministrative": "2575517000", "researchAndDevelopment": "None", "operatingExpenses": "2293062000", "investmentIncomeNet": "None", "netInterestIncome": "-533197000", "interestIncome": "477397000", "interestExpense": "533197000", "nonInterestIncome": "None", "otherNonOperatingIncome": "132777000", "depreciation": "None", "depreciationAndAmortization": "1080658000", "incomeBeforeTax": "1190071000", "incomeTaxExpense": "273499000", "interestAndDebtExpense": "None", "netIncomeFromContinuingOperations": "916572000", "comprehensiveIncomeNetOfTax": "None", "ebit": "1720768000", "ebitda": "2801426000", "netIncome": "909053000"}, {"fiscalDateEnding": "2018-12-31", "reportedCurrency": "USD", "grossProfit": "3974019000", "totalRevenue": "8448201000", "costOfRevenue": "4474182000", "costofGoodsAndServicesSold": "4474182000", "operatingIncome": "1699930000", "sellingGeneralAndAdministrative": "2537346000", "researchAndDevelopment": "0", "operatingExpenses": "2274089000", "investmentIncomeNet": "None", "netInterestIncome": "-498805000", "interestIncome": "498805000", "interestExpense": "498805000", "nonInterestIncome": "None", "otherNonOperatingIncome": "128400000", "depreciation": "None", "depreciationAndAmortization": "1071955999", "incomeBeforeTax": "1329491000", "incomeTaxExpense": "288972000", "interestAndDebtExpense": "None", "netIncomeFromContinuingOperations": "1040523000", "comprehensiveIncomeNetOfTax": "None", "ebit": "1825496001", "ebitda": "2897452000", "netIncome": "1033000000"}, {"fiscalDateEnding": "2017-12-31", "reportedCurrency": "USD", "grossProfit": "3939534000", "totalRevenue": "7751952000", "costOfRevenue": "3812418000", "costofGoodsAndServicesSold": "3812418000", "operatingIncome": "1918154000", "sellingGeneralAndAdministrative": "2434739000", "researchAndDevelopment": "0", "operatingExpenses": "2021380000", "investmentIncomeNet": "None", "netInterestIncome": "-421755000", "interestIncome": "421755000", "interestExpense": "421755000", "nonInterestIncome": "None", "otherNonOperatingIncome": "78008000", "depreciation": "None", "depreciationAndAmortization": "863788000", "incomeBeforeTax": "1574407000", "incomeTaxExpense": "578892000", "interestAndDebtExpense": "None", "netIncomeFromContinuingOperations": "995507000", "comprehensiveIncomeNetOfTax": "None", "ebit": "1992862000", "ebitda": "2856650000", "netIncome": "987996000"}, {"fiscalDateEnding": "2016-12-31", "reportedCurrency": "USD", "grossProfit": "3814752000", "totalRevenue": "7639129000", "costOfRevenue": "3824377000", "costofGoodsAndServicesSold": "3824377000", "operatingIncome": "1859859000", "sellingGeneralAndAdministrative": "18600000", "researchAndDevelopment": "0", "operatingExpenses": "1954893000", "investmentIncomeNet": "None", "netInterestIncome": "-400961000", "interestIncome": "400961000", "interestExpense": "400961000", "nonInterestIncome": "None", "otherNonOperatingIncome": "None", "depreciation": "None", "depreciationAndAmortization": "787162000", "incomeBeforeTax": "1504818000", "incomeTaxExpense": "554997000", "interestAndDebtExpense": "None", "netIncomeFromContinuingOperations": "949821000", "comprehensiveIncomeNetOfTax": "None", "ebit": "1902279000", "ebitda": "2689441000", "netIncome": "942302000"}, {"fiscalDateEnding": "2015-12-31", "reportedCurrency": "USD", "grossProfit": "3538633000", "totalRevenue": "7954827000", "costOfRevenue": "4416194000", "costofGoodsAndServicesSold": "4416194000", "operatingIncome": "1764164000", "sellingGeneralAndAdministrative": "2415563000", "researchAndDevelopment": "0", "operatingExpenses": "1774469000", "investmentIncomeNet": "None", "netInterestIncome": "None", "interestIncome": "372420000", "interestExpense": "372420000", "nonInterestIncome": "None", "otherNonOperatingIncome": "None", "depreciation": "None", "depreciationAndAmortization": "665856000", "incomeBeforeTax": "1425971000", "incomeTaxExpense": "539967000", "interestAndDebtExpense": "None", "netIncomeFromContinuingOperations": "851777000", "comprehensiveIncomeNetOfTax": "None", "ebit": "1764164000", "ebitda": "2430020000", "netIncome": "878485000"}, {"fiscalDateEnding": "2014-12-31", "reportedCurrency": "USD", "grossProfit": "3292717000", "totalRevenue": "7741856000", "costOfRevenue": "4449139000", "costofGoodsAndServicesSold": "4449139000", "operatingIncome": "1632849000", "sellingGeneralAndAdministrative": "2462096000", "researchAndDevelopment": "0", "operatingExpenses": "1659868000", "investmentIncomeNet": "None", "netInterestIncome": "None", "interestIncome": "None", "interestExpense": "362106000", "nonInterestIncome": "None", "otherNonOperatingIncome": "24619000", "depreciation": "None", "depreciationAndAmortization": "614657000", "incomeBeforeTax": "1295362000", "incomeTaxExpense": "468297000", "interestAndDebtExpense": "None", "netIncomeFromContinuingOperations": "827065000", "comprehensiveIncomeNetOfTax": "None", "ebit": "1632849000", "ebitda": "2247506000", "netIncome": "819546000"}, {"fiscalDateEnding": "2013-12-31", "reportedCurrency": "USD", "grossProfit": "3303264000", "totalRevenue": "7301204000", "costOfRevenue": "3997940000", "costofGoodsAndServicesSold": "3997940000", "operatingIncome": "1529435000", "sellingGeneralAndAdministrative": "0", "researchAndDevelopment": "0", "operatingExpenses": "1731248000", "investmentIncomeNet": "None", "netInterestIncome": "None", "interestIncome": "None", "interestExpense": "341392000", "nonInterestIncome": "None", "otherNonOperatingIncome": "None", "depreciation": "None", "depreciationAndAmortization": "610777000", "incomeBeforeTax": "1220630000", "incomeTaxExpense": "426941000", "interestAndDebtExpense": "None", "netIncomeFromContinuingOperations": "None", "comprehensiveIncomeNetOfTax": "None", "ebit": "1581716000", "ebitda": "2192493000", "netIncome": "786007000"}, {"fiscalDateEnding": "2012-12-31", "reportedCurrency": "USD", "grossProfit": "2606353000", "totalRevenue": "6273787000", "costOfRevenue": "3667434000", "costofGoodsAndServicesSold": "3667434000", "operatingIncome": "1118206000", "sellingGeneralAndAdministrative": "0", "researchAndDevelopment": "0", "operatingExpenses": "1346128000", "investmentIncomeNet": "None", "netInterestIncome": "None", "interestIncome": "None", "interestExpense": "329945000", "nonInterestIncome": "None", "otherNonOperatingIncome": "None", "depreciation": "None", "depreciationAndAmortization": "519010000", "incomeBeforeTax": "808003000", "incomeTaxExpense": "274926000", "interestAndDebtExpense": "None", "netIncomeFromContinuingOperations": "None", "comprehensiveIncomeNetOfTax": "None", "ebit": "1137948000", "ebitda": "1656958000", "netIncome": "525945000"}, {"fiscalDateEnding": "2011-12-31", "reportedCurrency": "USD", "grossProfit": "2884974000", "totalRevenue": "4465657000", "costOfRevenue": "1580683000", "costofGoodsAndServicesSold": "1580683000", "operatingIncome": "794176000", "sellingGeneralAndAdministrative": "0", "researchAndDevelopment": "0", "operatingExpenses": "2090798000", "investmentIncomeNet": "None", "netInterestIncome": "None", "interestIncome": "None", "interestExpense": "240241000", "nonInterestIncome": "None", "otherNonOperatingIncome": "None", "depreciation": "None", "depreciationAndAmortization": "302192000", "incomeBeforeTax": "571466000", "incomeTaxExpense": "170953000", "interestAndDebtExpense": "None", "netIncomeFromContinuingOperations": "None", "comprehensiveIncomeNetOfTax": "None", "ebit": "821891000", "ebitda": "1124083000", "netIncome": "394693000"}, {"fiscalDateEnding": "2010-12-31", "reportedCurrency": "USD", "grossProfit": "2912533000", "totalRevenue": "4898167000", "costOfRevenue": "1985634000", "costofGoodsAndServicesSold": "1985634000", "operatingIncome": "799891000", "sellingGeneralAndAdministrative": "0", "researchAndDevelopment": "0", "operatingExpenses": "2112642000", "investmentIncomeNet": "None", "netInterestIncome": "None", "interestIncome": "None", "interestExpense": "237291000", "nonInterestIncome": "None", "otherNonOperatingIncome": "None", "depreciation": "None", "depreciationAndAmortization": "396330000", "incomeBeforeTax": "604516000", "incomeTaxExpense": "210409000", "interestAndDebtExpense": "None", "netIncomeFromContinuingOperations": "None", "comprehensiveIncomeNetOfTax": "None", "ebit": "1083778000", "ebitda": "1480108000", "netIncome": "387949000"}, {"fiscalDateEnding": "2009-12-31", "reportedCurrency": "USD", "grossProfit": "1808621000", "totalRevenue": "5439430000", "costOfRevenue": "3630809000", "costofGoodsAndServicesSold": "3630809000", "operatingIncome": "751375000", "sellingGeneralAndAdministrative": "None", "researchAndDevelopment": "None", "operatingExpenses": "1057246000", "investmentIncomeNet": "None", "netInterestIncome": "None", "interestIncome": "None", "interestExpense": "273637000", "nonInterestIncome": "None", "otherNonOperatingIncome": "None", "depreciation": "None", "depreciationAndAmortization": "322933000", "incomeBeforeTax": "515539000", "incomeTaxExpense": "179947000", "interestAndDebtExpense": "None", "netIncomeFromContinuingOperations": "None", "comprehensiveIncomeNetOfTax": "None", "ebit": "1008317000", "ebitda": "1331250000", "netIncome": "335592000"}, {"fiscalDateEnding": "2008-12-31", "reportedCurrency": "USD", "grossProfit": "2803915000", "totalRevenue": "5800095000", "costOfRevenue": "2996180000", "costofGoodsAndServicesSold": "2996180000", "operatingIncome": "590765000", "sellingGeneralAndAdministrative": "None", "researchAndDevelopment": "None", "operatingExpenses": "2213150000", "investmentIncomeNet": "None", "netInterestIncome": "None", "interestIncome": "None", "interestExpense": "269145000", "nonInterestIncome": "None", "otherNonOperatingIncome": "None", "depreciation": "None", "depreciationAndAmortization": "461510000", "incomeBeforeTax": "372048000", "incomeTaxExpense": "105661000", "interestAndDebtExpense": "None", "netIncomeFromContinuingOperations": "None", "comprehensiveIncomeNetOfTax": "None", "ebit": "824495000", "ebitda": "1286005000", "netIncome": "260828000"}, {"fiscalDateEnding": "2007-12-31", "reportedCurrency": "USD", "grossProfit": "2471553000", "totalRevenue": "5822226000", "costOfRevenue": "3350673000", "costofGoodsAndServicesSold": "3350673000", "operatingIncome": "539481000", "sellingGeneralAndAdministrative": "None", "researchAndDevelopment": "None", "operatingExpenses": "1932072000", "investmentIncomeNet": "None", "netInterestIncome": "None", "interestIncome": "None", "interestExpense": "240245000", "nonInterestIncome": "None", "otherNonOperatingIncome": "None", "depreciation": "None", "depreciationAndAmortization": "518725000", "incomeBeforeTax": "355316000", "incomeTaxExpense": "109420000", "interestAndDebtExpense": "None", "netIncomeFromContinuingOperations": "None", "comprehensiveIncomeNetOfTax": "None", "ebit": "477842000", "ebitda": "996567000", "netIncome": "246483000"}, {"fiscalDateEnding": "2006-12-31", "reportedCurrency": "USD", "grossProfit": "2253590000", "totalRevenue": "6884388000", "costOfRevenue": "4630798000", "costofGoodsAndServicesSold": "4630798000", "operatingIncome": "223924000", "sellingGeneralAndAdministrative": "None", "researchAndDevelopment": "None", "operatingExpenses": "2029666000", "investmentIncomeNet": "None", "netInterestIncome": "None", "interestIncome": "None", "interestExpense": "0", "nonInterestIncome": "None", "otherNonOperatingIncome": "None", "depreciation": "None", "depreciationAndAmortization": "463970000", "incomeBeforeTax": "50280000", "incomeTaxExpense": "-81429000", "interestAndDebtExpense": "None", "netIncomeFromContinuingOperations": "None", "comprehensiveIncomeNetOfTax": "None", "ebit": "235971000", "ebitda": "699941000", "netIncome": "476137000"}, {"fiscalDateEnding": "2005-12-31", "reportedCurrency": "USD", "grossProfit": "2464310000", "totalRevenue": "7397390000", "costOfRevenue": "4933080000", "costofGoodsAndServicesSold": "4933080000", "operatingIncome": "-153865000", "sellingGeneralAndAdministrative": "None", "researchAndDevelopment": "None", "operatingExpenses": "2618175000", "investmentIncomeNet": "None", "netInterestIncome": "None", "interestIncome": "None", "interestExpense": "0", "nonInterestIncome": "None", "otherNonOperatingIncome": "None", "depreciation": "None", "depreciationAndAmortization": "654440000", "incomeBeforeTax": "-386429000", "incomeTaxExpense": "-162765000", "interestAndDebtExpense": "None", "netIncomeFromContinuingOperations": "None", "comprehensiveIncomeNetOfTax": "None", "ebit": "-249911000", "ebitda": "404529000", "netIncome": "-247929000"}], "quarterlyReports": [{"fiscalDateEnding": "2024-12-31", "reportedCurrency": "USD", "grossProfit": "902327000", "totalRevenue": "2971488000", "costOfRevenue": "2069161000", "costofGoodsAndServicesSold": "2069161000", "operatingIncome": "644839000", "sellingGeneralAndAdministrative": "None", "researchAndDevelopment": "None", "operatingExpenses": "257488000", "investmentIncomeNet": "None", "netInterestIncome": "-256496000", "interestIncome": "32200000", "interestExpense": "288696000", "nonInterestIncome": "None", "otherNonOperatingIncome": "None", "depreciation": "None", "depreciationAndAmortization": "588222000", "incomeBeforeTax": "150755000", "incomeTaxExpense": "76355000", "interestAndDebtExpense": "None", "netIncomeFromContinuingOperations": "74400000", "comprehensiveIncomeNetOfTax": "None", "ebit": "439451000", "ebitda": "1027673000", "netIncome": "72520000"}, {"fiscalDateEnding": "2024-09-30", "reportedCurrency": "USD", "grossProfit": "876771000", "totalRevenue": "3063224000", "costOfRevenue": "2186453000", "costofGoodsAndServicesSold": "2186453000", "operatingIncome": "612400000", "sellingGeneralAndAdministrative": "None", "researchAndDevelopment": "None", "operatingExpenses": "264371000", "investmentIncomeNet": "None", "netInterestIncome": "-261676000", "interestIncome": "38900000", "interestExpense": "300576000", "nonInterestIncome": "None", "otherNonOperatingIncome": "None", "depreciation": "None", "depreciationAndAmortization": "610102000", "incomeBeforeTax": "-39640000", "incomeTaxExpense": "76537000", "interestAndDebtExpense": "None", "netIncomeFromContinuingOperations": "-116177000", "comprehensiveIncomeNetOfTax": "None", "ebit": "260936000", "ebitda": "871038000", "netIncome": "-118057000"}, {"fiscalDateEnding": "2024-06-30", "reportedCurrency": "USD", "grossProfit": "841925000", "totalRevenue": "2533522000", "costOfRevenue": "1691597000", "costofGoodsAndServicesSold": "1691597000", "operatingIncome": "602498000", "sellingGeneralAndAdministrative": "30000000", "researchAndDevelopment": "None", "operatingExpenses": "239427000", "investmentIncomeNet": "None", "netInterestIncome": "-234216000", "interestIncome": "37100000", "interestExpense": "271316000", "nonInterestIncome": "None", "otherNonOperatingIncome": "None", "depreciation": "None", "depreciationAndAmortization": "240454000", "incomeBeforeTax": "446467000", "incomeTaxExpense": "109246000", "interestAndDebtExpense": "None", "netIncomeFromContinuingOperations": "337221000", "comprehensiveIncomeNetOfTax": "None", "ebit": "717783000", "ebitda": "958237000", "netIncome": "335341000"}, {"fiscalDateEnding": "2024-03-31", "reportedCurrency": "USD", "grossProfit": "1082587000", "totalRevenue": "3332575000", "costOfRevenue": "2249988000", "costofGoodsAndServicesSold": "2249988000", "operatingIncome": "845973000", "sellingGeneralAndAdministrative": "27800000", "researchAndDevelopment": "None", "operatingExpenses": "236614000", "investmentIncomeNet": "None", "netInterestIncome": "-220749000", "interestIncome": "30000000", "interestExpense": "250749000", "nonInterestIncome": "None", "otherNonOperatingIncome": "None", "depreciation": "None", "depreciationAndAmortization": "337589000", "incomeBeforeTax": "686254000", "incomeTaxExpense": "162526000", "interestAndDebtExpense": "None", "netIncomeFromContinuingOperations": "523728000", "comprehensiveIncomeNetOfTax": "None", "ebit": "937003000", "ebitda": "1274592000", "netIncome": "521848000"}, {"fiscalDateEnding": "2023-12-31", "reportedCurrency": "USD", "grossProfit": "1245736000", "totalRevenue": "2694205000", "costOfRevenue": "1448469000", "costofGoodsAndServicesSold": "1448469000", "operatingIncome": "558548000", "sellingGeneralAndAdministrative": "None", "researchAndDevelopment": "None", "operatingExpenses": "554321000", "investmentIncomeNet": "None", "netInterestIncome": "-205701000", "interestIncome": "25600000", "interestExpense": "231301000", "nonInterestIncome": "None", "otherNonOperatingIncome": "None", "depreciation": "None", "depreciationAndAmortization": "291706000", "incomeBeforeTax": "-1353664000", "incomeTaxExpense": "-67059000", "interestAndDebtExpense": "None", "netIncomeFromContinuingOperations": "-1286605000", "comprehensiveIncomeNetOfTax": "None", "ebit": "-1122363000", "ebitda": "-830657000", "netIncome": "-1288485000"}, {"fiscalDateEnding": "2023-09-30", "reportedCurrency": "USD", "grossProfit": "774198000", "totalRevenue": "2791482000", "costOfRevenue": "2017284000", "costofGoodsAndServicesSold": "2017284000", "operatingIncome": "530553000", "sellingGeneralAndAdministrative": "None", "researchAndDevelopment": "None", "operatingExpenses": "243645000", "investmentIncomeNet": "None", "netInterestIncome": "-222283000", "interestIncome": "222283000", "interestExpense": "222283000", "nonInterestIncome": "None", "otherNonOperatingIncome": "None", "depreciation": "None", "depreciationAndAmortization": "185549000", "incomeBeforeTax": "387393000", "incomeTaxExpense": "45850000", "interestAndDebtExpense": "None", "netIncomeFromContinuingOperations": "341543000", "comprehensiveIncomeNetOfTax": "None", "ebit": "609676000", "ebitda": "795225000", "netIncome": "339663000"}, {"fiscalDateEnding": "2023-06-30", "reportedCurrency": "USD", "grossProfit": "793589000", "totalRevenue": "2629342000", "costOfRevenue": "1835753000", "costofGoodsAndServicesSold": "1835753000", "operatingIncome": "560662000", "sellingGeneralAndAdministrative": "806040000", "researchAndDevelopment": "None", "operatingExpenses": "232927000", "investmentIncomeNet": "None", "netInterestIncome": "-207313000", "interestIncome": "207313000", "interestExpense": "207313000", "nonInterestIncome": "None", "otherNonOperatingIncome": "-306125000", "depreciation": "None", "depreciationAndAmortization": "101573000", "incomeBeforeTax": "47224000", "incomeTaxExpense": "29922000", "interestAndDebtExpense": "None", "netIncomeFromContinuingOperations": "17302000", "comprehensiveIncomeNetOfTax": "None", "ebit": "254537000", "ebitda": "356110000", "netIncome": "15422000"}, {"fiscalDateEnding": "2023-03-31", "reportedCurrency": "USD", "grossProfit": "977987000", "totalRevenue": "3795643000", "costOfRevenue": "2817656000", "costofGoodsAndServicesSold": "2817656000", "operatingIncome": "749573000", "sellingGeneralAndAdministrative": "34800000", "researchAndDevelopment": "None", "operatingExpenses": "228414000", "investmentIncomeNet": "None", "netInterestIncome": "-194543000", "interestIncome": "194543000", "interestExpense": "194543000", "nonInterestIncome": "None", "otherNonOperatingIncome": "88981000", "depreciation": "None", "depreciationAndAmortization": "236896000", "incomeBeforeTax": "644011000", "incomeTaxExpense": "150972000", "interestAndDebtExpense": "None", "netIncomeFromContinuingOperations": "493039000", "comprehensiveIncomeNetOfTax": "None", "ebit": "838554000", "ebitda": "1075450000", "netIncome": "491159000"}, {"fiscalDateEnding": "2022-12-31", "reportedCurrency": "USD", "grossProfit": "1247513000", "totalRevenue": "3029740000", "costOfRevenue": "1782227000", "costofGoodsAndServicesSold": "1782227000", "operatingIncome": "522238000", "sellingGeneralAndAdministrative": "872924000", "researchAndDevelopment": "None", "operatingExpenses": "725275000", "investmentIncomeNet": "None", "netInterestIncome": "-186765000", "interestIncome": "186765000", "interestExpense": "186765000", "nonInterestIncome": "None", "otherNonOperatingIncome": "90835000", "depreciation": "None", "depreciationAndAmortization": "338783000", "incomeBeforeTax": "426307000", "incomeTaxExpense": "104269000", "interestAndDebtExpense": "None", "netIncomeFromContinuingOperations": "322038000", "comprehensiveIncomeNetOfTax": "None", "ebit": "659472000", "ebitda": "998255000", "netIncome": "320158000"}, {"fiscalDateEnding": "2022-09-30", "reportedCurrency": "USD", "grossProfit": "1373315000", "totalRevenue": "3215645000", "costOfRevenue": "1842330000", "costofGoodsAndServicesSold": "1842330000", "operatingIncome": "557293000", "sellingGeneralAndAdministrative": "856881000", "researchAndDevelopment": "None", "operatingExpenses": "816022000", "investmentIncomeNet": "None", "netInterestIncome": "-178174000", "interestIncome": "178174000", "interestExpense": "178174000", "nonInterestIncome": "None", "otherNonOperatingIncome": "89831000", "depreciation": "None", "depreciationAndAmortization": "413430000", "incomeBeforeTax": "468950000", "incomeTaxExpense": "117661000", "interestAndDebtExpense": "None", "netIncomeFromContinuingOperations": "351289000", "comprehensiveIncomeNetOfTax": "None", "ebit": "647124000", "ebitda": "1060554000", "netIncome": "349409000"}, {"fiscalDateEnding": "2022-06-30", "reportedCurrency": "USD", "grossProfit": "1179926000", "totalRevenue": "2572641000", "costOfRevenue": "1392715000", "costofGoodsAndServicesSold": "1392715000", "operatingIncome": "455569000", "sellingGeneralAndAdministrative": "811884000", "researchAndDevelopment": "None", "operatingExpenses": "724357000", "investmentIncomeNet": "None", "netInterestIncome": "-160090000", "interestIncome": "9500000", "interestExpense": "160090000", "nonInterestIncome": "None", "otherNonOperatingIncome": "93861000", "depreciation": "None", "depreciationAndAmortization": "364647000", "incomeBeforeTax": "389340000", "incomeTaxExpense": "95598000", "interestAndDebtExpense": "None", "netIncomeFromContinuingOperations": "293742000", "comprehensiveIncomeNetOfTax": "None", "ebit": "549430000", "ebitda": "914077000", "netIncome": "291862000"}, {"fiscalDateEnding": "2022-03-31", "reportedCurrency": "USD", "grossProfit": "1609181000", "totalRevenue": "3471310000", "costOfRevenue": "1862129000", "costofGoodsAndServicesSold": "1862129000", "operatingIncome": "663055000", "sellingGeneralAndAdministrative": "892281000", "researchAndDevelopment": "None", "operatingExpenses": "946126000", "investmentIncomeNet": "None", "netInterestIncome": "-153245000", "interestIncome": "146345000", "interestExpense": "153245000", "nonInterestIncome": "None", "otherNonOperatingIncome": "71561000", "depreciation": "None", "depreciationAndAmortization": "526278000", "incomeBeforeTax": "581371000", "incomeTaxExpense": "136045000", "interestAndDebtExpense": "None", "netIncomeFromContinuingOperations": "445326000", "comprehensiveIncomeNetOfTax": "None", "ebit": "734616000", "ebitda": "1260894000", "netIncome": "443446000"}, {"fiscalDateEnding": "2021-12-31", "reportedCurrency": "USD", "grossProfit": "1164853000", "totalRevenue": "2481912000", "costOfRevenue": "1317059000", "costofGoodsAndServicesSold": "1317059000", "operatingIncome": "472818000", "sellingGeneralAndAdministrative": "812053000", "researchAndDevelopment": "None", "operatingExpenses": "692035000", "investmentIncomeNet": "None", "netInterestIncome": "-151171000", "interestIncome": "142772000", "interestExpense": "151171000", "nonInterestIncome": "None", "otherNonOperatingIncome": "36694000", "depreciation": "None", "depreciationAndAmortization": "353915000", "incomeBeforeTax": "358341000", "incomeTaxExpense": "49763000", "interestAndDebtExpense": "None", "netIncomeFromContinuingOperations": "308578000", "comprehensiveIncomeNetOfTax": "None", "ebit": "509512000", "ebitda": "863427000", "netIncome": "306698000"}, {"fiscalDateEnding": "2021-09-30", "reportedCurrency": "USD", "grossProfit": "1163090000", "totalRevenue": "2461199000", "costOfRevenue": "1298109000", "costofGoodsAndServicesSold": "1298109000", "operatingIncome": "483331000", "sellingGeneralAndAdministrative": "746742000", "researchAndDevelopment": "None", "operatingExpenses": "679759000", "investmentIncomeNet": "None", "netInterestIncome": "-147962000", "interestIncome": "147962000", "interestExpense": "147962000", "nonInterestIncome": "None", "otherNonOperatingIncome": "43768000", "depreciation": "None", "depreciationAndAmortization": "322082000", "incomeBeforeTax": "379137000", "incomeTaxExpense": "94091000", "interestAndDebtExpense": "None", "netIncomeFromContinuingOperations": "285046000", "comprehensiveIncomeNetOfTax": "None", "ebit": "527099000", "ebitda": "849181000", "netIncome": "283166000"}, {"fiscalDateEnding": "2021-06-30", "reportedCurrency": "USD", "grossProfit": "1061304000", "totalRevenue": "2122538000", "costOfRevenue": "1061234000", "costofGoodsAndServicesSold": "1061234000", "operatingIncome": "451605000", "sellingGeneralAndAdministrative": "740588000", "researchAndDevelopment": "None", "operatingExpenses": "609699000", "investmentIncomeNet": "None", "netInterestIncome": "-145435000", "interestIncome": "145435000", "interestExpense": "145435000", "nonInterestIncome": "None", "otherNonOperatingIncome": "46619000", "depreciation": "None", "depreciationAndAmortization": "280258000", "incomeBeforeTax": "352789000", "incomeTaxExpense": "86389000", "interestAndDebtExpense": "None", "netIncomeFromContinuingOperations": "266400000", "comprehensiveIncomeNetOfTax": "None", "ebit": "498224000", "ebitda": "778482000", "netIncome": "264520000"}, {"fiscalDateEnding": "2021-03-31", "reportedCurrency": "USD", "grossProfit": "1361807000", "totalRevenue": "2825840000", "costOfRevenue": "1464033000", "costofGoodsAndServicesSold": "1464033000", "operatingIncome": "585568000", "sellingGeneralAndAdministrative": "863064000", "researchAndDevelopment": "None", "operatingExpenses": "776239000", "investmentIncomeNet": "None", "netInterestIncome": "-137766000", "interestIncome": "123966000", "interestExpense": "137766000", "nonInterestIncome": "None", "otherNonOperatingIncome": "34201000", "depreciation": "None", "depreciationAndAmortization": "378717000", "incomeBeforeTax": "482003000", "incomeTaxExpense": "113980000", "interestAndDebtExpense": "None", "netIncomeFromContinuingOperations": "368023000", "comprehensiveIncomeNetOfTax": "None", "ebit": "619769000", "ebitda": "998486000", "netIncome": "366143000"}, {"fiscalDateEnding": "2020-12-31", "reportedCurrency": "USD", "grossProfit": "1084946000", "totalRevenue": "2233933000", "costOfRevenue": "1148987000", "costofGoodsAndServicesSold": "1148987000", "operatingIncome": "454728000", "sellingGeneralAndAdministrative": "797130000", "researchAndDevelopment": "None", "operatingExpenses": "630218000", "investmentIncomeNet": "None", "netInterestIncome": "-138685000", "interestIncome": "135384000", "interestExpense": "135384000", "nonInterestIncome": "None", "otherNonOperatingIncome": "25025000", "depreciation": "None", "depreciationAndAmortization": "307193000", "incomeBeforeTax": "344368000", "incomeTaxExpense": "70565000", "interestAndDebtExpense": "None", "netIncomeFromContinuingOperations": "273801000", "comprehensiveIncomeNetOfTax": "None", "ebit": "479752000", "ebitda": "786945000", "netIncome": "271923000"}, {"fiscalDateEnding": "2020-09-30", "reportedCurrency": "USD", "grossProfit": "1205357000", "totalRevenue": "2343642000", "costOfRevenue": "1138285000", "costofGoodsAndServicesSold": "1138285000", "operatingIncome": "561230000", "sellingGeneralAndAdministrative": "674190000", "researchAndDevelopment": "None", "operatingExpenses": "644127000", "investmentIncomeNet": "None", "netInterestIncome": "-134066000", "interestIncome": "127666000", "interestExpense": "134066000", "nonInterestIncome": "None", "otherNonOperatingIncome": "29218000", "depreciation": "None", "depreciationAndAmortization": "301968000", "incomeBeforeTax": "456382000", "incomeTaxExpense": "108242000", "interestAndDebtExpense": "None", "netIncomeFromContinuingOperations": "348140000", "comprehensiveIncomeNetOfTax": "None", "ebit": "590448000", "ebitda": "892416000", "netIncome": "346260000"}, {"fiscalDateEnding": "2020-06-30", "reportedCurrency": "USD", "grossProfit": "990941000", "totalRevenue": "1953128000", "costOfRevenue": "962187000", "costofGoodsAndServicesSold": "962187000", "operatingIncome": "433655000", "sellingGeneralAndAdministrative": "625428000", "researchAndDevelopment": "None", "operatingExpenses": "557286000", "investmentIncomeNet": "None", "netInterestIncome": "-133285000", "interestIncome": "1000000", "interestExpense": "134285000", "nonInterestIncome": "None", "otherNonOperatingIncome": "30243000", "depreciation": "None", "depreciationAndAmortization": "263913000", "incomeBeforeTax": "329613000", "incomeTaxExpense": "75501000", "interestAndDebtExpense": "None", "netIncomeFromContinuingOperations": "254112000", "comprehensiveIncomeNetOfTax": "None", "ebit": "463898000", "ebitda": "727811000", "netIncome": "252232000"}, {"fiscalDateEnding": "2020-03-31", "reportedCurrency": "USD", "grossProfit": "1155094000", "totalRevenue": "2373726000", "costOfRevenue": "1218632000", "costofGoodsAndServicesSold": "1218632000", "operatingIncome": "539120000", "sellingGeneralAndAdministrative": "672049000", "researchAndDevelopment": "None", "operatingExpenses": "615974000", "investmentIncomeNet": "None", "netInterestIncome": "-134715000", "interestIncome": "134315000", "interestExpense": "134715000", "nonInterestIncome": "None", "otherNonOperatingIncome": "24104000", "depreciation": "None", "depreciationAndAmortization": "285987000", "incomeBeforeTax": "428509000", "incomeTaxExpense": "91876000", "interestAndDebtExpense": "None", "netIncomeFromContinuingOperations": "336633000", "comprehensiveIncomeNetOfTax": "None", "ebit": "563224000", "ebitda": "849211000", "netIncome": "334753000"}, {"fiscalDateEnding": "2019-12-31", "reportedCurrency": "USD", "grossProfit": "967815000", "totalRevenue": "2050386000", "costOfRevenue": "1082571000", "costofGoodsAndServicesSold": "1082571000", "operatingIncome": "435565000", "sellingGeneralAndAdministrative": "660435000", "researchAndDevelopment": "None", "operatingExpenses": "532250000", "investmentIncomeNet": "None", "netInterestIncome": "-133543000", "interestIncome": "86280000", "interestExpense": "131543000", "nonInterestIncome": "None", "otherNonOperatingIncome": "28943000", "depreciation": "None", "depreciationAndAmortization": "240266000", "incomeBeforeTax": "330981000", "incomeTaxExpense": "79064000", "interestAndDebtExpense": "None", "netIncomeFromContinuingOperations": "251867000", "comprehensiveIncomeNetOfTax": "None", "ebit": "464524000", "ebitda": "704790000", "netIncome": "250037000"}, {"fiscalDateEnding": "2019-09-30", "reportedCurrency": "USD", "grossProfit": "1114488000", "totalRevenue": "2175797000", "costOfRevenue": "1061309000", "costofGoodsAndServicesSold": "1061309000", "operatingIncome": "509238000", "sellingGeneralAndAdministrative": "639851000", "researchAndDevelopment": "None", "operatingExpenses": "605250000", "investmentIncomeNet": "None", "netInterestIncome": "-135216000", "interestIncome": "129016000", "interestExpense": "135216000", "nonInterestIncome": "None", "otherNonOperatingIncome": "26968000", "depreciation": "None", "depreciationAndAmortization": "296453000", "incomeBeforeTax": "400990000", "incomeTaxExpense": "80226000", "interestAndDebtExpense": "None", "netIncomeFromContinuingOperations": "320764000", "comprehensiveIncomeNetOfTax": "None", "ebit": "536206000", "ebitda": "832659000", "netIncome": "318884000"}, {"fiscalDateEnding": "2019-06-30", "reportedCurrency": "USD", "grossProfit": "935581000", "totalRevenue": "1884495000", "costOfRevenue": "948914000", "costofGoodsAndServicesSold": "948914000", "operatingIncome": "150988000", "sellingGeneralAndAdministrative": "614930000", "researchAndDevelopment": "None", "operatingExpenses": "544949000", "investmentIncomeNet": "None", "netInterestIncome": "-132705000", "interestIncome": "106105000", "interestExpense": "132705000", "nonInterestIncome": "None", "otherNonOperatingIncome": "45866000", "depreciation": "None", "depreciationAndAmortization": "258029000", "incomeBeforeTax": "64149000", "incomeTaxExpense": "30815000", "interestAndDebtExpense": "None", "netIncomeFromContinuingOperations": "33334000", "comprehensiveIncomeNetOfTax": "None", "ebit": "196854000", "ebitda": "454883000", "netIncome": "31454000"}, {"fiscalDateEnding": "2019-03-31", "reportedCurrency": "USD", "grossProfit": "1105313000", "totalRevenue": "2415792000", "costOfRevenue": "1310479000", "costofGoodsAndServicesSold": "1310479000", "operatingIncome": "494700000", "sellingGeneralAndAdministrative": "660301000", "researchAndDevelopment": "None", "operatingExpenses": "610613000", "investmentIncomeNet": "None", "netInterestIncome": "-131734000", "interestIncome": "119034000", "interestExpense": "131734000", "nonInterestIncome": "None", "otherNonOperatingIncome": "31000000", "depreciation": "None", "depreciationAndAmortization": "285909000", "incomeBeforeTax": "393951000", "incomeTaxExpense": "83393000", "interestAndDebtExpense": "None", "netIncomeFromContinuingOperations": "310607000", "comprehensiveIncomeNetOfTax": "None", "ebit": "525685000", "ebitda": "811594000", "netIncome": "308678000"}, {"fiscalDateEnding": "2018-12-31", "reportedCurrency": "USD", "grossProfit": "974608000", "totalRevenue": "2034958000", "costOfRevenue": "1060350000", "costofGoodsAndServicesSold": "1060350000", "operatingIncome": "400023000", "sellingGeneralAndAdministrative": "653148000", "researchAndDevelopment": "0", "operatingExpenses": "574585000", "investmentIncomeNet": "None", "netInterestIncome": "None", "interestIncome": "None", "interestExpense": "126072000", "nonInterestIncome": "None", "otherNonOperatingIncome": "27733000", "depreciation": "None", "depreciationAndAmortization": "285770000", "incomeBeforeTax": "301661000", "incomeTaxExpense": "68475000", "interestAndDebtExpense": "None", "netIncomeFromContinuingOperations": "233179000", "comprehensiveIncomeNetOfTax": "None", "ebit": "427733000", "ebitda": "713503000", "netIncome": "231306000"}, {"fiscalDateEnding": "2018-09-30", "reportedCurrency": "USD", "grossProfit": "1084659000", "totalRevenue": "2271425000", "costOfRevenue": "1186766000", "costofGoodsAndServicesSold": "1186766000", "operatingIncome": "466021000", "sellingGeneralAndAdministrative": "661731000", "researchAndDevelopment": "0", "operatingExpenses": "618638000", "investmentIncomeNet": "None", "netInterestIncome": "None", "interestIncome": "None", "interestExpense": "125201000", "nonInterestIncome": "None", "otherNonOperatingIncome": "16718000", "depreciation": "None", "depreciationAndAmortization": "301382000", "incomeBeforeTax": "357538000", "incomeTaxExpense": "66278000", "interestAndDebtExpense": "None", "netIncomeFromContinuingOperations": "291260000", "comprehensiveIncomeNetOfTax": "None", "ebit": "482739000", "ebitda": "784121000", "netIncome": "289380000"}, {"fiscalDateEnding": "2018-06-30", "reportedCurrency": "USD", "grossProfit": "906083000", "totalRevenue": "1853856000", "costOfRevenue": "947773000", "costofGoodsAndServicesSold": "947773000", "operatingIncome": "391354000", "sellingGeneralAndAdministrative": "573244000", "researchAndDevelopment": "0", "operatingExpenses": "514729000", "investmentIncomeNet": "None", "netInterestIncome": "None", "interestIncome": "None", "interestExpense": "126404000", "nonInterestIncome": "None", "otherNonOperatingIncome": "50149000", "depreciation": "None", "depreciationAndAmortization": "235343000", "incomeBeforeTax": "315099000", "incomeTaxExpense": "70452000", "interestAndDebtExpense": "None", "netIncomeFromContinuingOperations": "244647000", "comprehensiveIncomeNetOfTax": "None", "ebit": "441503000", "ebitda": "676846000", "netIncome": "242767000"}, {"fiscalDateEnding": "2018-03-31", "reportedCurrency": "USD", "grossProfit": "1008666000", "totalRevenue": "2287962000", "costOfRevenue": "1279296000", "costofGoodsAndServicesSold": "1279296000", "operatingIncome": "442532000", "sellingGeneralAndAdministrative": "649223000", "researchAndDevelopment": "0", "operatingExpenses": "566134000", "investmentIncomeNet": "None", "netInterestIncome": "None", "interestIncome": "None", "interestExpense": "121129000", "nonInterestIncome": "None", "otherNonOperatingIncome": "33800000", "depreciation": "None", "depreciationAndAmortization": "249460000", "incomeBeforeTax": "355192000", "incomeTaxExpense": "83766000", "interestAndDebtExpense": "None", "netIncomeFromContinuingOperations": "271437000", "comprehensiveIncomeNetOfTax": "None", "ebit": "476321000", "ebitda": "725781000", "netIncome": "269546000"}, {"fiscalDateEnding": "2017-12-31", "reportedCurrency": "USD", "grossProfit": "971605000", "totalRevenue": "1895494000", "costOfRevenue": "923889000", "costofGoodsAndServicesSold": "923889000", "operatingIncome": "450844000", "sellingGeneralAndAdministrative": "629929000", "researchAndDevelopment": "0", "operatingExpenses": "520761000", "investmentIncomeNet": "None", "netInterestIncome": "None", "interestIncome": "None", "interestExpense": "102278000", "nonInterestIncome": "None", "otherNonOperatingIncome": "21731000", "depreciation": "None", "depreciationAndAmortization": "202650000", "incomeBeforeTax": "370270000", "incomeTaxExpense": "130971000", "interestAndDebtExpense": "None", "netIncomeFromContinuingOperations": "239291000", "comprehensiveIncomeNetOfTax": "None", "ebit": "504476000", "ebitda": "707126000", "netIncome": "237419000"}, {"fiscalDateEnding": "2017-09-30", "reportedCurrency": "USD", "grossProfit": "1036315000", "totalRevenue": "1988512000", "costOfRevenue": "952197000", "costofGoodsAndServicesSold": "952197000", "operatingIncome": "502603000", "sellingGeneralAndAdministrative": "597819000", "researchAndDevelopment": "0", "operatingExpenses": "533712000", "investmentIncomeNet": "None", "netInterestIncome": "None", "interestIncome": "None", "interestExpense": "108719000", "nonInterestIncome": "None", "otherNonOperatingIncome": "21200000", "depreciation": "None", "depreciationAndAmortization": "194466000", "incomeBeforeTax": "415068000", "incomeTaxExpense": "152818000", "interestAndDebtExpense": "None", "netIncomeFromContinuingOperations": "262282000", "comprehensiveIncomeNetOfTax": "None", "ebit": "565635000", "ebitda": "760101000", "netIncome": "260370000"}, {"fiscalDateEnding": "2017-06-30", "reportedCurrency": "USD", "grossProfit": "910393000", "totalRevenue": "1762811000", "costOfRevenue": "852418000", "costofGoodsAndServicesSold": "852418000", "operatingIncome": "455687000", "sellingGeneralAndAdministrative": "575346000", "researchAndDevelopment": "0", "operatingExpenses": "454706000", "investmentIncomeNet": "None", "netInterestIncome": "None", "interestIncome": "None", "interestExpense": "107329000", "nonInterestIncome": "None", "otherNonOperatingIncome": "21500000", "depreciation": "None", "depreciationAndAmortization": "189881000", "incomeBeforeTax": "369901000", "incomeTaxExpense": "137272000", "interestAndDebtExpense": "None", "netIncomeFromContinuingOperations": "232586000", "comprehensiveIncomeNetOfTax": "None", "ebit": "469423000", "ebitda": "659304000", "netIncome": "230749000"}, {"fiscalDateEnding": "2017-03-31", "reportedCurrency": "USD", "grossProfit": "1021221000", "totalRevenue": "2105135000", "costOfRevenue": "1083914000", "costofGoodsAndServicesSold": "1083914000", "operatingIncome": "509019000", "sellingGeneralAndAdministrative": "631645000", "researchAndDevelopment": "0", "operatingExpenses": "512202000", "investmentIncomeNet": "None", "netInterestIncome": "None", "interestIncome": "None", "interestExpense": "103429000", "nonInterestIncome": "None", "otherNonOperatingIncome": "13577000", "depreciation": "None", "depreciationAndAmortization": "186805000", "incomeBeforeTax": "419167000", "incomeTaxExpense": "157829000", "interestAndDebtExpense": "None", "netIncomeFromContinuingOperations": "261348000", "comprehensiveIncomeNetOfTax": "None", "ebit": "508977000", "ebitda": "695782000", "netIncome": "259458000"}, {"fiscalDateEnding": "2016-12-31", "reportedCurrency": "USD", "grossProfit": "919740000", "totalRevenue": "1776604000", "costOfRevenue": "856864000", "costofGoodsAndServicesSold": "856864000", "operatingIncome": "438032000", "sellingGeneralAndAdministrative": "18600000", "researchAndDevelopment": "0", "operatingExpenses": "481708000", "investmentIncomeNet": "None", "netInterestIncome": "None", "interestIncome": "None", "interestExpense": "102393000", "nonInterestIncome": "None", "otherNonOperatingIncome": "None", "depreciation": "None", "depreciationAndAmortization": "183685000", "incomeBeforeTax": "357870000", "incomeTaxExpense": "126811000", "interestAndDebtExpense": "None", "netIncomeFromContinuingOperations": "705668000", "comprehensiveIncomeNetOfTax": "None", "ebit": "410532000", "ebitda": "594217000", "netIncome": "229179000"}, {"fiscalDateEnding": "2016-09-30", "reportedCurrency": "USD", "grossProfit": "1049162000", "totalRevenue": "2039706000", "costOfRevenue": "990544000", "costofGoodsAndServicesSold": "990544000", "operatingIncome": "509869000", "sellingGeneralAndAdministrative": "638797000", "researchAndDevelopment": "0", "operatingExpenses": "539293000", "investmentIncomeNet": "None", "netInterestIncome": "None", "interestIncome": "None", "interestExpense": "99865000", "nonInterestIncome": "None", "otherNonOperatingIncome": "13641000", "depreciation": "None", "depreciationAndAmortization": "181289000", "incomeBeforeTax": "423645000", "incomeTaxExpense": "156446000", "interestAndDebtExpense": "None", "netIncomeFromContinuingOperations": "267199000", "comprehensiveIncomeNetOfTax": "None", "ebit": "509869000", "ebitda": "691158000", "netIncome": "265319000"}, {"fiscalDateEnding": "2016-06-30", "reportedCurrency": "USD", "grossProfit": "865210000", "totalRevenue": "1767184000", "costOfRevenue": "901974000", "costofGoodsAndServicesSold": "901974000", "operatingIncome": "423422000", "sellingGeneralAndAdministrative": "594711000", "researchAndDevelopment": "0", "operatingExpenses": "441788000", "investmentIncomeNet": "None", "netInterestIncome": "None", "interestIncome": "None", "interestExpense": "100492000", "nonInterestIncome": "None", "otherNonOperatingIncome": "None", "depreciation": "None", "depreciationAndAmortization": "176506000", "incomeBeforeTax": "330968000", "incomeTaxExpense": "125439000", "interestAndDebtExpense": "None", "netIncomeFromContinuingOperations": "197491000", "comprehensiveIncomeNetOfTax": "None", "ebit": "423422000", "ebitda": "599928000", "netIncome": "203649000"}, {"fiscalDateEnding": "2016-03-31", "reportedCurrency": "USD", "grossProfit": "980640000", "totalRevenue": "2055635000", "costOfRevenue": "1074995000", "costofGoodsAndServicesSold": "1074995000", "operatingIncome": "488536000", "sellingGeneralAndAdministrative": "617257000", "researchAndDevelopment": "0", "operatingExpenses": "492104000", "investmentIncomeNet": "None", "netInterestIncome": "None", "interestIncome": "None", "interestExpense": "98212000", "nonInterestIncome": "None", "otherNonOperatingIncome": "None", "depreciation": "None", "depreciationAndAmortization": "173986000", "incomeBeforeTax": "392335000", "incomeTaxExpense": "146302000", "interestAndDebtExpense": "None", "netIncomeFromContinuingOperations": "244153000", "comprehensiveIncomeNetOfTax": "None", "ebit": "488536000", "ebitda": "662522000", "netIncome": "244153000"}, {"fiscalDateEnding": "2015-12-31", "reportedCurrency": "USD", "grossProfit": "802150000", "totalRevenue": "1691231000", "costOfRevenue": "889081000", "costofGoodsAndServicesSold": "889081000", "operatingIncome": "385436000", "sellingGeneralAndAdministrative": "618477000", "researchAndDevelopment": "0", "operatingExpenses": "416714000", "investmentIncomeNet": "None", "netInterestIncome": "None", "interestIncome": "None", "interestExpense": "92785000", "nonInterestIncome": "None", "otherNonOperatingIncome": "None", "depreciation": "None", "depreciationAndAmortization": "170467000", "incomeBeforeTax": "303012000", "incomeTaxExpense": "119327000", "interestAndDebtExpense": "None", "netIncomeFromContinuingOperations": "149458000", "comprehensiveIncomeNetOfTax": "None", "ebit": "385436000", "ebitda": "555903000", "netIncome": "181805000"}, {"fiscalDateEnding": "2015-09-30", "reportedCurrency": "USD", "grossProfit": "903182000", "totalRevenue": "1933105000", "costOfRevenue": "1029923000", "costofGoodsAndServicesSold": "1029923000", "operatingIncome": "469238000", "sellingGeneralAndAdministrative": "610194000", "researchAndDevelopment": "0", "operatingExpenses": "433944000", "investmentIncomeNet": "None", "netInterestIncome": "None", "interestIncome": "None", "interestExpense": "92534000", "nonInterestIncome": "None", "otherNonOperatingIncome": "5241000", "depreciation": "None", "depreciationAndAmortization": "167884000", "incomeBeforeTax": "381945000", "incomeTaxExpense": "144146000", "interestAndDebtExpense": "None", "netIncomeFromContinuingOperations": "237799000", "comprehensiveIncomeNetOfTax": "None", "ebit": "469238000", "ebitda": "637122000", "netIncome": "235920000"}, {"fiscalDateEnding": "2015-06-30", "reportedCurrency": "USD", "grossProfit": "815302000", "totalRevenue": "1817061000", "costOfRevenue": "1001759000", "costofGoodsAndServicesSold": "1001759000", "operatingIncome": "412015000", "sellingGeneralAndAdministrative": "557426000", "researchAndDevelopment": "0", "operatingExpenses": "403287000", "investmentIncomeNet": "None", "netInterestIncome": "None", "interestIncome": "None", "interestExpense": "92259000", "nonInterestIncome": "None", "otherNonOperatingIncome": "12899000", "depreciation": "None", "depreciationAndAmortization": "163668000", "incomeBeforeTax": "332655000", "incomeTaxExpense": "123268000", "interestAndDebtExpense": "None", "netIncomeFromContinuingOperations": "209387000", "comprehensiveIncomeNetOfTax": "None", "ebit": "412015000", "ebitda": "575683000", "netIncome": "207507000"}, {"fiscalDateEnding": "2015-03-31", "reportedCurrency": "USD", "grossProfit": "1018000000", "totalRevenue": "2513431000", "costOfRevenue": "1495431000", "costofGoodsAndServicesSold": "1495431000", "operatingIncome": "497475000", "sellingGeneralAndAdministrative": "629466000", "researchAndDevelopment": "0", "operatingExpenses": "520525000", "investmentIncomeNet": "None", "netInterestIncome": "None", "interestIncome": "None", "interestExpense": "94843000", "nonInterestIncome": "None", "otherNonOperatingIncome": "5727000", "depreciation": "None", "depreciationAndAmortization": "163837000", "incomeBeforeTax": "408359000", "incomeTaxExpense": "153226000", "interestAndDebtExpense": "None", "netIncomeFromContinuingOperations": "255133000", "comprehensiveIncomeNetOfTax": "None", "ebit": "497475000", "ebitda": "661312000", "netIncome": "253254000"}, {"fiscalDateEnding": "2014-12-31", "reportedCurrency": "USD", "grossProfit": "819989000", "totalRevenue": "1881120000", "costOfRevenue": "1061131000", "costofGoodsAndServicesSold": "1061131000", "operatingIncome": "430261000", "sellingGeneralAndAdministrative": "610990000", "researchAndDevelopment": "0", "operatingExpenses": "389728000", "investmentIncomeNet": "None", "netInterestIncome": "None", "interestIncome": "None", "interestExpense": "89898000", "nonInterestIncome": "None", "otherNonOperatingIncome": "5566000", "depreciation": "None", "depreciationAndAmortization": "158433000", "incomeBeforeTax": "345928000", "incomeTaxExpense": "122440000", "interestAndDebtExpense": "None", "netIncomeFromContinuingOperations": "223489000", "comprehensiveIncomeNetOfTax": "None", "ebit": "445261000", "ebitda": "603694000", "netIncome": "221609000"}, {"fiscalDateEnding": "2014-09-30", "reportedCurrency": "USD", "grossProfit": "831809000", "totalRevenue": "1892532000", "costOfRevenue": "1060723000", "costofGoodsAndServicesSold": "1060723000", "operatingIncome": "440910000", "sellingGeneralAndAdministrative": "604312000", "researchAndDevelopment": "0", "operatingExpenses": "390899000", "investmentIncomeNet": "None", "netInterestIncome": "None", "interestIncome": "None", "interestExpense": "89738000", "nonInterestIncome": "None", "otherNonOperatingIncome": "11860000", "depreciation": "None", "depreciationAndAmortization": "153210000", "incomeBeforeTax": "363032000", "incomeTaxExpense": "126539000", "interestAndDebtExpense": "None", "netIncomeFromContinuingOperations": "236493000", "comprehensiveIncomeNetOfTax": "None", "ebit": "440910000", "ebitda": "594120000", "netIncome": "234614000"}, {"fiscalDateEnding": "2014-06-30", "reportedCurrency": "USD", "grossProfit": "680169000", "totalRevenue": "1677614000", "costOfRevenue": "997445000", "costofGoodsAndServicesSold": "997445000", "operatingIncome": "293990000", "sellingGeneralAndAdministrative": "610748000", "researchAndDevelopment": "0", "operatingExpenses": "386179000", "investmentIncomeNet": "None", "netInterestIncome": "None", "interestIncome": "None", "interestExpense": "92495000", "nonInterestIncome": "None", "otherNonOperatingIncome": "5526000", "depreciation": "None", "depreciationAndAmortization": "152207000", "incomeBeforeTax": "207021000", "incomeTaxExpense": "77774000", "interestAndDebtExpense": "None", "netIncomeFromContinuingOperations": "129247000", "comprehensiveIncomeNetOfTax": "None", "ebit": "293990000", "ebitda": "446197000", "netIncome": "127367000"}, {"fiscalDateEnding": "2014-03-31", "reportedCurrency": "USD", "grossProfit": "960752000", "totalRevenue": "2290590000", "costOfRevenue": "1329838000", "costofGoodsAndServicesSold": "1329838000", "operatingIncome": "467689000", "sellingGeneralAndAdministrative": "636046000", "researchAndDevelopment": "0", "operatingExpenses": "493063000", "investmentIncomeNet": "None", "netInterestIncome": "None", "interestIncome": "None", "interestExpense": "89975000", "nonInterestIncome": "None", "otherNonOperatingIncome": "1667000", "depreciation": "None", "depreciationAndAmortization": "150807000", "incomeBeforeTax": "379381000", "incomeTaxExpense": "141545000", "interestAndDebtExpense": "None", "netIncomeFromContinuingOperations": "237836000", "comprehensiveIncomeNetOfTax": "None", "ebit": "467689000", "ebitda": "618496000", "netIncome": "235957000"}, {"fiscalDateEnding": "2013-12-31", "reportedCurrency": "USD", "grossProfit": "751741000", "totalRevenue": "1777729000", "costOfRevenue": "1025988000", "costofGoodsAndServicesSold": "1025988000", "operatingIncome": "360652000", "sellingGeneralAndAdministrative": "0", "researchAndDevelopment": "0", "operatingExpenses": "391089000", "investmentIncomeNet": "None", "netInterestIncome": "None", "interestIncome": "None", "interestExpense": "88117000", "nonInterestIncome": "None", "otherNonOperatingIncome": "None", "depreciation": "None", "depreciationAndAmortization": "147142000", "incomeBeforeTax": "280774000", "incomeTaxExpense": "101498000", "interestAndDebtExpense": "None", "netIncomeFromContinuingOperations": "0", "comprehensiveIncomeNetOfTax": "None", "ebit": "370352000", "ebitda": "517494000", "netIncome": "177397000"}, {"fiscalDateEnding": "2013-09-30", "reportedCurrency": "USD", "grossProfit": "860009000", "totalRevenue": "1892590000", "costOfRevenue": "1032581000", "costofGoodsAndServicesSold": "1032581000", "operatingIncome": "399262000", "sellingGeneralAndAdministrative": "628296000", "researchAndDevelopment": "0", "operatingExpenses": "460747000", "investmentIncomeNet": "None", "netInterestIncome": "None", "interestIncome": "None", "interestExpense": "87476000", "nonInterestIncome": "None", "otherNonOperatingIncome": "8945000", "depreciation": "None", "depreciationAndAmortization": "149105000", "incomeBeforeTax": "320731000", "incomeTaxExpense": "109351000", "interestAndDebtExpense": "None", "netIncomeFromContinuingOperations": "211380000", "comprehensiveIncomeNetOfTax": "None", "ebit": "399262000", "ebitda": "548367000", "netIncome": "209501000"}, {"fiscalDateEnding": "2013-06-30", "reportedCurrency": "USD", "grossProfit": "790391000", "totalRevenue": "1635862000", "costOfRevenue": "845471000", "costofGoodsAndServicesSold": "845471000", "operatingIncome": "350576000", "sellingGeneralAndAdministrative": "574775000", "researchAndDevelopment": "0", "operatingExpenses": "431733000", "investmentIncomeNet": "None", "netInterestIncome": "None", "interestIncome": "None", "interestExpense": "86850000", "nonInterestIncome": "None", "otherNonOperatingIncome": "4944000", "depreciation": "None", "depreciationAndAmortization": "159553000", "incomeBeforeTax": "268670000", "incomeTaxExpense": "95606000", "interestAndDebtExpense": "None", "netIncomeFromContinuingOperations": "173064000", "comprehensiveIncomeNetOfTax": "None", "ebit": "355520000", "ebitda": "515073000", "netIncome": "171021000"}, {"fiscalDateEnding": "2013-03-31", "reportedCurrency": "USD", "grossProfit": "901122000", "totalRevenue": "1995023000", "costOfRevenue": "1093901000", "costofGoodsAndServicesSold": "1093901000", "operatingIncome": "418945000", "sellingGeneralAndAdministrative": "0", "researchAndDevelopment": "0", "operatingExpenses": "447678000", "investmentIncomeNet": "None", "netInterestIncome": "None", "interestIncome": "None", "interestExpense": "76255000", "nonInterestIncome": "None", "otherNonOperatingIncome": "None", "depreciation": "None", "depreciationAndAmortization": "154977000", "incomeBeforeTax": "350455000", "incomeTaxExpense": "120487000", "interestAndDebtExpense": "None", "netIncomeFromContinuingOperations": "0", "comprehensiveIncomeNetOfTax": "None", "ebit": "426710000", "ebitda": "581687000", "netIncome": "228089000"}, {"fiscalDateEnding": "2012-12-31", "reportedCurrency": "USD", "grossProfit": "744098000", "totalRevenue": "1683952000", "costOfRevenue": "939854000", "costofGoodsAndServicesSold": "939854000", "operatingIncome": "331393000", "sellingGeneralAndAdministrative": "0", "researchAndDevelopment": "0", "operatingExpenses": "372830000", "investmentIncomeNet": "None", "netInterestIncome": "None", "interestIncome": "None", "interestExpense": "84089000", "nonInterestIncome": "None", "otherNonOperatingIncome": "None", "depreciation": "None", "depreciationAndAmortization": "149212000", "incomeBeforeTax": "252142000", "incomeTaxExpense": "75547000", "interestAndDebtExpense": "None", "netIncomeFromContinuingOperations": "0", "comprehensiveIncomeNetOfTax": "None", "ebit": "336231000", "ebitda": "485443000", "netIncome": "174716000"}, {"fiscalDateEnding": "2012-09-30", "reportedCurrency": "USD", "grossProfit": "1160452000", "totalRevenue": "1861529000", "costOfRevenue": "701077000", "costofGoodsAndServicesSold": "701077000", "operatingIncome": "412905000", "sellingGeneralAndAdministrative": "0", "researchAndDevelopment": "0", "operatingExpenses": "747547000", "investmentIncomeNet": "None", "netInterestIncome": "None", "interestIncome": "None", "interestExpense": "90361000", "nonInterestIncome": "None", "otherNonOperatingIncome": "None", "depreciation": "None", "depreciationAndAmortization": "144474000", "incomeBeforeTax": "326868000", "incomeTaxExpense": "117360000", "interestAndDebtExpense": "None", "netIncomeFromContinuingOperations": "0", "comprehensiveIncomeNetOfTax": "None", "ebit": "417230000", "ebitda": "561704000", "netIncome": "207628000"}, {"fiscalDateEnding": "2012-06-30", "reportedCurrency": "USD", "grossProfit": "1013181000", "totalRevenue": "1628684000", "costOfRevenue": "615503000", "costofGoodsAndServicesSold": "615503000", "operatingIncome": "159515000", "sellingGeneralAndAdministrative": "0", "researchAndDevelopment": "0", "operatingExpenses": "853666000", "investmentIncomeNet": "None", "netInterestIncome": "None", "interestIncome": "None", "interestExpense": "89047000", "nonInterestIncome": "None", "otherNonOperatingIncome": "None", "depreciation": "None", "depreciationAndAmortization": "144485000", "incomeBeforeTax": "72274000", "incomeTaxExpense": "26055000", "interestAndDebtExpense": "None", "netIncomeFromContinuingOperations": "0", "comprehensiveIncomeNetOfTax": "None", "ebit": "161321000", "ebitda": "305806000", "netIncome": "44339000"}, {"fiscalDateEnding": "2012-03-31", "reportedCurrency": "USD", "grossProfit": "701610000", "totalRevenue": "1099623000", "costOfRevenue": "398013000", "costofGoodsAndServicesSold": "398013000", "operatingIncome": "214393000", "sellingGeneralAndAdministrative": "0", "researchAndDevelopment": "0", "operatingExpenses": "487217000", "investmentIncomeNet": "None", "netInterestIncome": "None", "interestIncome": "None", "interestExpense": "66447000", "nonInterestIncome": "None", "otherNonOperatingIncome": "None", "depreciation": "None", "depreciationAndAmortization": "80839000", "incomeBeforeTax": "156719000", "incomeTaxExpense": "55964000", "interestAndDebtExpense": "None", "netIncomeFromContinuingOperations": "0", "comprehensiveIncomeNetOfTax": "None", "ebit": "223166000", "ebitda": "304005000", "netIncome": "99262000"}, {"fiscalDateEnding": "2011-12-31", "reportedCurrency": "USD", "grossProfit": "701700000", "totalRevenue": "1068033000", "costOfRevenue": "366333000", "costofGoodsAndServicesSold": "366333000", "operatingIncome": "184869000", "sellingGeneralAndAdministrative": "0", "researchAndDevelopment": "0", "operatingExpenses": "516831000", "investmentIncomeNet": "None", "netInterestIncome": "None", "interestIncome": "None", "interestExpense": "55525000", "nonInterestIncome": "None", "otherNonOperatingIncome": "None", "depreciation": "None", "depreciationAndAmortization": "79408000", "incomeBeforeTax": "127798000", "incomeTaxExpense": "13019000", "interestAndDebtExpense": "None", "netIncomeFromContinuingOperations": "0", "comprehensiveIncomeNetOfTax": "None", "ebit": "183323000", "ebitda": "262731000", "netIncome": "113299000"}, {"fiscalDateEnding": "2011-09-30", "reportedCurrency": "USD", "grossProfit": "714951000", "totalRevenue": "1114892000", "costOfRevenue": "399941000", "costofGoodsAndServicesSold": "399941000", "operatingIncome": "203816000", "sellingGeneralAndAdministrative": "0", "researchAndDevelopment": "0", "operatingExpenses": "511135000", "investmentIncomeNet": "None", "netInterestIncome": "None", "interestIncome": "None", "interestExpense": "63932000", "nonInterestIncome": "None", "otherNonOperatingIncome": "None", "depreciation": "None", "depreciationAndAmortization": "75196000", "incomeBeforeTax": "141314000", "incomeTaxExpense": "49883000", "interestAndDebtExpense": "None", "netIncomeFromContinuingOperations": "0", "comprehensiveIncomeNetOfTax": "None", "ebit": "205246000", "ebitda": "280442000", "netIncome": "89961000"}, {"fiscalDateEnding": "2011-06-30", "reportedCurrency": "USD", "grossProfit": "707181000", "totalRevenue": "1047481000", "costOfRevenue": "340300000", "costofGoodsAndServicesSold": "340300000", "operatingIncome": "178134000", "sellingGeneralAndAdministrative": "0", "researchAndDevelopment": "0", "operatingExpenses": "529047000", "investmentIncomeNet": "None", "netInterestIncome": "None", "interestIncome": "None", "interestExpense": "62234000", "nonInterestIncome": "None", "otherNonOperatingIncome": "None", "depreciation": "None", "depreciationAndAmortization": "39230000", "incomeBeforeTax": "123234000", "incomeTaxExpense": "44515000", "interestAndDebtExpense": "None", "netIncomeFromContinuingOperations": "0", "comprehensiveIncomeNetOfTax": "None", "ebit": "219875000", "ebitda": "259105000", "netIncome": "77278000"}, {"fiscalDateEnding": "2011-03-31", "reportedCurrency": "USD", "grossProfit": "761142000", "totalRevenue": "1235251000", "costOfRevenue": "474109000", "costofGoodsAndServicesSold": "474109000", "operatingIncome": "227357000", "sellingGeneralAndAdministrative": "0", "researchAndDevelopment": "0", "operatingExpenses": "533785000", "investmentIncomeNet": "None", "netInterestIncome": "None", "interestIncome": "None", "interestExpense": "58549000", "nonInterestIncome": "None", "otherNonOperatingIncome": "None", "depreciation": "None", "depreciationAndAmortization": "108358000", "incomeBeforeTax": "179121000", "incomeTaxExpense": "63537000", "interestAndDebtExpense": "None", "netIncomeFromContinuingOperations": "0", "comprehensiveIncomeNetOfTax": "None", "ebit": "206119000", "ebitda": "314477000", "netIncome": "114155000"}, {"fiscalDateEnding": "2010-12-31", "reportedCurrency": "USD", "grossProfit": "758054000", "totalRevenue": "1203985000", "costOfRevenue": "445931000", "costofGoodsAndServicesSold": "445931000", "operatingIncome": "195250000", "sellingGeneralAndAdministrative": "0", "researchAndDevelopment": "0", "operatingExpenses": "562804000", "investmentIncomeNet": "None", "netInterestIncome": "None", "interestIncome": "None", "interestExpense": "36934000", "nonInterestIncome": "None", "otherNonOperatingIncome": "None", "depreciation": "None", "depreciationAndAmortization": "116737000", "incomeBeforeTax": "180506000", "incomeTaxExpense": "49283000", "interestAndDebtExpense": "None", "netIncomeFromContinuingOperations": "0", "comprehensiveIncomeNetOfTax": "None", "ebit": "217440000", "ebitda": "334177000", "netIncome": "129269000"}, {"fiscalDateEnding": "2010-09-30", "reportedCurrency": "USD", "grossProfit": "749212000", "totalRevenue": "1243337000", "costOfRevenue": "494125000", "costofGoodsAndServicesSold": "494125000", "operatingIncome": "199633000", "sellingGeneralAndAdministrative": "0", "researchAndDevelopment": "0", "operatingExpenses": "549579000", "investmentIncomeNet": "None", "netInterestIncome": "None", "interestIncome": "None", "interestExpense": "65898000", "nonInterestIncome": "None", "otherNonOperatingIncome": "None", "depreciation": "None", "depreciationAndAmortization": "121296000", "incomeBeforeTax": "143853000", "incomeTaxExpense": "41918000", "interestAndDebtExpense": "None", "netIncomeFromContinuingOperations": "0", "comprehensiveIncomeNetOfTax": "None", "ebit": "159409000", "ebitda": "280705000", "netIncome": "100524000"}, {"fiscalDateEnding": "2010-06-30", "reportedCurrency": "USD", "grossProfit": "669196000", "totalRevenue": "1111426000", "costOfRevenue": "442230000", "costofGoodsAndServicesSold": "442230000", "operatingIncome": "178344000", "sellingGeneralAndAdministrative": "0", "researchAndDevelopment": "0", "operatingExpenses": "490852000", "investmentIncomeNet": "None", "netInterestIncome": "None", "interestIncome": "None", "interestExpense": "67197000", "nonInterestIncome": "None", "otherNonOperatingIncome": "None", "depreciation": "None", "depreciationAndAmortization": "87968000", "incomeBeforeTax": "112699000", "incomeTaxExpense": "39351000", "interestAndDebtExpense": "None", "netIncomeFromContinuingOperations": "0", "comprehensiveIncomeNetOfTax": "None", "ebit": "179330000", "ebitda": "267298000", "netIncome": "71946000"}, {"fiscalDateEnding": "2010-03-31", "reportedCurrency": "USD", "grossProfit": "736071000", "totalRevenue": "1339420000", "costOfRevenue": "603349000", "costofGoodsAndServicesSold": "603349000", "operatingIncome": "226663000", "sellingGeneralAndAdministrative": "0", "researchAndDevelopment": "0", "operatingExpenses": "509408000", "investmentIncomeNet": "None", "netInterestIncome": "None", "interestIncome": "None", "interestExpense": "67262000", "nonInterestIncome": "None", "otherNonOperatingIncome": "None", "depreciation": "None", "depreciationAndAmortization": "70329000", "incomeBeforeTax": "167458000", "incomeTaxExpense": "79857000", "interestAndDebtExpense": "None", "netIncomeFromContinuingOperations": "0", "comprehensiveIncomeNetOfTax": "None", "ebit": "234720000", "ebitda": "305049000", "netIncome": "86211000"}, {"fiscalDateEnding": "2009-12-31", "reportedCurrency": "USD", "grossProfit": "451247000", "totalRevenue": "1315343000", "costOfRevenue": "864096000", "costofGoodsAndServicesSold": "864096000", "operatingIncome": "192354000", "sellingGeneralAndAdministrative": "0", "researchAndDevelopment": "0", "operatingExpenses": "258893000", "investmentIncomeNet": "None", "netInterestIncome": "None", "interestIncome": "None", "interestExpense": "68067000", "nonInterestIncome": "None", "otherNonOperatingIncome": "None", "depreciation": "None", "depreciationAndAmortization": "71914000", "incomeBeforeTax": "136007000", "incomeTaxExpense": "49900000", "interestAndDebtExpense": "None", "netIncomeFromContinuingOperations": "0", "comprehensiveIncomeNetOfTax": "None", "ebit": "204074000", "ebitda": "275988000", "netIncome": "90276000"}, {"fiscalDateEnding": "2009-09-30", "reportedCurrency": "USD", "grossProfit": "444245000", "totalRevenue": "1306173000", "costOfRevenue": "861928000", "costofGoodsAndServicesSold": "861928000", "operatingIncome": "162553000", "sellingGeneralAndAdministrative": "0", "researchAndDevelopment": "0", "operatingExpenses": "281692000", "investmentIncomeNet": "None", "netInterestIncome": "None", "interestIncome": "None", "interestExpense": "69635000", "nonInterestIncome": "None", "otherNonOperatingIncome": "None", "depreciation": "None", "depreciationAndAmortization": "87616000", "incomeBeforeTax": "102408000", "incomeTaxExpense": "36230000", "interestAndDebtExpense": "None", "netIncomeFromContinuingOperations": "0", "comprehensiveIncomeNetOfTax": "None", "ebit": "172043000", "ebitda": "259659000", "netIncome": "64788000"}, {"fiscalDateEnding": "2009-06-30", "reportedCurrency": "USD", "grossProfit": "406011000", "totalRevenue": "1224431000", "costOfRevenue": "818420000", "costofGoodsAndServicesSold": "818420000", "operatingIncome": "179186000", "sellingGeneralAndAdministrative": "0", "researchAndDevelopment": "0", "operatingExpenses": "226825000", "investmentIncomeNet": "None", "netInterestIncome": "None", "interestIncome": "None", "interestExpense": "64958000", "nonInterestIncome": "None", "otherNonOperatingIncome": "None", "depreciation": "None", "depreciationAndAmortization": "64729000", "incomeBeforeTax": "126637000", "incomeTaxExpense": "42394000", "interestAndDebtExpense": "None", "netIncomeFromContinuingOperations": "0", "comprehensiveIncomeNetOfTax": "None", "ebit": "191595000", "ebitda": "256324000", "netIncome": "82854000"}, {"fiscalDateEnding": "2009-03-31", "reportedCurrency": "USD", "grossProfit": "507118000", "totalRevenue": "1593483000", "costOfRevenue": "1086365000", "costofGoodsAndServicesSold": "1086365000", "operatingIncome": "217282000", "sellingGeneralAndAdministrative": "0", "researchAndDevelopment": "0", "operatingExpenses": "289836000", "investmentIncomeNet": "None", "netInterestIncome": "None", "interestIncome": "None", "interestExpense": "70977000", "nonInterestIncome": "None", "otherNonOperatingIncome": "None", "depreciation": "None", "depreciationAndAmortization": "98674000", "incomeBeforeTax": "150487000", "incomeTaxExpense": "51423000", "interestAndDebtExpense": "None", "netIncomeFromContinuingOperations": "0", "comprehensiveIncomeNetOfTax": "None", "ebit": "221464000", "ebitda": "320138000", "netIncome": "97674000"}, {"fiscalDateEnding": "2008-12-31", "reportedCurrency": "USD", "grossProfit": "737772000", "totalRevenue": "1447886000", "costOfRevenue": "710114000", "costofGoodsAndServicesSold": "710114000", "operatingIncome": "171297000", "sellingGeneralAndAdministrative": "0", "researchAndDevelopment": "0", "operatingExpenses": "-455229000", "investmentIncomeNet": "None", "netInterestIncome": "None", "interestIncome": "None", "interestExpense": "269145000000", "nonInterestIncome": "None", "otherNonOperatingIncome": "None", "depreciation": "None", "depreciationAndAmortization": "-27360000", "incomeBeforeTax": "110568000", "incomeTaxExpense": "37280000", "interestAndDebtExpense": "None", "netIncomeFromContinuingOperations": "0", "comprehensiveIncomeNetOfTax": "None", "ebit": "221725000", "ebitda": "194365000", "netIncome": "67729000"}, {"fiscalDateEnding": "2008-09-30", "reportedCurrency": "USD", "grossProfit": "705847000", "totalRevenue": "1506897000", "costOfRevenue": "801050000", "costofGoodsAndServicesSold": "801050000", "operatingIncome": "149077000", "sellingGeneralAndAdministrative": "0", "researchAndDevelopment": "0", "operatingExpenses": "556770000", "investmentIncomeNet": "None", "netInterestIncome": "None", "interestIncome": "None", "interestExpense": "70897000000", "nonInterestIncome": "None", "otherNonOperatingIncome": "None", "depreciation": "None", "depreciationAndAmortization": "190281000", "incomeBeforeTax": "95862000", "incomeTaxExpense": "21783000", "interestAndDebtExpense": "None", "netIncomeFromContinuingOperations": "0", "comprehensiveIncomeNetOfTax": "None", "ebit": "131395000", "ebitda": "321676000", "netIncome": "74079000"}, {"fiscalDateEnding": "2008-06-30", "reportedCurrency": "USD", "grossProfit": "663646000", "totalRevenue": "1325345000", "costOfRevenue": "661699000", "costofGoodsAndServicesSold": "661699000", "operatingIncome": "138119000", "sellingGeneralAndAdministrative": "0", "researchAndDevelopment": "0", "operatingExpenses": "525527000", "investmentIncomeNet": "None", "netInterestIncome": "None", "interestIncome": "None", "interestExpense": "66060000000", "nonInterestIncome": "None", "otherNonOperatingIncome": "None", "depreciation": "None", "depreciationAndAmortization": "125867000", "incomeBeforeTax": "82429000", "incomeTaxExpense": "23192000", "interestAndDebtExpense": "None", "netIncomeFromContinuingOperations": "0", "comprehensiveIncomeNetOfTax": "None", "ebit": "132888000", "ebitda": "258755000", "netIncome": "59237000"}, {"fiscalDateEnding": "2008-03-31", "reportedCurrency": "USD", "grossProfit": "696650000", "totalRevenue": "1519967000", "costOfRevenue": "823317000", "costofGoodsAndServicesSold": "823317000", "operatingIncome": "132272000", "sellingGeneralAndAdministrative": "0", "researchAndDevelopment": "0", "operatingExpenses": "564378000", "investmentIncomeNet": "None", "netInterestIncome": "None", "interestIncome": "None", "interestExpense": "62641000000", "nonInterestIncome": "None", "otherNonOperatingIncome": "None", "depreciation": "None", "depreciationAndAmortization": "176196000", "incomeBeforeTax": "83189000", "incomeTaxExpense": "23406000", "interestAndDebtExpense": "None", "netIncomeFromContinuingOperations": "0", "comprehensiveIncomeNetOfTax": "None", "ebit": "118714000", "ebitda": "294910000", "netIncome": "59783000"}, {"fiscalDateEnding": "2007-12-31", "reportedCurrency": "USD", "grossProfit": "680649000", "totalRevenue": "1274800000", "costOfRevenue": "594151000", "costofGoodsAndServicesSold": "594151000", "operatingIncome": "143427000", "sellingGeneralAndAdministrative": "0", "researchAndDevelopment": "0", "operatingExpenses": "537222000", "investmentIncomeNet": "None", "netInterestIncome": "None", "interestIncome": "None", "interestExpense": "64220000", "nonInterestIncome": "None", "otherNonOperatingIncome": "None", "depreciation": "None", "depreciationAndAmortization": "154727000", "incomeBeforeTax": "107269000", "incomeTaxExpense": "33978000", "interestAndDebtExpense": "None", "netIncomeFromContinuingOperations": "0", "comprehensiveIncomeNetOfTax": "None", "ebit": "143427000", "ebitda": "298154000", "netIncome": "72712000"}, {"fiscalDateEnding": "2007-09-30", "reportedCurrency": "USD", "grossProfit": "569846000", "totalRevenue": "1451080000", "costOfRevenue": "881234000", "costofGoodsAndServicesSold": "881234000", "operatingIncome": "123334000", "sellingGeneralAndAdministrative": "0", "researchAndDevelopment": "0", "operatingExpenses": "446512000", "investmentIncomeNet": "None", "netInterestIncome": "None", "interestIncome": "None", "interestExpense": "61724000000", "nonInterestIncome": "None", "otherNonOperatingIncome": "None", "depreciation": "None", "depreciationAndAmortization": "129178000", "incomeBeforeTax": "70954000", "incomeTaxExpense": "20778000", "interestAndDebtExpense": "None", "netIncomeFromContinuingOperations": "0", "comprehensiveIncomeNetOfTax": "None", "ebit": "117354000", "ebitda": "246532000", "netIncome": "50124000"}, {"fiscalDateEnding": "2007-06-30", "reportedCurrency": "USD", "grossProfit": "587251000", "totalRevenue": "1392053000", "costOfRevenue": "804802000", "costofGoodsAndServicesSold": "804802000", "operatingIncome": "117319000", "sellingGeneralAndAdministrative": "0", "researchAndDevelopment": "0", "operatingExpenses": "469932000", "investmentIncomeNet": "None", "netInterestIncome": "None", "interestIncome": "None", "interestExpense": "59524000000", "nonInterestIncome": "None", "otherNonOperatingIncome": "None", "depreciation": "None", "depreciationAndAmortization": "104577000", "incomeBeforeTax": "69668000", "incomeTaxExpense": "22086000", "interestAndDebtExpense": "None", "netIncomeFromContinuingOperations": "0", "comprehensiveIncomeNetOfTax": "None", "ebit": "107950000", "ebitda": "212527000", "netIncome": "49942000"}, {"fiscalDateEnding": "2007-03-31", "reportedCurrency": "USD", "grossProfit": "633807000", "totalRevenue": "1704293000", "costOfRevenue": "1070486000", "costofGoodsAndServicesSold": "1070486000", "operatingIncome": "155401000", "sellingGeneralAndAdministrative": "0", "researchAndDevelopment": "0", "operatingExpenses": "478406000", "investmentIncomeNet": "None", "netInterestIncome": "None", "interestIncome": "None", "interestExpense": "59266000000", "nonInterestIncome": "None", "otherNonOperatingIncome": "None", "depreciation": "None", "depreciationAndAmortization": "130243000", "incomeBeforeTax": "110204000", "incomeTaxExpense": "32578000", "interestAndDebtExpense": "None", "netIncomeFromContinuingOperations": "0", "comprehensiveIncomeNetOfTax": "None", "ebit": "155733000", "ebitda": "285976000", "netIncome": "76484000"}, {"fiscalDateEnding": "2006-12-31", "reportedCurrency": "USD", "grossProfit": "537332000", "totalRevenue": "1481843000", "costOfRevenue": "944511000", "costofGoodsAndServicesSold": "944511000", "operatingIncome": "62735000", "sellingGeneralAndAdministrative": "0", "researchAndDevelopment": "0", "operatingExpenses": "474597000", "investmentIncomeNet": "None", "netInterestIncome": "None", "interestIncome": "None", "interestExpense": "61862000", "nonInterestIncome": "None", "otherNonOperatingIncome": "None", "depreciation": "None", "depreciationAndAmortization": "84146000", "incomeBeforeTax": "34921000", "incomeTaxExpense": "3658000", "interestAndDebtExpense": "None", "netIncomeFromContinuingOperations": "0", "comprehensiveIncomeNetOfTax": "None", "ebit": "62735000", "ebitda": "146881000", "netIncome": "348383000"}, {"fiscalDateEnding": "2006-09-30", "reportedCurrency": "USD", "grossProfit": "541819000", "totalRevenue": "1594096000", "costOfRevenue": "1052277000", "costofGoodsAndServicesSold": "1052277000", "operatingIncome": "77250000", "sellingGeneralAndAdministrative": "0", "researchAndDevelopment": "0", "operatingExpenses": "464569000", "investmentIncomeNet": "None", "netInterestIncome": "None", "interestIncome": "None", "interestExpense": "62781000000", "nonInterestIncome": "None", "otherNonOperatingIncome": "None", "depreciation": "None", "depreciationAndAmortization": "115926000", "incomeBeforeTax": "28340000", "incomeTaxExpense": "-75702000", "interestAndDebtExpense": "None", "netIncomeFromContinuingOperations": "0", "comprehensiveIncomeNetOfTax": "None", "ebit": "62334000", "ebitda": "178260000", "netIncome": "112839000"}, {"fiscalDateEnding": "2006-06-30", "reportedCurrency": "USD", "grossProfit": "564251000", "totalRevenue": "1670531000", "costOfRevenue": "1106280000", "costofGoodsAndServicesSold": "1106280000", "operatingIncome": "75257000", "sellingGeneralAndAdministrative": "0", "researchAndDevelopment": "0", "operatingExpenses": "488994000", "investmentIncomeNet": "None", "netInterestIncome": "None", "interestIncome": "None", "interestExpense": "63324000000", "nonInterestIncome": "None", "otherNonOperatingIncome": "None", "depreciation": "None", "depreciationAndAmortization": "145868000", "incomeBeforeTax": "24609000", "incomeTaxExpense": "8920000", "interestAndDebtExpense": "None", "netIncomeFromContinuingOperations": "0", "comprehensiveIncomeNetOfTax": "None", "ebit": "73308000", "ebitda": "219176000", "netIncome": "23631000"}, {"fiscalDateEnding": "2006-03-31", "reportedCurrency": "USD", "grossProfit": "610188000", "totalRevenue": "2147388000", "costOfRevenue": "1537200000", "costofGoodsAndServicesSold": "1537200000", "operatingIncome": "7437000", "sellingGeneralAndAdministrative": "0", "researchAndDevelopment": "0", "operatingExpenses": "602751000", "investmentIncomeNet": "None", "netInterestIncome": "None", "interestIncome": "None", "interestExpense": "61232000000", "nonInterestIncome": "None", "otherNonOperatingIncome": "None", "depreciation": "None", "depreciationAndAmortization": "118030000", "incomeBeforeTax": "-37590000", "incomeTaxExpense": "-18305000", "interestAndDebtExpense": "None", "netIncomeFromContinuingOperations": "0", "comprehensiveIncomeNetOfTax": "None", "ebit": "40363000", "ebitda": "158393000", "netIncome": "-8716000"}, {"fiscalDateEnding": "2005-12-31", "reportedCurrency": "USD", "grossProfit": "642744000", "totalRevenue": "1877834000", "costOfRevenue": "1235090000", "costofGoodsAndServicesSold": "1235090000", "operatingIncome": "-17503000", "sellingGeneralAndAdministrative": "0", "researchAndDevelopment": "0", "operatingExpenses": "660247000", "investmentIncomeNet": "None", "netInterestIncome": "None", "interestIncome": "None", "interestExpense": "63327000", "nonInterestIncome": "None", "otherNonOperatingIncome": "None", "depreciation": "None", "depreciationAndAmortization": "196789000", "incomeBeforeTax": "-62066000", "incomeTaxExpense": "-52733000", "interestAndDebtExpense": "None", "netIncomeFromContinuingOperations": "0", "comprehensiveIncomeNetOfTax": "None", "ebit": "-17503000", "ebitda": "179286000", "netIncome": "-12183000"}, {"fiscalDateEnding": "2005-09-30", "reportedCurrency": "USD", "grossProfit": "619786000", "totalRevenue": "1754862000", "costOfRevenue": "1135076000", "costofGoodsAndServicesSold": "1135076000", "operatingIncome": "-61371000", "sellingGeneralAndAdministrative": "0", "researchAndDevelopment": "0", "operatingExpenses": "681157000", "investmentIncomeNet": "None", "netInterestIncome": "None", "interestIncome": "None", "interestExpense": "67165000000", "nonInterestIncome": "None", "otherNonOperatingIncome": "None", "depreciation": "None", "depreciationAndAmortization": "175733000", "incomeBeforeTax": "-120363000", "incomeTaxExpense": "-29794000", "interestAndDebtExpense": "None", "netIncomeFromContinuingOperations": "0", "comprehensiveIncomeNetOfTax": "None", "ebit": "-60289000", "ebitda": "115444000", "netIncome": "-93102000"}, {"fiscalDateEnding": "2005-06-30", "reportedCurrency": "USD", "grossProfit": "620700000", "totalRevenue": "1557920000", "costOfRevenue": "937220000", "costofGoodsAndServicesSold": "937220000", "operatingIncome": "13458000", "sellingGeneralAndAdministrative": "0", "researchAndDevelopment": "0", "operatingExpenses": "607242000", "investmentIncomeNet": "None", "netInterestIncome": "None", "interestIncome": "None", "interestExpense": "73154000000", "nonInterestIncome": "None", "otherNonOperatingIncome": "None", "depreciation": "None", "depreciationAndAmortization": "153943000", "incomeBeforeTax": "-50632000", "incomeTaxExpense": "-24317000", "interestAndDebtExpense": "None", "netIncomeFromContinuingOperations": "0", "comprehensiveIncomeNetOfTax": "None", "ebit": "-16091000", "ebitda": "137852000", "netIncome": "-26315000"}, {"fiscalDateEnding": "2005-03-31", "reportedCurrency": "USD", "grossProfit": "639111000", "totalRevenue": "2264812000", "costOfRevenue": "1625701000", "costofGoodsAndServicesSold": "1625701000", "operatingIncome": "-119893000", "sellingGeneralAndAdministrative": "0", "researchAndDevelopment": "0", "operatingExpenses": "759004000", "investmentIncomeNet": "None", "netInterestIncome": "None", "interestIncome": "None", "interestExpense": "65829000000", "nonInterestIncome": "None", "otherNonOperatingIncome": "None", "depreciation": "None", "depreciationAndAmortization": "127975000", "incomeBeforeTax": "-183681000", "incomeTaxExpense": "-67352000", "interestAndDebtExpense": "None", "netIncomeFromContinuingOperations": "0", "comprehensiveIncomeNetOfTax": "None", "ebit": "-126237000", "ebitda": "1738000", "netIncome": "-116329000"}, {"fiscalDateEnding": "2004-12-31", "reportedCurrency": "USD", "grossProfit": "547620000", "totalRevenue": "1655761000", "costOfRevenue": "1108141000", "costofGoodsAndServicesSold": "1108141000", "operatingIncome": "34614000", "sellingGeneralAndAdministrative": "0", "researchAndDevelopment": "0", "operatingExpenses": "513006000", "investmentIncomeNet": "None", "netInterestIncome": "None", "interestIncome": "None", "interestExpense": "63472000", "nonInterestIncome": "None", "otherNonOperatingIncome": "None", "depreciation": "None", "depreciationAndAmortization": "136039000", "incomeBeforeTax": "-27762000", "incomeTaxExpense": "-16298000", "interestAndDebtExpense": "None", "netIncomeFromContinuingOperations": "0", "comprehensiveIncomeNetOfTax": "None", "ebit": "34614000", "ebitda": "170653000", "netIncome": "-11464000"}]}