{"symbol": "LYB", "annualReports": [{"fiscalDateEnding": "2024-12-31", "reportedCurrency": "USD", "grossProfit": "4564000000", "totalRevenue": "40302000000", "costOfRevenue": "35738000000", "costofGoodsAndServicesSold": "35738000000", "operatingIncome": "1817000000", "sellingGeneralAndAdministrative": "1663000000", "researchAndDevelopment": "135000000", "operatingExpenses": "1798000000", "investmentIncomeNet": "None", "netInterestIncome": "-331000000", "interestIncome": "150000000", "interestExpense": "481000000", "nonInterestIncome": "None", "otherNonOperatingIncome": "None", "depreciation": "None", "depreciationAndAmortization": "1522000000", "incomeBeforeTax": "1820000000", "incomeTaxExpense": "240000000", "interestAndDebtExpense": "None", "netIncomeFromContinuingOperations": "1363000000", "comprehensiveIncomeNetOfTax": "None", "ebit": "2084000000", "ebitda": "3606000000", "netIncome": "1360000000"}, {"fiscalDateEnding": "2023-12-31", "reportedCurrency": "USD", "grossProfit": "5258000000", "totalRevenue": "41107000000", "costOfRevenue": "35849000000", "costofGoodsAndServicesSold": "35849000000", "operatingIncome": "3053000000", "sellingGeneralAndAdministrative": "1557000000", "researchAndDevelopment": "130000000", "operatingExpenses": "2205000000", "investmentIncomeNet": "None", "netInterestIncome": "-348000000", "interestIncome": "129000000", "interestExpense": "477000000", "nonInterestIncome": "None", "otherNonOperatingIncome": "None", "depreciation": "None", "depreciationAndAmortization": "1534000000", "incomeBeforeTax": "2627000000", "incomeTaxExpense": "501000000", "interestAndDebtExpense": "None", "netIncomeFromContinuingOperations": "2126000000", "comprehensiveIncomeNetOfTax": "None", "ebit": "3104000000", "ebitda": "4638000000", "netIncome": "2114000000"}, {"fiscalDateEnding": "2022-12-31", "reportedCurrency": "USD", "grossProfit": "6604000000", "totalRevenue": "50451000000", "costOfRevenue": "43847000000", "costofGoodsAndServicesSold": "43847000000", "operatingIncome": "5101000000", "sellingGeneralAndAdministrative": "1310000000", "researchAndDevelopment": "124000000", "operatingExpenses": "1434000000", "investmentIncomeNet": "None", "netInterestIncome": "-258000000", "interestIncome": "29000000", "interestExpense": "287000000", "nonInterestIncome": "None", "otherNonOperatingIncome": "-43000000", "depreciation": "None", "depreciationAndAmortization": "1267000000", "incomeBeforeTax": "4776000000", "incomeTaxExpense": "882000000", "interestAndDebtExpense": "None", "netIncomeFromContinuingOperations": "3894000000", "comprehensiveIncomeNetOfTax": "None", "ebit": "4836000000", "ebitda": "6103000000", "netIncome": "3882000000"}, {"fiscalDateEnding": "2021-12-31", "reportedCurrency": "USD", "grossProfit": "8776000000", "totalRevenue": "46173000000", "costOfRevenue": "37397000000", "costofGoodsAndServicesSold": "37397000000", "operatingIncome": "6773000000", "sellingGeneralAndAdministrative": "1255000000", "researchAndDevelopment": "124000000", "operatingExpenses": "1379000000", "investmentIncomeNet": "None", "netInterestIncome": "-510000000", "interestIncome": "51000000", "interestExpense": "519000000", "nonInterestIncome": "None", "otherNonOperatingIncome": "None", "depreciation": "None", "depreciationAndAmortization": "1393000000", "incomeBeforeTax": "6786000000", "incomeTaxExpense": "1163000000", "interestAndDebtExpense": "None", "netIncomeFromContinuingOperations": "5623000000", "comprehensiveIncomeNetOfTax": "None", "ebit": "7545000000", "ebitda": "8938000000", "netIncome": "5610000000"}, {"fiscalDateEnding": "2020-12-31", "reportedCurrency": "USD", "grossProfit": "3394000000", "totalRevenue": "27753000000", "costOfRevenue": "24359000000", "costofGoodsAndServicesSold": "24359000000", "operatingIncome": "2494000000", "sellingGeneralAndAdministrative": "1140000000", "researchAndDevelopment": "113000000", "operatingExpenses": "1253000000", "investmentIncomeNet": "None", "netInterestIncome": "-514000000", "interestIncome": "12000000", "interestExpense": "526000000", "nonInterestIncome": "None", "otherNonOperatingIncome": "97000000", "depreciation": "None", "depreciationAndAmortization": "1385000000", "incomeBeforeTax": "1386000000", "incomeTaxExpense": "-43000000", "interestAndDebtExpense": "None", "netIncomeFromContinuingOperations": "1429000000", "comprehensiveIncomeNetOfTax": "None", "ebit": "2228000000", "ebitda": "3613000000", "netIncome": "1420000000"}, {"fiscalDateEnding": "2019-12-31", "reportedCurrency": "USD", "grossProfit": "5426000000", "totalRevenue": "34727000000", "costOfRevenue": "29301000000", "costofGoodsAndServicesSold": "29301000000", "operatingIncome": "4116000000", "sellingGeneralAndAdministrative": "1199000000", "researchAndDevelopment": "111000000", "operatingExpenses": "1310000000", "investmentIncomeNet": "None", "netInterestIncome": "-328000000", "interestIncome": "19000000", "interestExpense": "347000000", "nonInterestIncome": "None", "otherNonOperatingIncome": "58000000", "depreciation": "None", "depreciationAndAmortization": "1312000000", "incomeBeforeTax": "4052000000", "incomeTaxExpense": "648000000", "interestAndDebtExpense": "None", "netIncomeFromContinuingOperations": "3404000000", "comprehensiveIncomeNetOfTax": "None", "ebit": "4495000000", "ebitda": "5807000000", "netIncome": "3390000000"}, {"fiscalDateEnding": "2018-12-31", "reportedCurrency": "USD", "grossProfit": "6475000000", "totalRevenue": "39004000000", "costOfRevenue": "32529000000", "costofGoodsAndServicesSold": "32529000000", "operatingIncome": "5231000000", "sellingGeneralAndAdministrative": "1129000000", "researchAndDevelopment": "115000000", "operatingExpenses": "1244000000", "investmentIncomeNet": "None", "netInterestIncome": "-315000000", "interestIncome": "45000000", "interestExpense": "360000000", "nonInterestIncome": "None", "otherNonOperatingIncome": "151000000", "depreciation": "None", "depreciationAndAmortization": "1241000000", "incomeBeforeTax": "5311000000", "incomeTaxExpense": "613000000", "interestAndDebtExpense": "None", "netIncomeFromContinuingOperations": "4698000000", "comprehensiveIncomeNetOfTax": "None", "ebit": "5612000000", "ebitda": "6853000000", "netIncome": "4690000000"}, {"fiscalDateEnding": "2017-12-31", "reportedCurrency": "USD", "grossProfit": "6425000000", "totalRevenue": "34484000000", "costOfRevenue": "28059000000", "costofGoodsAndServicesSold": "28059000000", "operatingIncome": "5460000000", "sellingGeneralAndAdministrative": "859000000", "researchAndDevelopment": "106000000", "operatingExpenses": "965000000", "investmentIncomeNet": "None", "netInterestIncome": "-467000000", "interestIncome": "24000000", "interestExpense": "467000000", "nonInterestIncome": "None", "otherNonOperatingIncome": "203000000", "depreciation": "None", "depreciationAndAmortization": "1174000000", "incomeBeforeTax": "5493000000", "incomeTaxExpense": "598000000", "interestAndDebtExpense": "None", "netIncomeFromContinuingOperations": "4895000000", "comprehensiveIncomeNetOfTax": "None", "ebit": "6252000000", "ebitda": "7426000000", "netIncome": "4879000000"}, {"fiscalDateEnding": "2016-12-31", "reportedCurrency": "USD", "grossProfit": "5992000000", "totalRevenue": "29183000000", "costOfRevenue": "23191000000", "costofGoodsAndServicesSold": "23191000000", "operatingIncome": "5060000000", "sellingGeneralAndAdministrative": "833000000", "researchAndDevelopment": "99000000", "operatingExpenses": "932000000", "investmentIncomeNet": "None", "netInterestIncome": "-305000000", "interestIncome": "17000000", "interestExpense": "305000000", "nonInterestIncome": "None", "otherNonOperatingIncome": "128000000", "depreciation": "None", "depreciationAndAmortization": "1064000000", "incomeBeforeTax": "5233000000", "incomeTaxExpense": "1386000000", "interestAndDebtExpense": "None", "netIncomeFromContinuingOperations": "3847000000", "comprehensiveIncomeNetOfTax": "None", "ebit": "5640000000", "ebitda": "6704000000", "netIncome": "3836000000"}, {"fiscalDateEnding": "2015-12-31", "reportedCurrency": "USD", "grossProfit": "7052000000", "totalRevenue": "32735000000", "costOfRevenue": "25683000000", "costofGoodsAndServicesSold": "25683000000", "operatingIncome": "6122000000", "sellingGeneralAndAdministrative": "828000000", "researchAndDevelopment": "102000000", "operatingExpenses": "930000000", "investmentIncomeNet": "None", "netInterestIncome": "None", "interestIncome": "37000000", "interestExpense": "277000000", "nonInterestIncome": "None", "otherNonOperatingIncome": "58000000", "depreciation": "None", "depreciationAndAmortization": "1047000000", "incomeBeforeTax": "6209000000", "incomeTaxExpense": "1730000000", "interestAndDebtExpense": "None", "netIncomeFromContinuingOperations": "4479000000", "comprehensiveIncomeNetOfTax": "None", "ebit": "6636000000", "ebitda": "7683000000", "netIncome": "4476000000"}, {"fiscalDateEnding": "2014-12-31", "reportedCurrency": "USD", "grossProfit": "6669000000", "totalRevenue": "45608000000", "costOfRevenue": "38939000000", "costofGoodsAndServicesSold": "38939000000", "operatingIncome": "5736000000", "sellingGeneralAndAdministrative": "806000000", "researchAndDevelopment": "127000000", "operatingExpenses": "933000000", "investmentIncomeNet": "None", "netInterestIncome": "None", "interestIncome": "None", "interestExpense": "319000000", "nonInterestIncome": "None", "otherNonOperatingIncome": "71000000", "depreciation": "None", "depreciationAndAmortization": "1019000000", "incomeBeforeTax": "5712000000", "incomeTaxExpense": "1540000000", "interestAndDebtExpense": "None", "netIncomeFromContinuingOperations": "4172000000", "comprehensiveIncomeNetOfTax": "None", "ebit": "6089000000", "ebitda": "7108000000", "netIncome": "4174000000"}, {"fiscalDateEnding": "2013-12-31", "reportedCurrency": "USD", "grossProfit": "6122000000", "totalRevenue": "44062000000", "costOfRevenue": "37940000000", "costofGoodsAndServicesSold": "37940000000", "operatingIncome": "5102000000", "sellingGeneralAndAdministrative": "870000000", "researchAndDevelopment": "150000000", "operatingExpenses": "1020000000", "investmentIncomeNet": "None", "netInterestIncome": "None", "interestIncome": "None", "interestExpense": "294000000", "nonInterestIncome": "None", "otherNonOperatingIncome": "None", "depreciation": "None", "depreciationAndAmortization": "1021000000", "incomeBeforeTax": "4996000000", "incomeTaxExpense": "1136000000", "interestAndDebtExpense": "None", "netIncomeFromContinuingOperations": "3860000000", "comprehensiveIncomeNetOfTax": "None", "ebit": "5305000000", "ebitda": "6326000000", "netIncome": "3857000000"}, {"fiscalDateEnding": "2012-12-31", "reportedCurrency": "USD", "grossProfit": "5757000000", "totalRevenue": "45352000000", "costOfRevenue": "39595000000", "costofGoodsAndServicesSold": "39595000000", "operatingIncome": "4676000000", "sellingGeneralAndAdministrative": "909000000", "researchAndDevelopment": "172000000", "operatingExpenses": "1081000000", "investmentIncomeNet": "None", "netInterestIncome": "None", "interestIncome": "None", "interestExpense": "640000000", "nonInterestIncome": "None", "otherNonOperatingIncome": "164000000", "depreciation": "None", "depreciationAndAmortization": "983000000", "incomeBeforeTax": "4185000000", "incomeTaxExpense": "1327000000", "interestAndDebtExpense": "None", "netIncomeFromContinuingOperations": "2858000000", "comprehensiveIncomeNetOfTax": "None", "ebit": "4840000000", "ebitda": "5823000000", "netIncome": "2848000000"}, {"fiscalDateEnding": "2011-12-31", "reportedCurrency": "USD", "grossProfit": "5122000000", "totalRevenue": "51035000000", "costOfRevenue": "45913000000", "costofGoodsAndServicesSold": "45913000000", "operatingIncome": "3998000000", "sellingGeneralAndAdministrative": "918000000", "researchAndDevelopment": "196000000", "operatingExpenses": "1124000000", "investmentIncomeNet": "None", "netInterestIncome": "None", "interestIncome": "None", "interestExpense": "1044000000", "nonInterestIncome": "None", "otherNonOperatingIncome": "234000000", "depreciation": "None", "depreciationAndAmortization": "931000000", "incomeBeforeTax": "3188000000", "incomeTaxExpense": "1048000000", "interestAndDebtExpense": "None", "netIncomeFromContinuingOperations": "2140000000", "comprehensiveIncomeNetOfTax": "None", "ebit": "4232000000", "ebitda": "5163000000", "netIncome": "2147000000"}, {"fiscalDateEnding": "2010-12-31", "reportedCurrency": "USD", "grossProfit": "4049000000", "totalRevenue": "41151000000", "costOfRevenue": "37102000000", "costofGoodsAndServicesSold": "37102000000", "operatingIncome": "2944000000", "sellingGeneralAndAdministrative": "853000000", "researchAndDevelopment": "154000000", "operatingExpenses": "1026000000", "investmentIncomeNet": "None", "netInterestIncome": "None", "interestIncome": "None", "interestExpense": "1258000000", "nonInterestIncome": "None", "otherNonOperatingIncome": "None", "depreciation": "None", "depreciationAndAmortization": "1123000000", "incomeBeforeTax": "9069000000", "incomeTaxExpense": "-953000000", "interestAndDebtExpense": "None", "netIncomeFromContinuingOperations": "None", "comprehensiveIncomeNetOfTax": "None", "ebit": "10310000000", "ebitda": "11433000000", "netIncome": "10151000000"}, {"fiscalDateEnding": "2009-12-31", "reportedCurrency": "USD", "grossProfit": "1456000000", "totalRevenue": "30828000000", "costOfRevenue": "29372000000", "costofGoodsAndServicesSold": "29372000000", "operatingIncome": "317000000", "sellingGeneralAndAdministrative": "995000000", "researchAndDevelopment": "145000000", "operatingExpenses": "995000000", "investmentIncomeNet": "None", "netInterestIncome": "None", "interestIncome": "None", "interestExpense": "1795000000", "nonInterestIncome": "None", "otherNonOperatingIncome": "None", "depreciation": "None", "depreciationAndAmortization": "1774000000", "incomeBeforeTax": "-4277000000", "incomeTaxExpense": "-1411000000", "interestAndDebtExpense": "None", "netIncomeFromContinuingOperations": "None", "comprehensiveIncomeNetOfTax": "None", "ebit": "-2513000000", "ebitda": "-739000000", "netIncome": "-2865000000"}, {"fiscalDateEnding": "2008-12-31", "reportedCurrency": "USD", "grossProfit": "1926000000", "totalRevenue": "50706000000", "costOfRevenue": "48780000000", "costofGoodsAndServicesSold": "48780000000", "operatingIncome": "-5928000000", "sellingGeneralAndAdministrative": "1391000000", "researchAndDevelopment": "194000000", "operatingExpenses": "1391000000", "investmentIncomeNet": "None", "netInterestIncome": "None", "interestIncome": "None", "interestExpense": "2476000000", "nonInterestIncome": "None", "otherNonOperatingIncome": "None", "depreciation": "None", "depreciationAndAmortization": "1911000000", "incomeBeforeTax": "-8184000000", "incomeTaxExpense": "-848000000", "interestAndDebtExpense": "None", "netIncomeFromContinuingOperations": "None", "comprehensiveIncomeNetOfTax": "None", "ebit": "-5708000000", "ebitda": "-3797000000", "netIncome": "-7321000000"}, {"fiscalDateEnding": "2007-12-31", "reportedCurrency": "USD", "grossProfit": "1924000000", "totalRevenue": "17120000000", "costOfRevenue": "15196000000", "costofGoodsAndServicesSold": "15196000000", "operatingIncome": "934000000", "sellingGeneralAndAdministrative": "None", "researchAndDevelopment": "230000000", "operatingExpenses": "970000000", "investmentIncomeNet": "None", "netInterestIncome": "None", "interestIncome": "None", "interestExpense": "353000000", "nonInterestIncome": "None", "otherNonOperatingIncome": "None", "depreciation": "None", "depreciationAndAmortization": "472000000", "incomeBeforeTax": "940000000", "incomeTaxExpense": "279000000", "interestAndDebtExpense": "None", "netIncomeFromContinuingOperations": "None", "comprehensiveIncomeNetOfTax": "None", "ebit": "1293000000", "ebitda": "1765000000", "netIncome": "661000000"}], "quarterlyReports": [{"fiscalDateEnding": "2024-12-31", "reportedCurrency": "USD", "grossProfit": "750000000", "totalRevenue": "9497000000", "costOfRevenue": "8747000000", "costofGoodsAndServicesSold": "8747000000", "operatingIncome": "-659000000", "sellingGeneralAndAdministrative": "426000000", "researchAndDevelopment": "39000000", "operatingExpenses": "1409000000", "investmentIncomeNet": "None", "netInterestIncome": "-80000000", "interestIncome": "36000000", "interestExpense": "116000000", "nonInterestIncome": "None", "otherNonOperatingIncome": "None", "depreciation": "None", "depreciationAndAmortization": "389000000", "incomeBeforeTax": "-878000000", "incomeTaxExpense": "-265000000", "interestAndDebtExpense": "None", "netIncomeFromContinuingOperations": "-613000000", "comprehensiveIncomeNetOfTax": "None", "ebit": "-762000000", "ebitda": "-373000000", "netIncome": "-598000000"}, {"fiscalDateEnding": "2024-09-30", "reportedCurrency": "USD", "grossProfit": "1242000000", "totalRevenue": "10322000000", "costOfRevenue": "9080000000", "costofGoodsAndServicesSold": "9080000000", "operatingIncome": "802000000", "sellingGeneralAndAdministrative": "404000000", "researchAndDevelopment": "31000000", "operatingExpenses": "435000000", "investmentIncomeNet": "None", "netInterestIncome": "-82000000", "interestIncome": "36000000", "interestExpense": "118000000", "nonInterestIncome": "None", "otherNonOperatingIncome": "None", "depreciation": "None", "depreciationAndAmortization": "381000000", "incomeBeforeTax": "711000000", "incomeTaxExpense": "134000000", "interestAndDebtExpense": "None", "netIncomeFromContinuingOperations": "577000000", "comprehensiveIncomeNetOfTax": "None", "ebit": "792000000", "ebitda": "1173000000", "netIncome": "571000000"}, {"fiscalDateEnding": "2024-06-30", "reportedCurrency": "USD", "grossProfit": "1356000000", "totalRevenue": "10541000000", "costOfRevenue": "9185000000", "costofGoodsAndServicesSold": "9185000000", "operatingIncome": "916000000", "sellingGeneralAndAdministrative": "407000000", "researchAndDevelopment": "33000000", "operatingExpenses": "440000000", "investmentIncomeNet": "None", "netInterestIncome": "-83000000", "interestIncome": "37000000", "interestExpense": "120000000", "nonInterestIncome": "None", "otherNonOperatingIncome": "None", "depreciation": "None", "depreciationAndAmortization": "387000000", "incomeBeforeTax": "1174000000", "incomeTaxExpense": "249000000", "interestAndDebtExpense": "None", "netIncomeFromContinuingOperations": "925000000", "comprehensiveIncomeNetOfTax": "None", "ebit": "1293000000", "ebitda": "1680000000", "netIncome": "923000000"}, {"fiscalDateEnding": "2024-03-31", "reportedCurrency": "USD", "grossProfit": "1130000000", "totalRevenue": "10008000000", "costOfRevenue": "8878000000", "costofGoodsAndServicesSold": "8878000000", "operatingIncome": "672000000", "sellingGeneralAndAdministrative": "426000000", "researchAndDevelopment": "32000000", "operatingExpenses": "458000000", "investmentIncomeNet": "None", "netInterestIncome": "-86000000", "interestIncome": "41000000", "interestExpense": "127000000", "nonInterestIncome": "None", "otherNonOperatingIncome": "None", "depreciation": "None", "depreciationAndAmortization": "365000000", "incomeBeforeTax": "596000000", "incomeTaxExpense": "122000000", "interestAndDebtExpense": "None", "netIncomeFromContinuingOperations": "474000000", "comprehensiveIncomeNetOfTax": "None", "ebit": "670000000", "ebitda": "1035000000", "netIncome": "471000000"}, {"fiscalDateEnding": "2023-12-31", "reportedCurrency": "USD", "grossProfit": "1685000000", "totalRevenue": "10625000000", "costOfRevenue": "8940000000", "costofGoodsAndServicesSold": "8940000000", "operatingIncome": "315000000", "sellingGeneralAndAdministrative": "399000000", "researchAndDevelopment": "34000000", "operatingExpenses": "433000000", "investmentIncomeNet": "None", "netInterestIncome": "-80000000", "interestIncome": "41000000", "interestExpense": "121000000", "nonInterestIncome": "None", "otherNonOperatingIncome": "None", "depreciation": "None", "depreciationAndAmortization": "380000000", "incomeBeforeTax": "179000000", "incomeTaxExpense": "-7000000", "interestAndDebtExpense": "None", "netIncomeFromContinuingOperations": "186000000", "comprehensiveIncomeNetOfTax": "None", "ebit": "416000000", "ebitda": "796000000", "netIncome": "183000000"}, {"fiscalDateEnding": "2023-09-30", "reportedCurrency": "USD", "grossProfit": "1448000000", "totalRevenue": "10625000000", "costOfRevenue": "9177000000", "costofGoodsAndServicesSold": "9177000000", "operatingIncome": "1014000000", "sellingGeneralAndAdministrative": "378000000", "researchAndDevelopment": "31000000", "operatingExpenses": "409000000", "investmentIncomeNet": "None", "netInterestIncome": "-88000000", "interestIncome": "37000000", "interestExpense": "125000000", "nonInterestIncome": "None", "otherNonOperatingIncome": "None", "depreciation": "None", "depreciationAndAmortization": "367000000", "incomeBeforeTax": "895000000", "incomeTaxExpense": "153000000", "interestAndDebtExpense": "None", "netIncomeFromContinuingOperations": "748000000", "comprehensiveIncomeNetOfTax": "None", "ebit": "971000000", "ebitda": "1338000000", "netIncome": "745000000"}, {"fiscalDateEnding": "2023-06-30", "reportedCurrency": "USD", "grossProfit": "1438000000", "totalRevenue": "10306000000", "costOfRevenue": "8868000000", "costofGoodsAndServicesSold": "8868000000", "operatingIncome": "1011000000", "sellingGeneralAndAdministrative": "395000000", "researchAndDevelopment": "32000000", "operatingExpenses": "427000000", "investmentIncomeNet": "None", "netInterestIncome": "-87000000", "interestIncome": "28000000", "interestExpense": "115000000", "nonInterestIncome": "None", "otherNonOperatingIncome": "9000000", "depreciation": "None", "depreciationAndAmortization": "391000000", "incomeBeforeTax": "905000000", "incomeTaxExpense": "188000000", "interestAndDebtExpense": "None", "netIncomeFromContinuingOperations": "717000000", "comprehensiveIncomeNetOfTax": "None", "ebit": "987000000", "ebitda": "1378000000", "netIncome": "714000000"}, {"fiscalDateEnding": "2023-03-31", "reportedCurrency": "USD", "grossProfit": "1383000000", "totalRevenue": "10247000000", "costOfRevenue": "8864000000", "costofGoodsAndServicesSold": "8864000000", "operatingIncome": "1010000000", "sellingGeneralAndAdministrative": "385000000", "researchAndDevelopment": "33000000", "operatingExpenses": "418000000", "investmentIncomeNet": "None", "netInterestIncome": "-93000000", "interestIncome": "76000000", "interestExpense": "116000000", "nonInterestIncome": "None", "otherNonOperatingIncome": "45000000", "depreciation": "None", "depreciationAndAmortization": "396000000", "incomeBeforeTax": "642000000", "incomeTaxExpense": "167000000", "interestAndDebtExpense": "None", "netIncomeFromContinuingOperations": "475000000", "comprehensiveIncomeNetOfTax": "None", "ebit": "816000000", "ebitda": "1212000000", "netIncome": "472000000"}, {"fiscalDateEnding": "2022-12-31", "reportedCurrency": "USD", "grossProfit": "850000000", "totalRevenue": "10206000000", "costOfRevenue": "9356000000", "costofGoodsAndServicesSold": "9356000000", "operatingIncome": "487000000", "sellingGeneralAndAdministrative": "334000000", "researchAndDevelopment": "29000000", "operatingExpenses": "363000000", "investmentIncomeNet": "None", "netInterestIncome": "-69000000", "interestIncome": "16000000", "interestExpense": "85000000", "nonInterestIncome": "None", "otherNonOperatingIncome": "-18000000", "depreciation": "None", "depreciationAndAmortization": "334000000", "incomeBeforeTax": "389000000", "incomeTaxExpense": "34000000", "interestAndDebtExpense": "None", "netIncomeFromContinuingOperations": "355000000", "comprehensiveIncomeNetOfTax": "None", "ebit": "449000000", "ebitda": "783000000", "netIncome": "351000000"}, {"fiscalDateEnding": "2022-09-30", "reportedCurrency": "USD", "grossProfit": "1162000000", "totalRevenue": "12250000000", "costOfRevenue": "11088000000", "costofGoodsAndServicesSold": "11088000000", "operatingIncome": "812000000", "sellingGeneralAndAdministrative": "319000000", "researchAndDevelopment": "31000000", "operatingExpenses": "350000000", "investmentIncomeNet": "None", "netInterestIncome": "-63000000", "interestIncome": "7000000", "interestExpense": "70000000", "nonInterestIncome": "None", "otherNonOperatingIncome": "-15000000", "depreciation": "None", "depreciationAndAmortization": "318000000", "incomeBeforeTax": "727000000", "incomeTaxExpense": "154000000", "interestAndDebtExpense": "None", "netIncomeFromContinuingOperations": "573000000", "comprehensiveIncomeNetOfTax": "None", "ebit": "727000000", "ebitda": "1045000000", "netIncome": "570000000"}, {"fiscalDateEnding": "2022-06-30", "reportedCurrency": "USD", "grossProfit": "2571000000", "totalRevenue": "14838000000", "costOfRevenue": "12267000000", "costofGoodsAndServicesSold": "12267000000", "operatingIncome": "2141000000", "sellingGeneralAndAdministrative": "329000000", "researchAndDevelopment": "32000000", "operatingExpenses": "361000000", "investmentIncomeNet": "None", "netInterestIncome": "-54000000", "interestIncome": "4000000", "interestExpense": "58000000", "nonInterestIncome": "None", "otherNonOperatingIncome": "-60000000", "depreciation": "None", "depreciationAndAmortization": "304000000", "incomeBeforeTax": "2023000000", "incomeTaxExpense": "378000000", "interestAndDebtExpense": "None", "netIncomeFromContinuingOperations": "1645000000", "comprehensiveIncomeNetOfTax": "None", "ebit": "2109000000", "ebitda": "2413000000", "netIncome": "1643000000"}, {"fiscalDateEnding": "2022-03-31", "reportedCurrency": "USD", "grossProfit": "2021000000", "totalRevenue": "13157000000", "costOfRevenue": "11136000000", "costofGoodsAndServicesSold": "11136000000", "operatingIncome": "1661000000", "sellingGeneralAndAdministrative": "328000000", "researchAndDevelopment": "32000000", "operatingExpenses": "360000000", "investmentIncomeNet": "None", "netInterestIncome": "-72000000", "interestIncome": "2000000", "interestExpense": "74000000", "nonInterestIncome": "None", "otherNonOperatingIncome": "50000000", "depreciation": "None", "depreciationAndAmortization": "311000000", "incomeBeforeTax": "1637000000", "incomeTaxExpense": "316000000", "interestAndDebtExpense": "None", "netIncomeFromContinuingOperations": "1321000000", "comprehensiveIncomeNetOfTax": "None", "ebit": "1653000000", "ebitda": "1964000000", "netIncome": "1318000000"}, {"fiscalDateEnding": "2021-12-31", "reportedCurrency": "USD", "grossProfit": "1896000000", "totalRevenue": "12830000000", "costOfRevenue": "10934000000", "costofGoodsAndServicesSold": "10934000000", "operatingIncome": "911000000", "sellingGeneralAndAdministrative": "328000000", "researchAndDevelopment": "33000000", "operatingExpenses": "361000000", "investmentIncomeNet": "None", "netInterestIncome": "-152000000", "interestIncome": "84000000", "interestExpense": "153000000", "nonInterestIncome": "None", "otherNonOperatingIncome": "None", "depreciation": "None", "depreciationAndAmortization": "377000000", "incomeBeforeTax": "866000000", "incomeTaxExpense": "135000000", "interestAndDebtExpense": "None", "netIncomeFromContinuingOperations": "731000000", "comprehensiveIncomeNetOfTax": "None", "ebit": "1349000000", "ebitda": "1726000000", "netIncome": "710000000"}, {"fiscalDateEnding": "2021-09-30", "reportedCurrency": "USD", "grossProfit": "2591000000", "totalRevenue": "12700000000", "costOfRevenue": "10109000000", "costofGoodsAndServicesSold": "10109000000", "operatingIncome": "2248000000", "sellingGeneralAndAdministrative": "313000000", "researchAndDevelopment": "30000000", "operatingExpenses": "343000000", "investmentIncomeNet": "None", "netInterestIncome": "-125000000", "interestIncome": "1000000", "interestExpense": "126000000", "nonInterestIncome": "None", "otherNonOperatingIncome": "-11000000", "depreciation": "None", "depreciationAndAmortization": "351000000", "incomeBeforeTax": "2215000000", "incomeTaxExpense": "452000000", "interestAndDebtExpense": "None", "netIncomeFromContinuingOperations": "1763000000", "comprehensiveIncomeNetOfTax": "None", "ebit": "2233000000", "ebitda": "2584000000", "netIncome": "1760000000"}, {"fiscalDateEnding": "2021-06-30", "reportedCurrency": "USD", "grossProfit": "2885000000", "totalRevenue": "11561000000", "costOfRevenue": "8676000000", "costofGoodsAndServicesSold": "8676000000", "operatingIncome": "2526000000", "sellingGeneralAndAdministrative": "327000000", "researchAndDevelopment": "32000000", "operatingExpenses": "359000000", "investmentIncomeNet": "None", "netInterestIncome": "-125000000", "interestIncome": "5000000", "interestExpense": "130000000", "nonInterestIncome": "None", "otherNonOperatingIncome": "19000000", "depreciation": "None", "depreciationAndAmortization": "330000000", "incomeBeforeTax": "2563000000", "incomeTaxExpense": "506000000", "interestAndDebtExpense": "None", "netIncomeFromContinuingOperations": "2057000000", "comprehensiveIncomeNetOfTax": "None", "ebit": "2524000000", "ebitda": "2854000000", "netIncome": "2058000000"}, {"fiscalDateEnding": "2021-03-31", "reportedCurrency": "USD", "grossProfit": "1404000000", "totalRevenue": "9082000000", "costOfRevenue": "7678000000", "costofGoodsAndServicesSold": "7678000000", "operatingIncome": "1088000000", "sellingGeneralAndAdministrative": "287000000", "researchAndDevelopment": "29000000", "operatingExpenses": "316000000", "investmentIncomeNet": "None", "netInterestIncome": "-108000000", "interestIncome": "2000000", "interestExpense": "110000000", "nonInterestIncome": "None", "otherNonOperatingIncome": "27000000", "depreciation": "None", "depreciationAndAmortization": "335000000", "incomeBeforeTax": "1142000000", "incomeTaxExpense": "70000000", "interestAndDebtExpense": "None", "netIncomeFromContinuingOperations": "1072000000", "comprehensiveIncomeNetOfTax": "None", "ebit": "1073000000", "ebitda": "1408000000", "netIncome": "1068000000"}, {"fiscalDateEnding": "2020-12-31", "reportedCurrency": "USD", "grossProfit": "1225000000", "totalRevenue": "7937000000", "costOfRevenue": "6712000000", "costofGoodsAndServicesSold": "6712000000", "operatingIncome": "893000000", "sellingGeneralAndAdministrative": "298000000", "researchAndDevelopment": "34000000", "operatingExpenses": "332000000", "investmentIncomeNet": "None", "netInterestIncome": "-188000000", "interestIncome": "2000000", "interestExpense": "190000000", "nonInterestIncome": "None", "otherNonOperatingIncome": "60000000", "depreciation": "None", "depreciationAndAmortization": "329000000", "incomeBeforeTax": "896000000", "incomeTaxExpense": "39000000", "interestAndDebtExpense": "None", "netIncomeFromContinuingOperations": "857000000", "comprehensiveIncomeNetOfTax": "None", "ebit": "1181000000", "ebitda": "1510000000", "netIncome": "853000000"}, {"fiscalDateEnding": "2020-09-30", "reportedCurrency": "USD", "grossProfit": "891000000", "totalRevenue": "6776000000", "costOfRevenue": "5885000000", "costofGoodsAndServicesSold": "5885000000", "operatingIncome": "23000000", "sellingGeneralAndAdministrative": "259000000", "researchAndDevelopment": "27000000", "operatingExpenses": "286000000", "investmentIncomeNet": "None", "netInterestIncome": "-119000000", "interestIncome": "54000000", "interestExpense": "122000000", "nonInterestIncome": "None", "otherNonOperatingIncome": "26000000", "depreciation": "None", "depreciationAndAmortization": "358000000", "incomeBeforeTax": "-11000000", "incomeTaxExpense": "-125000000", "interestAndDebtExpense": "None", "netIncomeFromContinuingOperations": "114000000", "comprehensiveIncomeNetOfTax": "None", "ebit": "591000000", "ebitda": "949000000", "netIncome": "112000000"}, {"fiscalDateEnding": "2020-06-30", "reportedCurrency": "USD", "grossProfit": "652000000", "totalRevenue": "5546000000", "costOfRevenue": "4894000000", "costofGoodsAndServicesSold": "4894000000", "operatingIncome": "339000000", "sellingGeneralAndAdministrative": "288000000", "researchAndDevelopment": "25000000", "operatingExpenses": "313000000", "investmentIncomeNet": "None", "netInterestIncome": "-121000000", "interestIncome": "4000000", "interestExpense": "125000000", "nonInterestIncome": "None", "otherNonOperatingIncome": "8000000", "depreciation": "None", "depreciationAndAmortization": "356000000", "incomeBeforeTax": "283000000", "incomeTaxExpense": "-32000000", "interestAndDebtExpense": "None", "netIncomeFromContinuingOperations": "315000000", "comprehensiveIncomeNetOfTax": "None", "ebit": "325000000", "ebitda": "681000000", "netIncome": "313000000"}, {"fiscalDateEnding": "2020-03-31", "reportedCurrency": "USD", "grossProfit": "626000000", "totalRevenue": "7494000000", "costOfRevenue": "6868000000", "costofGoodsAndServicesSold": "6868000000", "operatingIncome": "304000000", "sellingGeneralAndAdministrative": "295000000", "researchAndDevelopment": "27000000", "operatingExpenses": "322000000", "investmentIncomeNet": "None", "netInterestIncome": "-86000000", "interestIncome": "3000000", "interestExpense": "89000000", "nonInterestIncome": "None", "otherNonOperatingIncome": "3000000", "depreciation": "None", "depreciationAndAmortization": "342000000", "incomeBeforeTax": "218000000", "incomeTaxExpense": "75000000", "interestAndDebtExpense": "None", "netIncomeFromContinuingOperations": "143000000", "comprehensiveIncomeNetOfTax": "None", "ebit": "290000000", "ebitda": "632000000", "netIncome": "142000000"}, {"fiscalDateEnding": "2019-12-31", "reportedCurrency": "USD", "grossProfit": "1135000000", "totalRevenue": "8179000000", "costOfRevenue": "7044000000", "costofGoodsAndServicesSold": "7044000000", "operatingIncome": "798000000", "sellingGeneralAndAdministrative": "307000000", "researchAndDevelopment": "30000000", "operatingExpenses": "337000000", "investmentIncomeNet": "None", "netInterestIncome": "-85000000", "interestIncome": "3000000", "interestExpense": "88000000", "nonInterestIncome": "None", "otherNonOperatingIncome": "-4000000", "depreciation": "None", "depreciationAndAmortization": "335000000", "incomeBeforeTax": "752000000", "incomeTaxExpense": "140000000", "interestAndDebtExpense": "None", "netIncomeFromContinuingOperations": "612000000", "comprehensiveIncomeNetOfTax": "None", "ebit": "894000000", "ebitda": "1229000000", "netIncome": "605000000"}, {"fiscalDateEnding": "2019-09-30", "reportedCurrency": "USD", "grossProfit": "1453000000", "totalRevenue": "8722000000", "costOfRevenue": "7269000000", "costofGoodsAndServicesSold": "7269000000", "operatingIncome": "1124000000", "sellingGeneralAndAdministrative": "303000000", "researchAndDevelopment": "26000000", "operatingExpenses": "329000000", "investmentIncomeNet": "None", "netInterestIncome": "-81000000", "interestIncome": "5000000", "interestExpense": "86000000", "nonInterestIncome": "None", "otherNonOperatingIncome": "16000000", "depreciation": "None", "depreciationAndAmortization": "327000000", "incomeBeforeTax": "1105000000", "incomeTaxExpense": "136000000", "interestAndDebtExpense": "None", "netIncomeFromContinuingOperations": "969000000", "comprehensiveIncomeNetOfTax": "None", "ebit": "1118000000", "ebitda": "1445000000", "netIncome": "965000000"}, {"fiscalDateEnding": "2019-06-30", "reportedCurrency": "USD", "grossProfit": "1506000000", "totalRevenue": "9048000000", "costOfRevenue": "7542000000", "costofGoodsAndServicesSold": "7542000000", "operatingIncome": "1177000000", "sellingGeneralAndAdministrative": "302000000", "researchAndDevelopment": "27000000", "operatingExpenses": "329000000", "investmentIncomeNet": "None", "netInterestIncome": "-76000000", "interestIncome": "5000000", "interestExpense": "81000000", "nonInterestIncome": "None", "otherNonOperatingIncome": "15000000", "depreciation": "None", "depreciationAndAmortization": "328000000", "incomeBeforeTax": "1175000000", "incomeTaxExpense": "169000000", "interestAndDebtExpense": "None", "netIncomeFromContinuingOperations": "1006000000", "comprehensiveIncomeNetOfTax": "None", "ebit": "1170000000", "ebitda": "1498000000", "netIncome": "1003000000"}, {"fiscalDateEnding": "2019-03-31", "reportedCurrency": "USD", "grossProfit": "1332000000", "totalRevenue": "8778000000", "costOfRevenue": "7446000000", "costofGoodsAndServicesSold": "7446000000", "operatingIncome": "1017000000", "sellingGeneralAndAdministrative": "287000000", "researchAndDevelopment": "28000000", "operatingExpenses": "315000000", "investmentIncomeNet": "None", "netInterestIncome": "-86000000", "interestIncome": "25000000", "interestExpense": "92000000", "nonInterestIncome": "None", "otherNonOperatingIncome": "31000000", "depreciation": "None", "depreciationAndAmortization": "322000000", "incomeBeforeTax": "1020000000", "incomeTaxExpense": "203000000", "interestAndDebtExpense": "None", "netIncomeFromContinuingOperations": "817000000", "comprehensiveIncomeNetOfTax": "None", "ebit": "1017000000", "ebitda": "1339000000", "netIncome": "817000000"}, {"fiscalDateEnding": "2018-12-31", "reportedCurrency": "USD", "grossProfit": "1148000000", "totalRevenue": "8876000000", "costOfRevenue": "7728000000", "costofGoodsAndServicesSold": "7728000000", "operatingIncome": "794000000", "sellingGeneralAndAdministrative": "326000000", "researchAndDevelopment": "28000000", "operatingExpenses": "354000000", "investmentIncomeNet": "None", "netInterestIncome": "None", "interestIncome": "None", "interestExpense": "88000000", "nonInterestIncome": "None", "otherNonOperatingIncome": "54000000", "depreciation": "None", "depreciationAndAmortization": "333000000", "incomeBeforeTax": "796000000", "incomeTaxExpense": "99000000", "interestAndDebtExpense": "None", "netIncomeFromContinuingOperations": "697000000", "comprehensiveIncomeNetOfTax": "None", "ebit": "878000000", "ebitda": "1211000000", "netIncome": "692000000"}, {"fiscalDateEnding": "2018-09-30", "reportedCurrency": "USD", "grossProfit": "1656000000", "totalRevenue": "10155000000", "costOfRevenue": "8499000000", "costofGoodsAndServicesSold": "8499000000", "operatingIncome": "1317000000", "sellingGeneralAndAdministrative": "309000000", "researchAndDevelopment": "30000000", "operatingExpenses": "339000000", "investmentIncomeNet": "None", "netInterestIncome": "None", "interestIncome": "None", "interestExpense": "90000000", "nonInterestIncome": "None", "otherNonOperatingIncome": "31000000", "depreciation": "None", "depreciationAndAmortization": "309000000", "incomeBeforeTax": "1347000000", "incomeTaxExpense": "232000000", "interestAndDebtExpense": "None", "netIncomeFromContinuingOperations": "1115000000", "comprehensiveIncomeNetOfTax": "None", "ebit": "1308000000", "ebitda": "1617000000", "netIncome": "1113000000"}, {"fiscalDateEnding": "2018-06-30", "reportedCurrency": "USD", "grossProfit": "1916000000", "totalRevenue": "10206000000", "costOfRevenue": "8290000000", "costofGoodsAndServicesSold": "8290000000", "operatingIncome": "1626000000", "sellingGeneralAndAdministrative": "261000000", "researchAndDevelopment": "29000000", "operatingExpenses": "290000000", "investmentIncomeNet": "None", "netInterestIncome": "None", "interestIncome": "None", "interestExpense": "91000000", "nonInterestIncome": "None", "otherNonOperatingIncome": "31000000", "depreciation": "None", "depreciationAndAmortization": "300000000", "incomeBeforeTax": "1634000000", "incomeTaxExpense": "-21000000", "interestAndDebtExpense": "None", "netIncomeFromContinuingOperations": "1655000000", "comprehensiveIncomeNetOfTax": "None", "ebit": "1617000000", "ebitda": "1917000000", "netIncome": "1654000000"}, {"fiscalDateEnding": "2018-03-31", "reportedCurrency": "USD", "grossProfit": "1755000000", "totalRevenue": "9767000000", "costOfRevenue": "8012000000", "costofGoodsAndServicesSold": "8012000000", "operatingIncome": "1494000000", "sellingGeneralAndAdministrative": "233000000", "researchAndDevelopment": "28000000", "operatingExpenses": "261000000", "investmentIncomeNet": "None", "netInterestIncome": "None", "interestIncome": "None", "interestExpense": "91000000", "nonInterestIncome": "None", "otherNonOperatingIncome": "35000000", "depreciation": "None", "depreciationAndAmortization": "299000000", "incomeBeforeTax": "1534000000", "incomeTaxExpense": "303000000", "interestAndDebtExpense": "None", "netIncomeFromContinuingOperations": "1231000000", "comprehensiveIncomeNetOfTax": "None", "ebit": "1494000000", "ebitda": "1793000000", "netIncome": "1231000000"}, {"fiscalDateEnding": "2017-12-31", "reportedCurrency": "USD", "grossProfit": "1607000000", "totalRevenue": "9135000000", "costOfRevenue": "7528000000", "costofGoodsAndServicesSold": "7528000000", "operatingIncome": "1341000000", "sellingGeneralAndAdministrative": "237000000", "researchAndDevelopment": "29000000", "operatingExpenses": "266000000", "investmentIncomeNet": "None", "netInterestIncome": "None", "interestIncome": "None", "interestExpense": "86000000", "nonInterestIncome": "None", "otherNonOperatingIncome": "15000000", "depreciation": "None", "depreciationAndAmortization": "298000000", "incomeBeforeTax": "1342000000", "incomeTaxExpense": "-556000000", "interestAndDebtExpense": "None", "netIncomeFromContinuingOperations": "1898000000", "comprehensiveIncomeNetOfTax": "None", "ebit": "1685000000", "ebitda": "1983000000", "netIncome": "1894000000"}, {"fiscalDateEnding": "2017-09-30", "reportedCurrency": "USD", "grossProfit": "1577000000", "totalRevenue": "8516000000", "costOfRevenue": "6939000000", "costofGoodsAndServicesSold": "6939000000", "operatingIncome": "1332000000", "sellingGeneralAndAdministrative": "218000000", "researchAndDevelopment": "27000000", "operatingExpenses": "245000000", "investmentIncomeNet": "None", "netInterestIncome": "None", "interestIncome": "None", "interestExpense": "94000000", "nonInterestIncome": "None", "otherNonOperatingIncome": "119000000", "depreciation": "None", "depreciationAndAmortization": "294000000", "incomeBeforeTax": "1438000000", "incomeTaxExpense": "380000000", "interestAndDebtExpense": "None", "netIncomeFromContinuingOperations": "1058000000", "comprehensiveIncomeNetOfTax": "None", "ebit": "1333000000", "ebitda": "1627000000", "netIncome": "1057000000"}, {"fiscalDateEnding": "2017-06-30", "reportedCurrency": "USD", "grossProfit": "1802000000", "totalRevenue": "8403000000", "costOfRevenue": "6601000000", "costofGoodsAndServicesSold": "6601000000", "operatingIncome": "1577000000", "sellingGeneralAndAdministrative": "200000000", "researchAndDevelopment": "25000000", "operatingExpenses": "225000000", "investmentIncomeNet": "None", "netInterestIncome": "None", "interestIncome": "None", "interestExpense": "95000000", "nonInterestIncome": "None", "otherNonOperatingIncome": "33000000", "depreciation": "None", "depreciationAndAmortization": "286000000", "incomeBeforeTax": "1593000000", "incomeTaxExpense": "459000000", "interestAndDebtExpense": "None", "netIncomeFromContinuingOperations": "1134000000", "comprehensiveIncomeNetOfTax": "None", "ebit": "1577000000", "ebitda": "1863000000", "netIncome": "1131000000"}, {"fiscalDateEnding": "2017-03-31", "reportedCurrency": "USD", "grossProfit": "1439000000", "totalRevenue": "8430000000", "costOfRevenue": "6991000000", "costofGoodsAndServicesSold": "6991000000", "operatingIncome": "1210000000", "sellingGeneralAndAdministrative": "204000000", "researchAndDevelopment": "25000000", "operatingExpenses": "229000000", "investmentIncomeNet": "None", "netInterestIncome": "None", "interestIncome": "None", "interestExpense": "207000000", "nonInterestIncome": "None", "otherNonOperatingIncome": "36000000", "depreciation": "None", "depreciationAndAmortization": "296000000", "incomeBeforeTax": "1120000000", "incomeTaxExpense": "315000000", "interestAndDebtExpense": "None", "netIncomeFromContinuingOperations": "805000000", "comprehensiveIncomeNetOfTax": "None", "ebit": "1210000000", "ebitda": "1506000000", "netIncome": "797000000"}, {"fiscalDateEnding": "2016-12-31", "reportedCurrency": "USD", "grossProfit": "1327000000", "totalRevenue": "7747000000", "costOfRevenue": "6420000000", "costofGoodsAndServicesSold": "6420000000", "operatingIncome": "1048000000", "sellingGeneralAndAdministrative": "253000000", "researchAndDevelopment": "26000000", "operatingExpenses": "279000000", "investmentIncomeNet": "None", "netInterestIncome": "None", "interestIncome": "None", "interestExpense": "81000000", "nonInterestIncome": "None", "otherNonOperatingIncome": "11000000", "depreciation": "None", "depreciationAndAmortization": "273000000", "incomeBeforeTax": "1052000000", "incomeTaxExpense": "282000000", "interestAndDebtExpense": "None", "netIncomeFromContinuingOperations": "770000000", "comprehensiveIncomeNetOfTax": "None", "ebit": "1188000000", "ebitda": "1461000000", "netIncome": "763000000"}, {"fiscalDateEnding": "2016-09-30", "reportedCurrency": "USD", "grossProfit": "1462000000", "totalRevenue": "7365000000", "costOfRevenue": "5903000000", "costofGoodsAndServicesSold": "5903000000", "operatingIncome": "1249000000", "sellingGeneralAndAdministrative": "188000000", "researchAndDevelopment": "25000000", "operatingExpenses": "213000000", "investmentIncomeNet": "None", "netInterestIncome": "None", "interestIncome": "None", "interestExpense": "72000000", "nonInterestIncome": "None", "otherNonOperatingIncome": "23000000", "depreciation": "None", "depreciationAndAmortization": "257000000", "incomeBeforeTax": "1281000000", "incomeTaxExpense": "326000000", "interestAndDebtExpense": "None", "netIncomeFromContinuingOperations": "955000000", "comprehensiveIncomeNetOfTax": "None", "ebit": "1249000000", "ebitda": "1506000000", "netIncome": "952000000"}, {"fiscalDateEnding": "2016-06-30", "reportedCurrency": "USD", "grossProfit": "1626000000", "totalRevenue": "7328000000", "costOfRevenue": "5702000000", "costofGoodsAndServicesSold": "5702000000", "operatingIncome": "1403000000", "sellingGeneralAndAdministrative": "199000000", "researchAndDevelopment": "24000000", "operatingExpenses": "223000000", "investmentIncomeNet": "None", "netInterestIncome": "None", "interestIncome": "None", "interestExpense": "79000000", "nonInterestIncome": "None", "otherNonOperatingIncome": "1000000", "depreciation": "None", "depreciationAndAmortization": "266000000", "incomeBeforeTax": "1438000000", "incomeTaxExpense": "346000000", "interestAndDebtExpense": "None", "netIncomeFromContinuingOperations": "1092000000", "comprehensiveIncomeNetOfTax": "None", "ebit": "1403000000", "ebitda": "1669000000", "netIncome": "1091000000"}, {"fiscalDateEnding": "2016-03-31", "reportedCurrency": "USD", "grossProfit": "1577000000", "totalRevenue": "6743000000", "costOfRevenue": "5166000000", "costofGoodsAndServicesSold": "5166000000", "operatingIncome": "1360000000", "sellingGeneralAndAdministrative": "193000000", "researchAndDevelopment": "24000000", "operatingExpenses": "217000000", "investmentIncomeNet": "None", "netInterestIncome": "None", "interestIncome": "None", "interestExpense": "77000000", "nonInterestIncome": "None", "otherNonOperatingIncome": "93000000", "depreciation": "None", "depreciationAndAmortization": "268000000", "incomeBeforeTax": "1462000000", "incomeTaxExpense": "432000000", "interestAndDebtExpense": "None", "netIncomeFromContinuingOperations": "1030000000", "comprehensiveIncomeNetOfTax": "None", "ebit": "1360000000", "ebitda": "1628000000", "netIncome": "1030000000"}, {"fiscalDateEnding": "2015-12-31", "reportedCurrency": "USD", "grossProfit": "1279000000", "totalRevenue": "7071000000", "costOfRevenue": "5792000000", "costofGoodsAndServicesSold": "5792000000", "operatingIncome": "1052000000", "sellingGeneralAndAdministrative": "201000000", "researchAndDevelopment": "26000000", "operatingExpenses": "227000000", "investmentIncomeNet": "None", "netInterestIncome": "None", "interestIncome": "None", "interestExpense": "70000000", "nonInterestIncome": "None", "otherNonOperatingIncome": "-3000000", "depreciation": "None", "depreciationAndAmortization": "265000000", "incomeBeforeTax": "1059000000", "incomeTaxExpense": "262000000", "interestAndDebtExpense": "None", "netIncomeFromContinuingOperations": "797000000", "comprehensiveIncomeNetOfTax": "None", "ebit": "1136000000", "ebitda": "1401000000", "netIncome": "795000000"}, {"fiscalDateEnding": "2015-09-30", "reportedCurrency": "USD", "grossProfit": "1869000000", "totalRevenue": "8334000000", "costOfRevenue": "6465000000", "costofGoodsAndServicesSold": "6465000000", "operatingIncome": "1650000000", "sellingGeneralAndAdministrative": "194000000", "researchAndDevelopment": "25000000", "operatingExpenses": "219000000", "investmentIncomeNet": "None", "netInterestIncome": "None", "interestIncome": "None", "interestExpense": "85000000", "nonInterestIncome": "None", "otherNonOperatingIncome": "18000000", "depreciation": "None", "depreciationAndAmortization": "248000000", "incomeBeforeTax": "1676000000", "incomeTaxExpense": "487000000", "interestAndDebtExpense": "None", "netIncomeFromContinuingOperations": "1189000000", "comprehensiveIncomeNetOfTax": "None", "ebit": "1650000000", "ebitda": "1898000000", "netIncome": "1185000000"}, {"fiscalDateEnding": "2015-06-30", "reportedCurrency": "USD", "grossProfit": "2098000000", "totalRevenue": "9145000000", "costOfRevenue": "7047000000", "costofGoodsAndServicesSold": "7047000000", "operatingIncome": "1845000000", "sellingGeneralAndAdministrative": "228000000", "researchAndDevelopment": "25000000", "operatingExpenses": "253000000", "investmentIncomeNet": "None", "netInterestIncome": "None", "interestIncome": "None", "interestExpense": "79000000", "nonInterestIncome": "None", "otherNonOperatingIncome": "11000000", "depreciation": "None", "depreciationAndAmortization": "247000000", "incomeBeforeTax": "1867000000", "incomeTaxExpense": "541000000", "interestAndDebtExpense": "None", "netIncomeFromContinuingOperations": "1326000000", "comprehensiveIncomeNetOfTax": "None", "ebit": "1845000000", "ebitda": "2092000000", "netIncome": "1330000000"}, {"fiscalDateEnding": "2015-03-31", "reportedCurrency": "USD", "grossProfit": "1806000000", "totalRevenue": "8185000000", "costOfRevenue": "6379000000", "costofGoodsAndServicesSold": "6379000000", "operatingIncome": "1575000000", "sellingGeneralAndAdministrative": "205000000", "researchAndDevelopment": "26000000", "operatingExpenses": "231000000", "investmentIncomeNet": "None", "netInterestIncome": "None", "interestIncome": "None", "interestExpense": "69000000", "nonInterestIncome": "None", "otherNonOperatingIncome": "32000000", "depreciation": "None", "depreciationAndAmortization": "287000000", "incomeBeforeTax": "1607000000", "incomeTaxExpense": "440000000", "interestAndDebtExpense": "None", "netIncomeFromContinuingOperations": "1167000000", "comprehensiveIncomeNetOfTax": "None", "ebit": "1575000000", "ebitda": "1862000000", "netIncome": "1166000000"}, {"fiscalDateEnding": "2014-12-31", "reportedCurrency": "USD", "grossProfit": "1301000000", "totalRevenue": "10290000000", "costOfRevenue": "8989000000", "costofGoodsAndServicesSold": "8989000000", "operatingIncome": "1077000000", "sellingGeneralAndAdministrative": "194000000", "researchAndDevelopment": "30000000", "operatingExpenses": "224000000", "investmentIncomeNet": "None", "netInterestIncome": "None", "interestIncome": "None", "interestExpense": "65000000", "nonInterestIncome": "None", "otherNonOperatingIncome": "25000000", "depreciation": "None", "depreciationAndAmortization": "247000000", "incomeBeforeTax": "1094000000", "incomeTaxExpense": "298000000", "interestAndDebtExpense": "None", "netIncomeFromContinuingOperations": "796000000", "comprehensiveIncomeNetOfTax": "None", "ebit": "1166000000", "ebitda": "1413000000", "netIncome": "793000000"}, {"fiscalDateEnding": "2014-09-30", "reportedCurrency": "USD", "grossProfit": "1948000000", "totalRevenue": "12066000000", "costOfRevenue": "10118000000", "costofGoodsAndServicesSold": "10118000000", "operatingIncome": "1706000000", "sellingGeneralAndAdministrative": "211000000", "researchAndDevelopment": "31000000", "operatingExpenses": "242000000", "investmentIncomeNet": "None", "netInterestIncome": "None", "interestIncome": "None", "interestExpense": "92000000", "nonInterestIncome": "None", "otherNonOperatingIncome": "16000000", "depreciation": "None", "depreciationAndAmortization": "262000000", "incomeBeforeTax": "1694000000", "incomeTaxExpense": "434000000", "interestAndDebtExpense": "None", "netIncomeFromContinuingOperations": "1260000000", "comprehensiveIncomeNetOfTax": "None", "ebit": "1706000000", "ebitda": "1968000000", "netIncome": "1258000000"}, {"fiscalDateEnding": "2014-06-30", "reportedCurrency": "USD", "grossProfit": "1862000000", "totalRevenue": "12117000000", "costOfRevenue": "10255000000", "costofGoodsAndServicesSold": "10255000000", "operatingIncome": "1613000000", "sellingGeneralAndAdministrative": "215000000", "researchAndDevelopment": "34000000", "operatingExpenses": "249000000", "investmentIncomeNet": "None", "netInterestIncome": "None", "interestIncome": "None", "interestExpense": "96000000", "nonInterestIncome": "None", "otherNonOperatingIncome": "13000000", "depreciation": "None", "depreciationAndAmortization": "254000000", "incomeBeforeTax": "1598000000", "incomeTaxExpense": "425000000", "interestAndDebtExpense": "None", "netIncomeFromContinuingOperations": "1173000000", "comprehensiveIncomeNetOfTax": "None", "ebit": "1613000000", "ebitda": "1867000000", "netIncome": "1178000000"}, {"fiscalDateEnding": "2014-03-31", "reportedCurrency": "USD", "grossProfit": "1558000000", "totalRevenue": "11135000000", "costOfRevenue": "9577000000", "costofGoodsAndServicesSold": "9577000000", "operatingIncome": "1340000000", "sellingGeneralAndAdministrative": "186000000", "researchAndDevelopment": "32000000", "operatingExpenses": "218000000", "investmentIncomeNet": "None", "netInterestIncome": "None", "interestIncome": "None", "interestExpense": "92000000", "nonInterestIncome": "None", "otherNonOperatingIncome": "17000000", "depreciation": "None", "depreciationAndAmortization": "256000000", "incomeBeforeTax": "1326000000", "incomeTaxExpense": "383000000", "interestAndDebtExpense": "None", "netIncomeFromContinuingOperations": "943000000", "comprehensiveIncomeNetOfTax": "None", "ebit": "1340000000", "ebitda": "1596000000", "netIncome": "945000000"}, {"fiscalDateEnding": "2013-12-31", "reportedCurrency": "USD", "grossProfit": "1537000000", "totalRevenue": "11138000000", "costOfRevenue": "9601000000", "costofGoodsAndServicesSold": "9601000000", "operatingIncome": "1264000000", "sellingGeneralAndAdministrative": "229000000", "researchAndDevelopment": "44000000", "operatingExpenses": "273000000", "investmentIncomeNet": "None", "netInterestIncome": "None", "interestIncome": "None", "interestExpense": "84000000", "nonInterestIncome": "None", "otherNonOperatingIncome": "-173000000", "depreciation": "None", "depreciationAndAmortization": "252000000", "incomeBeforeTax": "1207000000", "incomeTaxExpense": "30000000", "interestAndDebtExpense": "None", "netIncomeFromContinuingOperations": "1177000000", "comprehensiveIncomeNetOfTax": "None", "ebit": "1294000000", "ebitda": "1546000000", "netIncome": "1174000000"}, {"fiscalDateEnding": "2013-09-30", "reportedCurrency": "USD", "grossProfit": "1462000000", "totalRevenue": "11152000000", "costOfRevenue": "9690000000", "costofGoodsAndServicesSold": "9690000000", "operatingIncome": "1207000000", "sellingGeneralAndAdministrative": "220000000", "researchAndDevelopment": "35000000", "operatingExpenses": "255000000", "investmentIncomeNet": "None", "netInterestIncome": "None", "interestIncome": "None", "interestExpense": "81000000", "nonInterestIncome": "None", "otherNonOperatingIncome": "67000000", "depreciation": "None", "depreciationAndAmortization": "262000000", "incomeBeforeTax": "1193000000", "incomeTaxExpense": "339000000", "interestAndDebtExpense": "None", "netIncomeFromContinuingOperations": "854000000", "comprehensiveIncomeNetOfTax": "None", "ebit": "1207000000", "ebitda": "1469000000", "netIncome": "853000000"}, {"fiscalDateEnding": "2013-06-30", "reportedCurrency": "USD", "grossProfit": "1607000000", "totalRevenue": "11103000000", "costOfRevenue": "9496000000", "costofGoodsAndServicesSold": "9496000000", "operatingIncome": "1364000000", "sellingGeneralAndAdministrative": "208000000", "researchAndDevelopment": "35000000", "operatingExpenses": "243000000", "investmentIncomeNet": "None", "netInterestIncome": "None", "interestIncome": "None", "interestExpense": "70000000", "nonInterestIncome": "None", "otherNonOperatingIncome": "39000000", "depreciation": "None", "depreciationAndAmortization": "254000000", "incomeBeforeTax": "1333000000", "incomeTaxExpense": "410000000", "interestAndDebtExpense": "None", "netIncomeFromContinuingOperations": "923000000", "comprehensiveIncomeNetOfTax": "None", "ebit": "1403000000", "ebitda": "1657000000", "netIncome": "929000000"}, {"fiscalDateEnding": "2013-03-31", "reportedCurrency": "USD", "grossProfit": "1516000000", "totalRevenue": "10669000000", "costOfRevenue": "9153000000", "costofGoodsAndServicesSold": "9153000000", "operatingIncome": "1267000000", "sellingGeneralAndAdministrative": "213000000", "researchAndDevelopment": "36000000", "operatingExpenses": "249000000", "investmentIncomeNet": "None", "netInterestIncome": "None", "interestIncome": "None", "interestExpense": "71000000", "nonInterestIncome": "None", "otherNonOperatingIncome": "67000000", "depreciation": "None", "depreciationAndAmortization": "253000000", "incomeBeforeTax": "1263000000", "incomeTaxExpense": "357000000", "interestAndDebtExpense": "None", "netIncomeFromContinuingOperations": "906000000", "comprehensiveIncomeNetOfTax": "None", "ebit": "1334000000", "ebitda": "1587000000", "netIncome": "901000000"}, {"fiscalDateEnding": "2012-12-31", "reportedCurrency": "USD", "grossProfit": "1265000000", "totalRevenue": "11097000000", "costOfRevenue": "9832000000", "costofGoodsAndServicesSold": "9832000000", "operatingIncome": "959000000", "sellingGeneralAndAdministrative": "249000000", "researchAndDevelopment": "57000000", "operatingExpenses": "306000000", "investmentIncomeNet": "None", "netInterestIncome": "None", "interestIncome": "None", "interestExpense": "69000000", "nonInterestIncome": "None", "otherNonOperatingIncome": "45000000", "depreciation": "None", "depreciationAndAmortization": "266000000", "incomeBeforeTax": "930000000", "incomeTaxExpense": "285000000", "interestAndDebtExpense": "None", "netIncomeFromContinuingOperations": "640000000", "comprehensiveIncomeNetOfTax": "None", "ebit": "1004000000", "ebitda": "1270000000", "netIncome": "632000000"}, {"fiscalDateEnding": "2012-09-30", "reportedCurrency": "USD", "grossProfit": "1603000000", "totalRevenue": "11273000000", "costOfRevenue": "9670000000", "costofGoodsAndServicesSold": "9670000000", "operatingIncome": "1328000000", "sellingGeneralAndAdministrative": "236000000", "researchAndDevelopment": "39000000", "operatingExpenses": "275000000", "investmentIncomeNet": "None", "netInterestIncome": "None", "interestIncome": "None", "interestExpense": "71000000", "nonInterestIncome": "None", "otherNonOperatingIncome": "29000000", "depreciation": "None", "depreciationAndAmortization": "236000000", "incomeBeforeTax": "1286000000", "incomeTaxExpense": "435000000", "interestAndDebtExpense": "None", "netIncomeFromContinuingOperations": "851000000", "comprehensiveIncomeNetOfTax": "None", "ebit": "1357000000", "ebitda": "1593000000", "netIncome": "846000000"}, {"fiscalDateEnding": "2012-06-30", "reportedCurrency": "USD", "grossProfit": "1687000000", "totalRevenue": "11248000000", "costOfRevenue": "9561000000", "costofGoodsAndServicesSold": "9561000000", "operatingIncome": "1449000000", "sellingGeneralAndAdministrative": "201000000", "researchAndDevelopment": "37000000", "operatingExpenses": "238000000", "investmentIncomeNet": "None", "netInterestIncome": "None", "interestIncome": "None", "interestExpense": "409000000", "nonInterestIncome": "None", "otherNonOperatingIncome": "36000000", "depreciation": "None", "depreciationAndAmortization": "244000000", "incomeBeforeTax": "1074000000", "incomeTaxExpense": "306000000", "interestAndDebtExpense": "None", "netIncomeFromContinuingOperations": "768000000", "comprehensiveIncomeNetOfTax": "None", "ebit": "1485000000", "ebitda": "1729000000", "netIncome": "770000000"}, {"fiscalDateEnding": "2012-03-31", "reportedCurrency": "USD", "grossProfit": "1209000000", "totalRevenue": "11879000000", "costOfRevenue": "10670000000", "costofGoodsAndServicesSold": "10670000000", "operatingIncome": "946000000", "sellingGeneralAndAdministrative": "223000000", "researchAndDevelopment": "39000000", "operatingExpenses": "263000000", "investmentIncomeNet": "None", "netInterestIncome": "None", "interestIncome": "None", "interestExpense": "99000000", "nonInterestIncome": "None", "otherNonOperatingIncome": "54000000", "depreciation": "None", "depreciationAndAmortization": "237000000", "incomeBeforeTax": "901000000", "incomeTaxExpense": "302000000", "interestAndDebtExpense": "None", "netIncomeFromContinuingOperations": "599000000", "comprehensiveIncomeNetOfTax": "None", "ebit": "994000000", "ebitda": "1231000000", "netIncome": "600000000"}, {"fiscalDateEnding": "2011-12-31", "reportedCurrency": "USD", "grossProfit": "486000000", "totalRevenue": "11444000000", "costOfRevenue": "10958000000", "costofGoodsAndServicesSold": "10958000000", "operatingIncome": "201000000", "sellingGeneralAndAdministrative": "231000000", "researchAndDevelopment": "54000000", "operatingExpenses": "285000000", "investmentIncomeNet": "None", "netInterestIncome": "None", "interestIncome": "None", "interestExpense": "549000000", "nonInterestIncome": "None", "otherNonOperatingIncome": "None", "depreciation": "None", "depreciationAndAmortization": "255000000", "incomeBeforeTax": "-310000000", "incomeTaxExpense": "-92000000", "interestAndDebtExpense": "None", "netIncomeFromContinuingOperations": "0", "comprehensiveIncomeNetOfTax": "None", "ebit": "239000000", "ebitda": "494000000", "netIncome": "-215000000"}, {"fiscalDateEnding": "2011-09-30", "reportedCurrency": "USD", "grossProfit": "1759000000", "totalRevenue": "13297000000", "costOfRevenue": "11538000000", "costofGoodsAndServicesSold": "11538000000", "operatingIncome": "1467000000", "sellingGeneralAndAdministrative": "236000000", "researchAndDevelopment": "53000000", "operatingExpenses": "292000000", "investmentIncomeNet": "None", "netInterestIncome": "None", "interestIncome": "None", "interestExpense": "155000000", "nonInterestIncome": "None", "otherNonOperatingIncome": "None", "depreciation": "None", "depreciationAndAmortization": "237000000", "incomeBeforeTax": "1384000000", "incomeTaxExpense": "489000000", "interestAndDebtExpense": "None", "netIncomeFromContinuingOperations": "0", "comprehensiveIncomeNetOfTax": "None", "ebit": "1574000000", "ebitda": "1811000000", "netIncome": "895000000"}, {"fiscalDateEnding": "2011-06-30", "reportedCurrency": "USD", "grossProfit": "1568000000", "totalRevenue": "14042000000", "costOfRevenue": "12474000000", "costofGoodsAndServicesSold": "12474000000", "operatingIncome": "1265000000", "sellingGeneralAndAdministrative": "236000000", "researchAndDevelopment": "56000000", "operatingExpenses": "275000000", "investmentIncomeNet": "None", "netInterestIncome": "None", "interestIncome": "None", "interestExpense": "177000000", "nonInterestIncome": "None", "otherNonOperatingIncome": "None", "depreciation": "None", "depreciationAndAmortization": "224000000", "incomeBeforeTax": "1191000000", "incomeTaxExpense": "388000000", "interestAndDebtExpense": "None", "netIncomeFromContinuingOperations": "0", "comprehensiveIncomeNetOfTax": "None", "ebit": "1052000000", "ebitda": "1276000000", "netIncome": "804000000"}, {"fiscalDateEnding": "2011-03-31", "reportedCurrency": "USD", "grossProfit": "1309000000", "totalRevenue": "12252000000", "costOfRevenue": "10943000000", "costofGoodsAndServicesSold": "10943000000", "operatingIncome": "1065000000", "sellingGeneralAndAdministrative": "215000000", "researchAndDevelopment": "33000000", "operatingExpenses": "244000000", "investmentIncomeNet": "None", "netInterestIncome": "None", "interestIncome": "None", "interestExpense": "163000000", "nonInterestIncome": "None", "otherNonOperatingIncome": "None", "depreciation": "None", "depreciationAndAmortization": "215000000", "incomeBeforeTax": "923000000", "incomeTaxExpense": "263000000", "interestAndDebtExpense": "None", "netIncomeFromContinuingOperations": "0", "comprehensiveIncomeNetOfTax": "None", "ebit": "1086000000", "ebitda": "1301000000", "netIncome": "663000000"}, {"fiscalDateEnding": "2010-12-31", "reportedCurrency": "USD", "grossProfit": "1195000000", "totalRevenue": "10610000000", "costOfRevenue": "9415000000", "costofGoodsAndServicesSold": "9415000000", "operatingIncome": "844000000", "sellingGeneralAndAdministrative": "220000000", "researchAndDevelopment": "41000000", "operatingExpenses": "272000000", "investmentIncomeNet": "None", "netInterestIncome": "None", "interestIncome": "None", "interestExpense": "231000000", "nonInterestIncome": "None", "otherNonOperatingIncome": "None", "depreciation": "None", "depreciationAndAmortization": "207000000", "incomeBeforeTax": "162000000", "incomeTaxExpense": "-542000000", "interestAndDebtExpense": "None", "netIncomeFromContinuingOperations": "0", "comprehensiveIncomeNetOfTax": "None", "ebit": "393000000", "ebitda": "600000000", "netIncome": "771000000"}, {"fiscalDateEnding": "2010-09-30", "reportedCurrency": "USD", "grossProfit": "1227000000", "totalRevenue": "10302000000", "costOfRevenue": "9075000000", "costofGoodsAndServicesSold": "9075000000", "operatingIncome": "988000000", "sellingGeneralAndAdministrative": "204000000", "researchAndDevelopment": "35000000", "operatingExpenses": "239000000", "investmentIncomeNet": "None", "netInterestIncome": "None", "interestIncome": "None", "interestExpense": "182000000", "nonInterestIncome": "None", "otherNonOperatingIncome": "None", "depreciation": "None", "depreciationAndAmortization": "25000000", "incomeBeforeTax": "721000000", "incomeTaxExpense": "254000000", "interestAndDebtExpense": "None", "netIncomeFromContinuingOperations": "0", "comprehensiveIncomeNetOfTax": "None", "ebit": "878000000", "ebitda": "903000000", "netIncome": "474000000"}, {"fiscalDateEnding": "2010-06-30", "reportedCurrency": "USD", "grossProfit": "1002000000", "totalRevenue": "10484000000", "costOfRevenue": "9482000000", "costofGoodsAndServicesSold": "9482000000", "operatingIncome": "8540000000", "sellingGeneralAndAdministrative": "220000000", "researchAndDevelopment": "37000000", "operatingExpenses": "-7538000000", "investmentIncomeNet": "None", "netInterestIncome": "None", "interestIncome": "None", "interestExpense": "363000000", "nonInterestIncome": "None", "otherNonOperatingIncome": "None", "depreciation": "None", "depreciationAndAmortization": "270000000", "incomeBeforeTax": "8168000000", "incomeTaxExpense": "-677000000", "interestAndDebtExpense": "None", "netIncomeFromContinuingOperations": "0", "comprehensiveIncomeNetOfTax": "None", "ebit": "7856000000", "ebitda": "8126000000", "netIncome": "8896000000"}, {"fiscalDateEnding": "2010-03-31", "reportedCurrency": "USD", "grossProfit": "625000000", "totalRevenue": "9755000000", "costOfRevenue": "9130000000", "costofGoodsAndServicesSold": "9130000000", "operatingIncome": "367000000", "sellingGeneralAndAdministrative": "238000000", "researchAndDevelopment": "41000000", "operatingExpenses": "258000000", "investmentIncomeNet": "None", "netInterestIncome": "None", "interestIncome": "None", "interestExpense": "411000000", "nonInterestIncome": "None", "otherNonOperatingIncome": "None", "depreciation": "None", "depreciationAndAmortization": "424000000", "incomeBeforeTax": "20000000", "incomeTaxExpense": "12000000", "interestAndDebtExpense": "None", "netIncomeFromContinuingOperations": "0", "comprehensiveIncomeNetOfTax": "None", "ebit": "431000000", "ebitda": "855000000", "netIncome": "10000000"}, {"fiscalDateEnding": "2009-12-31", "reportedCurrency": "USD", "grossProfit": "351000000", "totalRevenue": "8817000000", "costOfRevenue": "8466000000", "costofGoodsAndServicesSold": "8466000000", "operatingIncome": "-50000000", "sellingGeneralAndAdministrative": "257000000", "researchAndDevelopment": "40000000", "operatingExpenses": "257000000", "investmentIncomeNet": "None", "netInterestIncome": "None", "interestIncome": "None", "interestExpense": "416000000", "nonInterestIncome": "None", "otherNonOperatingIncome": "None", "depreciation": "None", "depreciationAndAmortization": "436000000", "incomeBeforeTax": "-1405000000", "incomeTaxExpense": "-560000000", "interestAndDebtExpense": "None", "netIncomeFromContinuingOperations": "0", "comprehensiveIncomeNetOfTax": "None", "ebit": "82000000", "ebitda": "518000000", "netIncome": "-848000000"}, {"fiscalDateEnding": "2009-09-30", "reportedCurrency": "USD", "grossProfit": "656000000", "totalRevenue": "8612000000", "costOfRevenue": "7956000000", "costofGoodsAndServicesSold": "7956000000", "operatingIncome": "419000000", "sellingGeneralAndAdministrative": "237000000", "researchAndDevelopment": "38000000", "operatingExpenses": "237000000", "investmentIncomeNet": "None", "netInterestIncome": "None", "interestIncome": "None", "interestExpense": "445000000", "nonInterestIncome": "None", "otherNonOperatingIncome": "None", "depreciation": "None", "depreciationAndAmortization": "-164000000", "incomeBeforeTax": "-983000000", "incomeTaxExpense": "-332000000", "interestAndDebtExpense": "None", "netIncomeFromContinuingOperations": "0", "comprehensiveIncomeNetOfTax": "None", "ebit": "419000000", "ebitda": "255000000", "netIncome": "-650000000"}, {"fiscalDateEnding": "2009-06-30", "reportedCurrency": "USD", "grossProfit": "0", "totalRevenue": "7499000000", "costOfRevenue": "6707000000", "costofGoodsAndServicesSold": "6707000000", "operatingIncome": "89000000", "sellingGeneralAndAdministrative": "252000000", "researchAndDevelopment": "25000000", "operatingExpenses": "0", "investmentIncomeNet": "None", "netInterestIncome": "None", "interestIncome": "None", "interestExpense": "501000000", "nonInterestIncome": "None", "otherNonOperatingIncome": "None", "depreciation": "None", "depreciationAndAmortization": "None", "incomeBeforeTax": "0", "incomeTaxExpense": "0", "interestAndDebtExpense": "None", "netIncomeFromContinuingOperations": "0", "comprehensiveIncomeNetOfTax": "None", "ebit": "0", "ebitda": "None", "netIncome": "0"}, {"fiscalDateEnding": "2009-03-31", "reportedCurrency": "USD", "grossProfit": "0", "totalRevenue": "5900000000", "costOfRevenue": "5409000000", "costofGoodsAndServicesSold": "5409000000", "operatingIncome": "0", "sellingGeneralAndAdministrative": "249000000", "researchAndDevelopment": "42000000", "operatingExpenses": "0", "investmentIncomeNet": "None", "netInterestIncome": "None", "interestIncome": "None", "interestExpense": "433000000", "nonInterestIncome": "None", "otherNonOperatingIncome": "None", "depreciation": "None", "depreciationAndAmortization": "None", "incomeBeforeTax": "0", "incomeTaxExpense": "0", "interestAndDebtExpense": "None", "netIncomeFromContinuingOperations": "0", "comprehensiveIncomeNetOfTax": "None", "ebit": "0", "ebitda": "None", "netIncome": "0"}, {"fiscalDateEnding": "2008-12-31", "reportedCurrency": "USD", "grossProfit": "3662000000", "totalRevenue": "8256000000", "costOfRevenue": "8799000000", "costofGoodsAndServicesSold": "8799000000", "operatingIncome": "261000000", "sellingGeneralAndAdministrative": "1391000000", "researchAndDevelopment": "194000000", "operatingExpenses": "0", "investmentIncomeNet": "None", "netInterestIncome": "None", "interestIncome": "None", "interestExpense": "2434000000", "nonInterestIncome": "None", "otherNonOperatingIncome": "None", "depreciation": "None", "depreciationAndAmortization": "None", "incomeBeforeTax": "0", "incomeTaxExpense": "0", "interestAndDebtExpense": "None", "netIncomeFromContinuingOperations": "0", "comprehensiveIncomeNetOfTax": "None", "ebit": "0", "ebitda": "None", "netIncome": "0"}, {"fiscalDateEnding": "2008-09-30", "reportedCurrency": "USD", "grossProfit": "0", "totalRevenue": "14086000000", "costOfRevenue": "13812000000", "costofGoodsAndServicesSold": "13812000000", "operatingIncome": "274000000", "sellingGeneralAndAdministrative": "0", "researchAndDevelopment": "0", "operatingExpenses": "0", "investmentIncomeNet": "None", "netInterestIncome": "None", "interestIncome": "None", "interestExpense": "0", "nonInterestIncome": "None", "otherNonOperatingIncome": "None", "depreciation": "None", "depreciationAndAmortization": "None", "incomeBeforeTax": "0", "incomeTaxExpense": "0", "interestAndDebtExpense": "None", "netIncomeFromContinuingOperations": "0", "comprehensiveIncomeNetOfTax": "None", "ebit": "0", "ebitda": "None", "netIncome": "0"}, {"fiscalDateEnding": "2008-06-30", "reportedCurrency": "USD", "grossProfit": "0", "totalRevenue": "15599000000", "costOfRevenue": "15171000000", "costofGoodsAndServicesSold": "15171000000", "operatingIncome": "428000000", "sellingGeneralAndAdministrative": "0", "researchAndDevelopment": "0", "operatingExpenses": "0", "investmentIncomeNet": "None", "netInterestIncome": "None", "interestIncome": "None", "interestExpense": "0", "nonInterestIncome": "None", "otherNonOperatingIncome": "None", "depreciation": "None", "depreciationAndAmortization": "None", "incomeBeforeTax": "0", "incomeTaxExpense": "0", "interestAndDebtExpense": "None", "netIncomeFromContinuingOperations": "0", "comprehensiveIncomeNetOfTax": "None", "ebit": "0", "ebitda": "None", "netIncome": "-19000000"}, {"fiscalDateEnding": "2008-03-31", "reportedCurrency": "USD", "grossProfit": "0", "totalRevenue": "12765000000", "costOfRevenue": "12389000000", "costofGoodsAndServicesSold": "12389000000", "operatingIncome": "376000000", "sellingGeneralAndAdministrative": "0", "researchAndDevelopment": "0", "operatingExpenses": "0", "investmentIncomeNet": "None", "netInterestIncome": "None", "interestIncome": "None", "interestExpense": "0", "nonInterestIncome": "None", "otherNonOperatingIncome": "None", "depreciation": "None", "depreciationAndAmortization": "None", "incomeBeforeTax": "0", "incomeTaxExpense": "0", "interestAndDebtExpense": "None", "netIncomeFromContinuingOperations": "0", "comprehensiveIncomeNetOfTax": "None", "ebit": "0", "ebitda": "None", "netIncome": "19000000"}]}