{"symbol": "HWM", "annualReports": [{"fiscalDateEnding": "2024-12-31", "reportedCurrency": "USD", "grossProfit": "2311000000", "totalRevenue": "7430000000", "costOfRevenue": "5119000000", "costofGoodsAndServicesSold": "5119000000", "operatingIncome": "1633000000", "sellingGeneralAndAdministrative": "362000000", "researchAndDevelopment": "33000000", "operatingExpenses": "678000000", "investmentIncomeNet": "None", "netInterestIncome": "-162000000", "interestIncome": "20000000", "interestExpense": "182000000", "nonInterestIncome": "None", "otherNonOperatingIncome": "None", "depreciation": "None", "depreciationAndAmortization": "277000000", "incomeBeforeTax": "1383000000", "incomeTaxExpense": "228000000", "interestAndDebtExpense": "None", "netIncomeFromContinuingOperations": "1155000000", "comprehensiveIncomeNetOfTax": "None", "ebit": "1565000000", "ebitda": "1842000000", "netIncome": "1155000000"}, {"fiscalDateEnding": "2023-12-31", "reportedCurrency": "USD", "grossProfit": "1867000000", "totalRevenue": "6640000000", "costOfRevenue": "4773000000", "costofGoodsAndServicesSold": "4773000000", "operatingIncome": "1203000000", "sellingGeneralAndAdministrative": "343000000", "researchAndDevelopment": "36000000", "operatingExpenses": "664000000", "investmentIncomeNet": "None", "netInterestIncome": "-195000000", "interestIncome": "23000000", "interestExpense": "218000000", "nonInterestIncome": "None", "otherNonOperatingIncome": "None", "depreciation": "None", "depreciationAndAmortization": "272000000", "incomeBeforeTax": "975000000", "incomeTaxExpense": "210000000", "interestAndDebtExpense": "None", "netIncomeFromContinuingOperations": "765000000", "comprehensiveIncomeNetOfTax": "None", "ebit": "1193000000", "ebitda": "1465000000", "netIncome": "765000000"}, {"fiscalDateEnding": "2022-12-31", "reportedCurrency": "USD", "grossProfit": "1560000000", "totalRevenue": "5663000000", "costOfRevenue": "4103000000", "costofGoodsAndServicesSold": "4103000000", "operatingIncome": "919000000", "sellingGeneralAndAdministrative": "280000000", "researchAndDevelopment": "32000000", "operatingExpenses": "585000000", "investmentIncomeNet": "None", "netInterestIncome": "-223000000", "interestIncome": "6000000", "interestExpense": "229000000", "nonInterestIncome": "None", "otherNonOperatingIncome": "-84000000", "depreciation": "None", "depreciationAndAmortization": "265000000", "incomeBeforeTax": "606000000", "incomeTaxExpense": "137000000", "interestAndDebtExpense": "None", "netIncomeFromContinuingOperations": "469000000", "comprehensiveIncomeNetOfTax": "None", "ebit": "995000000", "ebitda": "1260000000", "netIncome": "469000000"}, {"fiscalDateEnding": "2021-12-31", "reportedCurrency": "USD", "grossProfit": "1376000000", "totalRevenue": "4972000000", "costOfRevenue": "3596000000", "costofGoodsAndServicesSold": "3596000000", "operatingIncome": "748000000", "sellingGeneralAndAdministrative": "259000000", "researchAndDevelopment": "17000000", "operatingExpenses": "538000000", "investmentIncomeNet": "None", "netInterestIncome": "-259000000", "interestIncome": "259000000", "interestExpense": "259000000", "nonInterestIncome": "None", "otherNonOperatingIncome": "-165000000", "depreciation": "None", "depreciationAndAmortization": "270000000", "incomeBeforeTax": "324000000", "incomeTaxExpense": "66000000", "interestAndDebtExpense": "None", "netIncomeFromContinuingOperations": "258000000", "comprehensiveIncomeNetOfTax": "None", "ebit": "825000000", "ebitda": "1095000000", "netIncome": "258000000"}, {"fiscalDateEnding": "2020-12-31", "reportedCurrency": "USD", "grossProfit": "1381000000", "totalRevenue": "5259000000", "costOfRevenue": "3878000000", "costofGoodsAndServicesSold": "3878000000", "operatingIncome": "626000000", "sellingGeneralAndAdministrative": "287000000", "researchAndDevelopment": "17000000", "operatingExpenses": "573000000", "investmentIncomeNet": "None", "netInterestIncome": "-381000000", "interestIncome": "381000000", "interestExpense": "381000000", "nonInterestIncome": "None", "otherNonOperatingIncome": "-74000000", "depreciation": "None", "depreciationAndAmortization": "279000000", "incomeBeforeTax": "171000000", "incomeTaxExpense": "-40000000", "interestAndDebtExpense": "None", "netIncomeFromContinuingOperations": "211000000", "comprehensiveIncomeNetOfTax": "None", "ebit": "552000000", "ebitda": "831000000", "netIncome": "261000000"}, {"fiscalDateEnding": "2019-12-31", "reportedCurrency": "USD", "grossProfit": "2965000000", "totalRevenue": "14192000000", "costOfRevenue": "11227000000", "costofGoodsAndServicesSold": "11227000000", "operatingIncome": "1533000000", "sellingGeneralAndAdministrative": "704000000", "researchAndDevelopment": "70000000", "operatingExpenses": "1310000000", "investmentIncomeNet": "None", "netInterestIncome": "-313000000", "interestIncome": "25000000", "interestExpense": "338000000", "nonInterestIncome": "None", "otherNonOperatingIncome": "-122000000", "depreciation": "None", "depreciationAndAmortization": "295000000", "incomeBeforeTax": "575000000", "incomeTaxExpense": "105000000", "interestAndDebtExpense": "None", "netIncomeFromContinuingOperations": "470000000", "comprehensiveIncomeNetOfTax": "None", "ebit": "548000000", "ebitda": "843000000", "netIncome": "470000000"}, {"fiscalDateEnding": "2018-12-31", "reportedCurrency": "USD", "grossProfit": "2617000000", "totalRevenue": "14014000000", "costOfRevenue": "11397000000", "costofGoodsAndServicesSold": "11397000000", "operatingIncome": "1325000000", "sellingGeneralAndAdministrative": "604000000", "researchAndDevelopment": "103000000", "operatingExpenses": "1283000000", "investmentIncomeNet": "None", "netInterestIncome": "-355000000", "interestIncome": "23000000", "interestExpense": "378000000", "nonInterestIncome": "None", "otherNonOperatingIncome": "-79000000", "depreciation": "None", "depreciationAndAmortization": "576000000", "incomeBeforeTax": "868000000", "incomeTaxExpense": "226000000", "interestAndDebtExpense": "None", "netIncomeFromContinuingOperations": "642000000", "comprehensiveIncomeNetOfTax": "None", "ebit": "915000000", "ebitda": "1491000000", "netIncome": "642000000"}, {"fiscalDateEnding": "2017-12-31", "reportedCurrency": "USD", "grossProfit": "2603000000", "totalRevenue": "12960000000", "costOfRevenue": "10357000000", "costofGoodsAndServicesSold": "10357000000", "operatingIncome": "326000000", "sellingGeneralAndAdministrative": "731000000", "researchAndDevelopment": "111000000", "operatingExpenses": "1393000000", "investmentIncomeNet": "None", "netInterestIncome": "-477000000", "interestIncome": "19000000", "interestExpense": "496000000", "nonInterestIncome": "None", "otherNonOperatingIncome": "640000000", "depreciation": "None", "depreciationAndAmortization": "551000000", "incomeBeforeTax": "470000000", "incomeTaxExpense": "544000000", "interestAndDebtExpense": "None", "netIncomeFromContinuingOperations": "-74000000", "comprehensiveIncomeNetOfTax": "None", "ebit": "966000000", "ebitda": "1517000000", "netIncome": "-74000000"}, {"fiscalDateEnding": "2016-12-31", "reportedCurrency": "USD", "grossProfit": "2588000000", "totalRevenue": "12394000000", "costOfRevenue": "9806000000", "costofGoodsAndServicesSold": "9806000000", "operatingIncome": "974000000", "sellingGeneralAndAdministrative": "947000000", "researchAndDevelopment": "132000000", "operatingExpenses": "1614000000", "investmentIncomeNet": "None", "netInterestIncome": "-483000000", "interestIncome": "16000000", "interestExpense": "499000000", "nonInterestIncome": "None", "otherNonOperatingIncome": "94000000", "depreciation": "None", "depreciationAndAmortization": "535000000", "incomeBeforeTax": "413000000", "incomeTaxExpense": "1465000000", "interestAndDebtExpense": "None", "netIncomeFromContinuingOperations": "-1062000000", "comprehensiveIncomeNetOfTax": "None", "ebit": "922000000", "ebitda": "1457000000", "netIncome": "-931000000"}, {"fiscalDateEnding": "2015-12-31", "reportedCurrency": "USD", "grossProfit": "2309000000", "totalRevenue": "12413000000", "costOfRevenue": "10104000000", "costofGoodsAndServicesSold": "10104000000", "operatingIncome": "628000000", "sellingGeneralAndAdministrative": "765000000", "researchAndDevelopment": "169000000", "operatingExpenses": "1442000000", "investmentIncomeNet": "None", "netInterestIncome": "None", "interestIncome": "505000000", "interestExpense": "473000000", "nonInterestIncome": "None", "otherNonOperatingIncome": "-2000000", "depreciation": "None", "depreciationAndAmortization": "1280000000", "incomeBeforeTax": "183000000", "incomeTaxExpense": "339000000", "interestAndDebtExpense": "None", "netIncomeFromContinuingOperations": "-197000000", "comprehensiveIncomeNetOfTax": "None", "ebit": "656000000", "ebitda": "1936000000", "netIncome": "-322000000"}, {"fiscalDateEnding": "2014-12-31", "reportedCurrency": "USD", "grossProfit": "2193000000", "totalRevenue": "12542000000", "costOfRevenue": "10349000000", "costofGoodsAndServicesSold": "10349000000", "operatingIncome": "864000000", "sellingGeneralAndAdministrative": "770000000", "researchAndDevelopment": "123000000", "operatingExpenses": "1329000000", "investmentIncomeNet": "None", "netInterestIncome": "None", "interestIncome": "None", "interestExpense": "442000000", "nonInterestIncome": "None", "otherNonOperatingIncome": "-47000000", "depreciation": "None", "depreciationAndAmortization": "1372000000", "incomeBeforeTax": "113000000", "incomeTaxExpense": "174000000", "interestAndDebtExpense": "None", "netIncomeFromContinuingOperations": "177000000", "comprehensiveIncomeNetOfTax": "None", "ebit": "555000000", "ebitda": "1927000000", "netIncome": "268000000"}, {"fiscalDateEnding": "2013-12-31", "reportedCurrency": "USD", "grossProfit": "-19286000000", "totalRevenue": "23032000000", "costOfRevenue": "19286000000", "costofGoodsAndServicesSold": "19286000000", "operatingIncome": "-2244000000", "sellingGeneralAndAdministrative": "1008000000", "researchAndDevelopment": "192000000", "operatingExpenses": "1200000000", "investmentIncomeNet": "None", "netInterestIncome": "None", "interestIncome": "None", "interestExpense": "0", "nonInterestIncome": "None", "otherNonOperatingIncome": "25000000", "depreciation": "None", "depreciationAndAmortization": "1422000000", "incomeBeforeTax": "-1816000000", "incomeTaxExpense": "428000000", "interestAndDebtExpense": "None", "netIncomeFromContinuingOperations": "-2244000000", "comprehensiveIncomeNetOfTax": "None", "ebit": "-1816000000", "ebitda": "-394000000", "netIncome": "-2244000000"}, {"fiscalDateEnding": "2012-12-31", "reportedCurrency": "USD", "grossProfit": "-20486000000", "totalRevenue": "23700000000", "costOfRevenue": "20486000000", "costofGoodsAndServicesSold": "20486000000", "operatingIncome": "162000000", "sellingGeneralAndAdministrative": "997000000", "researchAndDevelopment": "197000000", "operatingExpenses": "1194000000", "investmentIncomeNet": "None", "netInterestIncome": "None", "interestIncome": "None", "interestExpense": "0", "nonInterestIncome": "None", "otherNonOperatingIncome": "341000000", "depreciation": "None", "depreciationAndAmortization": "1462000000", "incomeBeforeTax": "324000000", "incomeTaxExpense": "162000000", "interestAndDebtExpense": "None", "netIncomeFromContinuingOperations": "162000000", "comprehensiveIncomeNetOfTax": "None", "ebit": "324000000", "ebitda": "1786000000", "netIncome": "162000000"}, {"fiscalDateEnding": "2011-12-31", "reportedCurrency": "USD", "grossProfit": "4471000000", "totalRevenue": "24951000000", "costOfRevenue": "20480000000", "costofGoodsAndServicesSold": "20480000000", "operatingIncome": "1063000000", "sellingGeneralAndAdministrative": "1027000000", "researchAndDevelopment": "184000000", "operatingExpenses": "1211000000", "investmentIncomeNet": "None", "netInterestIncome": "None", "interestIncome": "None", "interestExpense": "524000000", "nonInterestIncome": "None", "otherNonOperatingIncome": "None", "depreciation": "None", "depreciationAndAmortization": "1481000000", "incomeBeforeTax": "1063000000", "incomeTaxExpense": "255000000", "interestAndDebtExpense": "None", "netIncomeFromContinuingOperations": "None", "comprehensiveIncomeNetOfTax": "None", "ebit": "1390000000", "ebitda": "2871000000", "netIncome": "611000000"}, {"fiscalDateEnding": "2010-12-31", "reportedCurrency": "USD", "grossProfit": "3839000000", "totalRevenue": "21013000000", "costOfRevenue": "17174000000", "costofGoodsAndServicesSold": "17174000000", "operatingIncome": "254000000", "sellingGeneralAndAdministrative": "961000000", "researchAndDevelopment": "174000000", "operatingExpenses": "1135000000", "investmentIncomeNet": "None", "netInterestIncome": "None", "interestIncome": "None", "interestExpense": "494000000", "nonInterestIncome": "None", "otherNonOperatingIncome": "None", "depreciation": "None", "depreciationAndAmortization": "1451000000", "incomeBeforeTax": "-548000000", "incomeTaxExpense": "148000000", "interestAndDebtExpense": "None", "netIncomeFromContinuingOperations": "None", "comprehensiveIncomeNetOfTax": "None", "ebit": "896000000", "ebitda": "2347000000", "netIncome": "254000000"}, {"fiscalDateEnding": "2009-12-31", "reportedCurrency": "USD", "grossProfit": "-16902000000", "totalRevenue": "None", "costOfRevenue": "16902000000", "costofGoodsAndServicesSold": "16902000000", "operatingIncome": "-924000000", "sellingGeneralAndAdministrative": "1009000000", "researchAndDevelopment": "169000000", "operatingExpenses": "1178000000", "investmentIncomeNet": "None", "netInterestIncome": "None", "interestIncome": "None", "interestExpense": "470000000", "nonInterestIncome": "None", "otherNonOperatingIncome": "None", "depreciation": "None", "depreciationAndAmortization": "1311000000", "incomeBeforeTax": "-1498000000", "incomeTaxExpense": "-574000000", "interestAndDebtExpense": "None", "netIncomeFromContinuingOperations": "None", "comprehensiveIncomeNetOfTax": "None", "ebit": "-1968000000", "ebitda": "-657000000", "netIncome": "-924000000"}, {"fiscalDateEnding": "2008-12-31", "reportedCurrency": "USD", "grossProfit": "-6000000", "totalRevenue": "None", "costOfRevenue": "6000000", "costofGoodsAndServicesSold": "6000000", "operatingIncome": "None", "sellingGeneralAndAdministrative": "None", "researchAndDevelopment": "None", "operatingExpenses": "25761000000", "investmentIncomeNet": "None", "netInterestIncome": "None", "interestIncome": "None", "interestExpense": "0", "nonInterestIncome": "None", "otherNonOperatingIncome": "None", "depreciation": "None", "depreciationAndAmortization": "1234000000", "incomeBeforeTax": "None", "incomeTaxExpense": "None", "interestAndDebtExpense": "None", "netIncomeFromContinuingOperations": "None", "comprehensiveIncomeNetOfTax": "None", "ebit": "0", "ebitda": "1234000000", "netIncome": "None"}, {"fiscalDateEnding": "2007-12-31", "reportedCurrency": "USD", "grossProfit": "-24248000000", "totalRevenue": "None", "costOfRevenue": "24248000000", "costofGoodsAndServicesSold": "24248000000", "operatingIncome": "2571000000", "sellingGeneralAndAdministrative": "1472000000", "researchAndDevelopment": "249000000", "operatingExpenses": "1721000000", "investmentIncomeNet": "None", "netInterestIncome": "None", "interestIncome": "None", "interestExpense": "401000000", "nonInterestIncome": "None", "otherNonOperatingIncome": "None", "depreciation": "None", "depreciationAndAmortization": "1269000000", "incomeBeforeTax": "4491000000", "incomeTaxExpense": "1555000000", "interestAndDebtExpense": "None", "netIncomeFromContinuingOperations": "None", "comprehensiveIncomeNetOfTax": "None", "ebit": "3718000000", "ebitda": "4987000000", "netIncome": "2564000000"}, {"fiscalDateEnding": "2006-12-31", "reportedCurrency": "USD", "grossProfit": "-23318000000", "totalRevenue": "None", "costOfRevenue": "23318000000", "costofGoodsAndServicesSold": "23318000000", "operatingIncome": "2161000000", "sellingGeneralAndAdministrative": "1402000000", "researchAndDevelopment": "213000000", "operatingExpenses": "1615000000", "investmentIncomeNet": "None", "netInterestIncome": "None", "interestIncome": "None", "interestExpense": "384000000", "nonInterestIncome": "None", "otherNonOperatingIncome": "None", "depreciation": "None", "depreciationAndAmortization": "1280000000", "incomeBeforeTax": "3432000000", "incomeTaxExpense": "835000000", "interestAndDebtExpense": "None", "netIncomeFromContinuingOperations": "None", "comprehensiveIncomeNetOfTax": "None", "ebit": "2699000000", "ebitda": "3979000000", "netIncome": "2248000000"}, {"fiscalDateEnding": "2005-12-31", "reportedCurrency": "USD", "grossProfit": "-21217000000", "totalRevenue": "None", "costOfRevenue": "21217000000", "costofGoodsAndServicesSold": "21217000000", "operatingIncome": "1233000000", "sellingGeneralAndAdministrative": "1352000000", "researchAndDevelopment": "194000000", "operatingExpenses": "1546000000", "investmentIncomeNet": "None", "netInterestIncome": "None", "interestIncome": "None", "interestExpense": "339000000", "nonInterestIncome": "None", "otherNonOperatingIncome": "None", "depreciation": "None", "depreciationAndAmortization": "1267000000", "incomeBeforeTax": "1933000000", "incomeTaxExpense": "441000000", "interestAndDebtExpense": "None", "netIncomeFromContinuingOperations": "None", "comprehensiveIncomeNetOfTax": "None", "ebit": "1335000000", "ebitda": "2602000000", "netIncome": "1233000000"}], "quarterlyReports": [{"fiscalDateEnding": "2024-12-31", "reportedCurrency": "USD", "grossProfit": "602000000", "totalRevenue": "1891000000", "costOfRevenue": "1289000000", "costofGoodsAndServicesSold": "1289000000", "operatingIncome": "445000000", "sellingGeneralAndAdministrative": "92000000", "researchAndDevelopment": "7000000", "operatingExpenses": "157000000", "investmentIncomeNet": "None", "netInterestIncome": "-35000000", "interestIncome": "5000000", "interestExpense": "40000000", "nonInterestIncome": "None", "otherNonOperatingIncome": "None", "depreciation": "None", "depreciationAndAmortization": "73000000", "incomeBeforeTax": "392000000", "incomeTaxExpense": "78000000", "interestAndDebtExpense": "None", "netIncomeFromContinuingOperations": "314000000", "comprehensiveIncomeNetOfTax": "None", "ebit": "432000000", "ebitda": "505000000", "netIncome": "314000000"}, {"fiscalDateEnding": "2024-09-30", "reportedCurrency": "USD", "grossProfit": "582000000", "totalRevenue": "1835000000", "costOfRevenue": "1253000000", "costofGoodsAndServicesSold": "1253000000", "operatingIncome": "421000000", "sellingGeneralAndAdministrative": "85000000", "researchAndDevelopment": "9000000", "operatingExpenses": "94000000", "investmentIncomeNet": "None", "netInterestIncome": "-40000000", "interestIncome": "4000000", "interestExpense": "44000000", "nonInterestIncome": "None", "otherNonOperatingIncome": "None", "depreciation": "None", "depreciationAndAmortization": "68000000", "incomeBeforeTax": "354000000", "incomeTaxExpense": "22000000", "interestAndDebtExpense": "None", "netIncomeFromContinuingOperations": "332000000", "comprehensiveIncomeNetOfTax": "None", "ebit": "398000000", "ebitda": "466000000", "netIncome": "332000000"}, {"fiscalDateEnding": "2024-06-30", "reportedCurrency": "USD", "grossProfit": "524000000", "totalRevenue": "1880000000", "costOfRevenue": "1356000000", "costofGoodsAndServicesSold": "1356000000", "operatingIncome": "420000000", "sellingGeneralAndAdministrative": "106000000", "researchAndDevelopment": "7000000", "operatingExpenses": "104000000", "investmentIncomeNet": "None", "netInterestIncome": "-43000000", "interestIncome": "6000000", "interestExpense": "49000000", "nonInterestIncome": "None", "otherNonOperatingIncome": "None", "depreciation": "None", "depreciationAndAmortization": "69000000", "incomeBeforeTax": "334000000", "incomeTaxExpense": "68000000", "interestAndDebtExpense": "None", "netIncomeFromContinuingOperations": "266000000", "comprehensiveIncomeNetOfTax": "None", "ebit": "383000000", "ebitda": "452000000", "netIncome": "266000000"}, {"fiscalDateEnding": "2024-03-31", "reportedCurrency": "USD", "grossProfit": "467000000", "totalRevenue": "1824000000", "costOfRevenue": "1357000000", "costofGoodsAndServicesSold": "1357000000", "operatingIncome": "369000000", "sellingGeneralAndAdministrative": "88000000", "researchAndDevelopment": "10000000", "operatingExpenses": "98000000", "investmentIncomeNet": "None", "netInterestIncome": "-44000000", "interestIncome": "5000000", "interestExpense": "49000000", "nonInterestIncome": "None", "otherNonOperatingIncome": "None", "depreciation": "None", "depreciationAndAmortization": "67000000", "incomeBeforeTax": "303000000", "incomeTaxExpense": "60000000", "interestAndDebtExpense": "None", "netIncomeFromContinuingOperations": "243000000", "comprehensiveIncomeNetOfTax": "None", "ebit": "352000000", "ebitda": "419000000", "netIncome": "243000000"}, {"fiscalDateEnding": "2023-12-31", "reportedCurrency": "USD", "grossProfit": "501000000", "totalRevenue": "1731000000", "costOfRevenue": "1230000000", "costofGoodsAndServicesSold": "1230000000", "operatingIncome": "326000000", "sellingGeneralAndAdministrative": "93000000", "researchAndDevelopment": "9000000", "operatingExpenses": "170000000", "investmentIncomeNet": "None", "netInterestIncome": "-44000000", "interestIncome": "8000000", "interestExpense": "52000000", "nonInterestIncome": "None", "otherNonOperatingIncome": "None", "depreciation": "None", "depreciationAndAmortization": "68000000", "incomeBeforeTax": "270000000", "incomeTaxExpense": "34000000", "interestAndDebtExpense": "None", "netIncomeFromContinuingOperations": "236000000", "comprehensiveIncomeNetOfTax": "None", "ebit": "322000000", "ebitda": "390000000", "netIncome": "236000000"}, {"fiscalDateEnding": "2023-09-30", "reportedCurrency": "USD", "grossProfit": "475000000", "totalRevenue": "1658000000", "costOfRevenue": "1183000000", "costofGoodsAndServicesSold": "1183000000", "operatingIncome": "307000000", "sellingGeneralAndAdministrative": "94000000", "researchAndDevelopment": "9000000", "operatingExpenses": "164000000", "investmentIncomeNet": "None", "netInterestIncome": "-54000000", "interestIncome": "57000000", "interestExpense": "54000000", "nonInterestIncome": "None", "otherNonOperatingIncome": "None", "depreciation": "None", "depreciationAndAmortization": "68000000", "incomeBeforeTax": "242000000", "incomeTaxExpense": "54000000", "interestAndDebtExpense": "None", "netIncomeFromContinuingOperations": "188000000", "comprehensiveIncomeNetOfTax": "None", "ebit": "296000000", "ebitda": "364000000", "netIncome": "188000000"}, {"fiscalDateEnding": "2023-06-30", "reportedCurrency": "USD", "grossProfit": "452000000", "totalRevenue": "1648000000", "costOfRevenue": "1196000000", "costofGoodsAndServicesSold": "1196000000", "operatingIncome": "285000000", "sellingGeneralAndAdministrative": "99000000", "researchAndDevelopment": "9000000", "operatingExpenses": "164000000", "investmentIncomeNet": "None", "netInterestIncome": "-55000000", "interestIncome": "55000000", "interestExpense": "55000000", "nonInterestIncome": "None", "otherNonOperatingIncome": "None", "depreciation": "None", "depreciationAndAmortization": "67000000", "incomeBeforeTax": "243000000", "incomeTaxExpense": "50000000", "interestAndDebtExpense": "None", "netIncomeFromContinuingOperations": "193000000", "comprehensiveIncomeNetOfTax": "None", "ebit": "298000000", "ebitda": "365000000", "netIncome": "193000000"}, {"fiscalDateEnding": "2023-03-31", "reportedCurrency": "USD", "grossProfit": "439000000", "totalRevenue": "1603000000", "costOfRevenue": "1164000000", "costofGoodsAndServicesSold": "1164000000", "operatingIncome": "285000000", "sellingGeneralAndAdministrative": "78000000", "researchAndDevelopment": "9000000", "operatingExpenses": "153000000", "investmentIncomeNet": "None", "netInterestIncome": "-57000000", "interestIncome": "57000000", "interestExpense": "57000000", "nonInterestIncome": "None", "otherNonOperatingIncome": "-1000000", "depreciation": "None", "depreciationAndAmortization": "69000000", "incomeBeforeTax": "220000000", "incomeTaxExpense": "72000000", "interestAndDebtExpense": "None", "netIncomeFromContinuingOperations": "148000000", "comprehensiveIncomeNetOfTax": "None", "ebit": "277000000", "ebitda": "346000000", "netIncome": "148000000"}, {"fiscalDateEnding": "2022-12-31", "reportedCurrency": "USD", "grossProfit": "403000000", "totalRevenue": "1513000000", "costOfRevenue": "1110000000", "costofGoodsAndServicesSold": "1110000000", "operatingIncome": "220000000", "sellingGeneralAndAdministrative": "55000000", "researchAndDevelopment": "9000000", "operatingExpenses": "139000000", "investmentIncomeNet": "None", "netInterestIncome": "-54000000", "interestIncome": "3000000", "interestExpense": "57000000", "nonInterestIncome": "None", "otherNonOperatingIncome": "None", "depreciation": "None", "depreciationAndAmortization": "67000000", "incomeBeforeTax": "148000000", "incomeTaxExpense": "37000000", "interestAndDebtExpense": "None", "netIncomeFromContinuingOperations": "111000000", "comprehensiveIncomeNetOfTax": "None", "ebit": "205000000", "ebitda": "272000000", "netIncome": "111000000"}, {"fiscalDateEnding": "2022-09-30", "reportedCurrency": "USD", "grossProfit": "377000000", "totalRevenue": "1433000000", "costOfRevenue": "1056000000", "costofGoodsAndServicesSold": "1056000000", "operatingIncome": "161000000", "sellingGeneralAndAdministrative": "73000000", "researchAndDevelopment": "7000000", "operatingExpenses": "145000000", "investmentIncomeNet": "None", "netInterestIncome": "-55000000", "interestIncome": "57000000", "interestExpense": "57000000", "nonInterestIncome": "None", "otherNonOperatingIncome": "None", "depreciation": "None", "depreciationAndAmortization": "65000000", "incomeBeforeTax": "104000000", "incomeTaxExpense": "24000000", "interestAndDebtExpense": "None", "netIncomeFromContinuingOperations": "80000000", "comprehensiveIncomeNetOfTax": "None", "ebit": "161000000", "ebitda": "226000000", "netIncome": "80000000"}, {"fiscalDateEnding": "2022-06-30", "reportedCurrency": "USD", "grossProfit": "406000000", "totalRevenue": "1393000000", "costOfRevenue": "987000000", "costofGoodsAndServicesSold": "987000000", "operatingIncome": "241000000", "sellingGeneralAndAdministrative": "83000000", "researchAndDevelopment": "9000000", "operatingExpenses": "159000000", "investmentIncomeNet": "None", "netInterestIncome": "-56000000", "interestIncome": "1000000", "interestExpense": "57000000", "nonInterestIncome": "None", "otherNonOperatingIncome": "-2000000", "depreciation": "None", "depreciationAndAmortization": "67000000", "incomeBeforeTax": "183000000", "incomeTaxExpense": "36000000", "interestAndDebtExpense": "None", "netIncomeFromContinuingOperations": "147000000", "comprehensiveIncomeNetOfTax": "None", "ebit": "240000000", "ebitda": "307000000", "netIncome": "147000000"}, {"fiscalDateEnding": "2022-03-31", "reportedCurrency": "USD", "grossProfit": "374000000", "totalRevenue": "1324000000", "costOfRevenue": "950000000", "costofGoodsAndServicesSold": "950000000", "operatingIncome": "230000000", "sellingGeneralAndAdministrative": "67000000", "researchAndDevelopment": "7000000", "operatingExpenses": "140000000", "investmentIncomeNet": "None", "netInterestIncome": "-58000000", "interestIncome": "55000000", "interestExpense": "58000000", "nonInterestIncome": "None", "otherNonOperatingIncome": "-1000000", "depreciation": "None", "depreciationAndAmortization": "66000000", "incomeBeforeTax": "171000000", "incomeTaxExpense": "40000000", "interestAndDebtExpense": "None", "netIncomeFromContinuingOperations": "131000000", "comprehensiveIncomeNetOfTax": "None", "ebit": "229000000", "ebitda": "295000000", "netIncome": "131000000"}, {"fiscalDateEnding": "2021-12-31", "reportedCurrency": "USD", "grossProfit": "347000000", "totalRevenue": "1285000000", "costOfRevenue": "938000000", "costofGoodsAndServicesSold": "938000000", "operatingIncome": "147000000", "sellingGeneralAndAdministrative": "64000000", "researchAndDevelopment": "4000000", "operatingExpenses": "132000000", "investmentIncomeNet": "None", "netInterestIncome": "-58000000", "interestIncome": "58000000", "interestExpense": "58000000", "nonInterestIncome": "None", "otherNonOperatingIncome": "-43000000", "depreciation": "None", "depreciationAndAmortization": "67000000", "incomeBeforeTax": "78000000", "incomeTaxExpense": "1000000", "interestAndDebtExpense": "None", "netIncomeFromContinuingOperations": "77000000", "comprehensiveIncomeNetOfTax": "None", "ebit": "136000000", "ebitda": "203000000", "netIncome": "77000000"}, {"fiscalDateEnding": "2021-09-30", "reportedCurrency": "USD", "grossProfit": "355000000", "totalRevenue": "1283000000", "costOfRevenue": "928000000", "costofGoodsAndServicesSold": "928000000", "operatingIncome": "205000000", "sellingGeneralAndAdministrative": "69000000", "researchAndDevelopment": "4000000", "operatingExpenses": "141000000", "investmentIncomeNet": "None", "netInterestIncome": "-62000000", "interestIncome": "60000000", "interestExpense": "63000000", "nonInterestIncome": "None", "otherNonOperatingIncome": "-118000000", "depreciation": "None", "depreciationAndAmortization": "68000000", "incomeBeforeTax": "23000000", "incomeTaxExpense": "-4000000", "interestAndDebtExpense": "None", "netIncomeFromContinuingOperations": "27000000", "comprehensiveIncomeNetOfTax": "None", "ebit": "86000000", "ebitda": "154000000", "netIncome": "27000000"}, {"fiscalDateEnding": "2021-06-30", "reportedCurrency": "USD", "grossProfit": "338000000", "totalRevenue": "1195000000", "costOfRevenue": "857000000", "costofGoodsAndServicesSold": "857000000", "operatingIncome": "207000000", "sellingGeneralAndAdministrative": "55000000", "researchAndDevelopment": "4000000", "operatingExpenses": "126000000", "investmentIncomeNet": "None", "netInterestIncome": "-89000000", "interestIncome": "89000000", "interestExpense": "89000000", "nonInterestIncome": "None", "otherNonOperatingIncome": "None", "depreciation": "None", "depreciationAndAmortization": "67000000", "incomeBeforeTax": "110000000", "incomeTaxExpense": "36000000", "interestAndDebtExpense": "None", "netIncomeFromContinuingOperations": "74000000", "comprehensiveIncomeNetOfTax": "None", "ebit": "199000000", "ebitda": "266000000", "netIncome": "74000000"}, {"fiscalDateEnding": "2021-03-31", "reportedCurrency": "USD", "grossProfit": "336000000", "totalRevenue": "1209000000", "costOfRevenue": "873000000", "costofGoodsAndServicesSold": "873000000", "operatingIncome": "189000000", "sellingGeneralAndAdministrative": "67000000", "researchAndDevelopment": "5000000", "operatingExpenses": "140000000", "investmentIncomeNet": "None", "netInterestIncome": "-72000000", "interestIncome": "74000000", "interestExpense": "72000000", "nonInterestIncome": "None", "otherNonOperatingIncome": "-4000000", "depreciation": "None", "depreciationAndAmortization": "68000000", "incomeBeforeTax": "113000000", "incomeTaxExpense": "33000000", "interestAndDebtExpense": "None", "netIncomeFromContinuingOperations": "80000000", "comprehensiveIncomeNetOfTax": "None", "ebit": "185000000", "ebitda": "253000000", "netIncome": "80000000"}, {"fiscalDateEnding": "2020-12-31", "reportedCurrency": "USD", "grossProfit": "366000000", "totalRevenue": "1238000000", "costOfRevenue": "872000000", "costofGoodsAndServicesSold": "872000000", "operatingIncome": "221000000", "sellingGeneralAndAdministrative": "106000", "researchAndDevelopment": "4000000", "operatingExpenses": "61000000", "investmentIncomeNet": "None", "netInterestIncome": "-81000000", "interestIncome": "76000000", "interestExpense": "76000000", "nonInterestIncome": "None", "otherNonOperatingIncome": "None", "depreciation": "None", "depreciationAndAmortization": "67000000", "incomeBeforeTax": "71000000", "incomeTaxExpense": "-35000000", "interestAndDebtExpense": "None", "netIncomeFromContinuingOperations": "106000000", "comprehensiveIncomeNetOfTax": "None", "ebit": "262000000", "ebitda": "329000000", "netIncome": "106000000"}, {"fiscalDateEnding": "2020-09-30", "reportedCurrency": "USD", "grossProfit": "234000000", "totalRevenue": "1134000000", "costOfRevenue": "900000000", "costofGoodsAndServicesSold": "900000000", "operatingIncome": "73000000", "sellingGeneralAndAdministrative": "73000000", "researchAndDevelopment": "5000000", "operatingExpenses": "139000000", "investmentIncomeNet": "None", "netInterestIncome": "-76000000", "interestIncome": "71000000", "interestExpense": "77000000", "nonInterestIncome": "None", "otherNonOperatingIncome": "None", "depreciation": "None", "depreciationAndAmortization": "68000000", "incomeBeforeTax": "-12000000", "incomeTaxExpense": "-48000000", "interestAndDebtExpense": "None", "netIncomeFromContinuingOperations": "36000000", "comprehensiveIncomeNetOfTax": "None", "ebit": "65000000", "ebitda": "133000000", "netIncome": "36000000"}, {"fiscalDateEnding": "2020-06-30", "reportedCurrency": "USD", "grossProfit": "330000000", "totalRevenue": "1253000000", "costOfRevenue": "923000000", "costofGoodsAndServicesSold": "923000000", "operatingIncome": "74000000", "sellingGeneralAndAdministrative": "74000000", "researchAndDevelopment": "4000000", "operatingExpenses": "151000000", "investmentIncomeNet": "None", "netInterestIncome": "-144000000", "interestIncome": "137000000", "interestExpense": "144000000", "nonInterestIncome": "None", "otherNonOperatingIncome": "-16000000", "depreciation": "None", "depreciationAndAmortization": "74000000", "incomeBeforeTax": "-86000000", "incomeTaxExpense": "-2000000", "interestAndDebtExpense": "None", "netIncomeFromContinuingOperations": "-84000000", "comprehensiveIncomeNetOfTax": "None", "ebit": "57000000", "ebitda": "131000000", "netIncome": "-96000000"}, {"fiscalDateEnding": "2020-03-31", "reportedCurrency": "USD", "grossProfit": "733000000", "totalRevenue": "3209000000", "costOfRevenue": "2476000000", "costofGoodsAndServicesSold": "2476000000", "operatingIncome": "399000000", "sellingGeneralAndAdministrative": "169000000", "researchAndDevelopment": "15000000", "operatingExpenses": "313000000", "investmentIncomeNet": "None", "netInterestIncome": "-87000000", "interestIncome": "4000000", "interestExpense": "91000000", "nonInterestIncome": "None", "otherNonOperatingIncome": "-17000000", "depreciation": "None", "depreciationAndAmortization": "129000000", "incomeBeforeTax": "291000000", "incomeTaxExpense": "76000000", "interestAndDebtExpense": "None", "netIncomeFromContinuingOperations": "215000000", "comprehensiveIncomeNetOfTax": "None", "ebit": "382000000", "ebitda": "511000000", "netIncome": "215000000"}, {"fiscalDateEnding": "2019-12-31", "reportedCurrency": "USD", "grossProfit": "731000000", "totalRevenue": "3401000000", "costOfRevenue": "2670000000", "costofGoodsAndServicesSold": "2670000000", "operatingIncome": "416000000", "sellingGeneralAndAdministrative": "181000000", "researchAndDevelopment": "15000000", "operatingExpenses": "325000000", "investmentIncomeNet": "None", "netInterestIncome": "-78000000", "interestIncome": "4000000", "interestExpense": "82000000", "nonInterestIncome": "None", "otherNonOperatingIncome": "-30000000", "depreciation": "None", "depreciationAndAmortization": "129000000", "incomeBeforeTax": "304000000", "incomeTaxExpense": "-5000000", "interestAndDebtExpense": "None", "netIncomeFromContinuingOperations": "309000000", "comprehensiveIncomeNetOfTax": "None", "ebit": "386000000", "ebitda": "515000000", "netIncome": "309000000"}, {"fiscalDateEnding": "2019-09-30", "reportedCurrency": "USD", "grossProfit": "759000000", "totalRevenue": "3559000000", "costOfRevenue": "2800000000", "costofGoodsAndServicesSold": "2800000000", "operatingIncome": "326000000", "sellingGeneralAndAdministrative": "167000000", "researchAndDevelopment": "16000000", "operatingExpenses": "314000000", "investmentIncomeNet": "None", "netInterestIncome": "-81000000", "interestIncome": "5000000", "interestExpense": "86000000", "nonInterestIncome": "None", "otherNonOperatingIncome": "-31000000", "depreciation": "None", "depreciationAndAmortization": "131000000", "incomeBeforeTax": "209000000", "incomeTaxExpense": "114000000", "interestAndDebtExpense": "None", "netIncomeFromContinuingOperations": "95000000", "comprehensiveIncomeNetOfTax": "None", "ebit": "295000000", "ebitda": "426000000", "netIncome": "95000000"}, {"fiscalDateEnding": "2019-06-30", "reportedCurrency": "USD", "grossProfit": "752000000", "totalRevenue": "3691000000", "costOfRevenue": "2939000000", "costofGoodsAndServicesSold": "2939000000", "operatingIncome": "-81000000", "sellingGeneralAndAdministrative": "102000000", "researchAndDevelopment": "17000000", "operatingExpenses": "336000000", "investmentIncomeNet": "None", "netInterestIncome": "-79000000", "interestIncome": "6000000", "interestExpense": "85000000", "nonInterestIncome": "None", "otherNonOperatingIncome": "-29000000", "depreciation": "None", "depreciationAndAmortization": "139000000", "incomeBeforeTax": "-195000000", "incomeTaxExpense": "-74000000", "interestAndDebtExpense": "None", "netIncomeFromContinuingOperations": "-121000000", "comprehensiveIncomeNetOfTax": "None", "ebit": "-110000000", "ebitda": "29000000", "netIncome": "-121000000"}, {"fiscalDateEnding": "2019-03-31", "reportedCurrency": "USD", "grossProfit": "723000000", "totalRevenue": "3541000000", "costOfRevenue": "2818000000", "costofGoodsAndServicesSold": "2818000000", "operatingIncome": "374000000", "sellingGeneralAndAdministrative": "178000000", "researchAndDevelopment": "22000000", "operatingExpenses": "337000000", "investmentIncomeNet": "None", "netInterestIncome": "-75000000", "interestIncome": "75000000", "interestExpense": "85000000", "nonInterestIncome": "None", "otherNonOperatingIncome": "-32000000", "depreciation": "None", "depreciationAndAmortization": "137000000", "incomeBeforeTax": "257000000", "incomeTaxExpense": "70000000", "interestAndDebtExpense": "None", "netIncomeFromContinuingOperations": "187000000", "comprehensiveIncomeNetOfTax": "None", "ebit": "342000000", "ebitda": "479000000", "netIncome": "187000000"}, {"fiscalDateEnding": "2018-12-31", "reportedCurrency": "USD", "grossProfit": "627000000", "totalRevenue": "3472000000", "costOfRevenue": "2845000000", "costofGoodsAndServicesSold": "2845000000", "operatingIncome": "323000000", "sellingGeneralAndAdministrative": "140000000", "researchAndDevelopment": "26000000", "operatingExpenses": "315000000", "investmentIncomeNet": "None", "netInterestIncome": "None", "interestIncome": "None", "interestExpense": "87000000", "nonInterestIncome": "None", "otherNonOperatingIncome": "-10000000", "depreciation": "None", "depreciationAndAmortization": "149000000", "incomeBeforeTax": "226000000", "incomeTaxExpense": "8000000", "interestAndDebtExpense": "None", "netIncomeFromContinuingOperations": "218000000", "comprehensiveIncomeNetOfTax": "None", "ebit": "187000000", "ebitda": "336000000", "netIncome": "218000000"}, {"fiscalDateEnding": "2018-09-30", "reportedCurrency": "USD", "grossProfit": "643000000", "totalRevenue": "3524000000", "costOfRevenue": "2881000000", "costofGoodsAndServicesSold": "2881000000", "operatingIncome": "345000000", "sellingGeneralAndAdministrative": "134000000", "researchAndDevelopment": "25000000", "operatingExpenses": "300000000", "investmentIncomeNet": "None", "netInterestIncome": "None", "interestIncome": "None", "interestExpense": "88000000", "nonInterestIncome": "None", "otherNonOperatingIncome": "-8000000", "depreciation": "None", "depreciationAndAmortization": "141000000", "incomeBeforeTax": "249000000", "incomeTaxExpense": "88000000", "interestAndDebtExpense": "None", "netIncomeFromContinuingOperations": "161000000", "comprehensiveIncomeNetOfTax": "None", "ebit": "337000000", "ebitda": "478000000", "netIncome": "161000000"}, {"fiscalDateEnding": "2018-06-30", "reportedCurrency": "USD", "grossProfit": "670000000", "totalRevenue": "3573000000", "costOfRevenue": "2903000000", "costofGoodsAndServicesSold": "2903000000", "operatingIncome": "324000000", "sellingGeneralAndAdministrative": "158000000", "researchAndDevelopment": "29000000", "operatingExpenses": "331000000", "investmentIncomeNet": "None", "netInterestIncome": "None", "interestIncome": "None", "interestExpense": "89000000", "nonInterestIncome": "None", "otherNonOperatingIncome": "-41000000", "depreciation": "None", "depreciationAndAmortization": "144000000", "incomeBeforeTax": "194000000", "incomeTaxExpense": "74000000", "interestAndDebtExpense": "None", "netIncomeFromContinuingOperations": "120000000", "comprehensiveIncomeNetOfTax": "None", "ebit": "283000000", "ebitda": "427000000", "netIncome": "120000000"}, {"fiscalDateEnding": "2018-03-31", "reportedCurrency": "USD", "grossProfit": "677000000", "totalRevenue": "3445000000", "costOfRevenue": "2768000000", "costofGoodsAndServicesSold": "2768000000", "operatingIncome": "333000000", "sellingGeneralAndAdministrative": "172000000", "researchAndDevelopment": "23000000", "operatingExpenses": "337000000", "investmentIncomeNet": "None", "netInterestIncome": "None", "interestIncome": "None", "interestExpense": "114000000", "nonInterestIncome": "None", "otherNonOperatingIncome": "-20000000", "depreciation": "None", "depreciationAndAmortization": "142000000", "incomeBeforeTax": "199000000", "incomeTaxExpense": "56000000", "interestAndDebtExpense": "None", "netIncomeFromContinuingOperations": "143000000", "comprehensiveIncomeNetOfTax": "None", "ebit": "313000000", "ebitda": "455000000", "netIncome": "143000000"}, {"fiscalDateEnding": "2017-12-31", "reportedCurrency": "USD", "grossProfit": "615000000", "totalRevenue": "3271000000", "costOfRevenue": "2656000000", "costofGoodsAndServicesSold": "2656000000", "operatingIncome": "-471000000", "sellingGeneralAndAdministrative": "151000000", "researchAndDevelopment": "28000000", "operatingExpenses": "320000000", "investmentIncomeNet": "None", "netInterestIncome": "None", "interestIncome": "None", "interestExpense": "98000000", "nonInterestIncome": "None", "otherNonOperatingIncome": "None", "depreciation": "None", "depreciationAndAmortization": "141000000", "incomeBeforeTax": "-455000000", "incomeTaxExpense": "272000000", "interestAndDebtExpense": "None", "netIncomeFromContinuingOperations": "None", "comprehensiveIncomeNetOfTax": "None", "ebit": "-357000000", "ebitda": "-216000000", "netIncome": "-727000000"}, {"fiscalDateEnding": "2017-09-30", "reportedCurrency": "USD", "grossProfit": "610000000", "totalRevenue": "3236000000", "costOfRevenue": "2626000000", "costofGoodsAndServicesSold": "2626000000", "operatingIncome": "271000000", "sellingGeneralAndAdministrative": "155000000", "researchAndDevelopment": "25000000", "operatingExpenses": "320000000", "investmentIncomeNet": "None", "netInterestIncome": "None", "interestIncome": "None", "interestExpense": "100000000", "nonInterestIncome": "None", "otherNonOperatingIncome": "1000000", "depreciation": "None", "depreciationAndAmortization": "140000000", "incomeBeforeTax": "172000000", "incomeTaxExpense": "53000000", "interestAndDebtExpense": "None", "netIncomeFromContinuingOperations": "119000000", "comprehensiveIncomeNetOfTax": "None", "ebit": "272000000", "ebitda": "412000000", "netIncome": "119000000"}, {"fiscalDateEnding": "2017-06-30", "reportedCurrency": "USD", "grossProfit": "678000000", "totalRevenue": "3261000000", "costOfRevenue": "2583000000", "costofGoodsAndServicesSold": "2583000000", "operatingIncome": "281000000", "sellingGeneralAndAdministrative": "204000000", "researchAndDevelopment": "30000000", "operatingExpenses": "371000000", "investmentIncomeNet": "None", "netInterestIncome": "None", "interestIncome": "None", "interestExpense": "183000000", "nonInterestIncome": "None", "otherNonOperatingIncome": "171000000", "depreciation": "None", "depreciationAndAmortization": "137000000", "incomeBeforeTax": "269000000", "incomeTaxExpense": "57000000", "interestAndDebtExpense": "None", "netIncomeFromContinuingOperations": "212000000", "comprehensiveIncomeNetOfTax": "None", "ebit": "452000000", "ebitda": "589000000", "netIncome": "212000000"}, {"fiscalDateEnding": "2017-03-31", "reportedCurrency": "USD", "grossProfit": "700000000", "totalRevenue": "3192000000", "costOfRevenue": "2492000000", "costofGoodsAndServicesSold": "2492000000", "operatingIncome": "318000000", "sellingGeneralAndAdministrative": "221000000", "researchAndDevelopment": "28000000", "operatingExpenses": "382000000", "investmentIncomeNet": "None", "netInterestIncome": "None", "interestIncome": "None", "interestExpense": "115000000", "nonInterestIncome": "None", "otherNonOperatingIncome": "354000000", "depreciation": "None", "depreciationAndAmortization": "133000000", "incomeBeforeTax": "484000000", "incomeTaxExpense": "162000000", "interestAndDebtExpense": "None", "netIncomeFromContinuingOperations": "322000000", "comprehensiveIncomeNetOfTax": "None", "ebit": "599000000", "ebitda": "732000000", "netIncome": "322000000"}, {"fiscalDateEnding": "2016-12-31", "reportedCurrency": "USD", "grossProfit": "592000000", "totalRevenue": "2967000000", "costOfRevenue": "2375000000", "costofGoodsAndServicesSold": "2375000000", "operatingIncome": "151000000", "sellingGeneralAndAdministrative": "269000000", "researchAndDevelopment": "39000000", "operatingExpenses": "441000000", "investmentIncomeNet": "None", "netInterestIncome": "None", "interestIncome": "None", "interestExpense": "128000000", "nonInterestIncome": "None", "otherNonOperatingIncome": "None", "depreciation": "None", "depreciationAndAmortization": "133000000", "incomeBeforeTax": "-45000000", "incomeTaxExpense": "1236000000", "interestAndDebtExpense": "None", "netIncomeFromContinuingOperations": "None", "comprehensiveIncomeNetOfTax": "None", "ebit": "83000000", "ebitda": "216000000", "netIncome": "-1248000000"}, {"fiscalDateEnding": "2016-09-30", "reportedCurrency": "USD", "grossProfit": "635000000", "totalRevenue": "3138000000", "costOfRevenue": "2503000000", "costofGoodsAndServicesSold": "2503000000", "operatingIncome": "237000000", "sellingGeneralAndAdministrative": "229000000", "researchAndDevelopment": "30000000", "operatingExpenses": "395000000", "investmentIncomeNet": "None", "netInterestIncome": "None", "interestIncome": "None", "interestExpense": "126000000", "nonInterestIncome": "None", "otherNonOperatingIncome": "117000000", "depreciation": "None", "depreciationAndAmortization": "316000000", "incomeBeforeTax": "122000000", "incomeTaxExpense": "56000000", "interestAndDebtExpense": "None", "netIncomeFromContinuingOperations": "186000000", "comprehensiveIncomeNetOfTax": "None", "ebit": "467000000", "ebitda": "783000000", "netIncome": "166000000"}, {"fiscalDateEnding": "2016-06-30", "reportedCurrency": "USD", "grossProfit": "701000000", "totalRevenue": "3234000000", "costOfRevenue": "2533000000", "costofGoodsAndServicesSold": "2533000000", "operatingIncome": "283000000", "sellingGeneralAndAdministrative": "239000000", "researchAndDevelopment": "32000000", "operatingExpenses": "404000000", "investmentIncomeNet": "None", "netInterestIncome": "None", "interestIncome": "None", "interestExpense": "124000000", "nonInterestIncome": "None", "otherNonOperatingIncome": "37000000", "depreciation": "None", "depreciationAndAmortization": "313000000", "incomeBeforeTax": "176000000", "incomeTaxExpense": "123000000", "interestAndDebtExpense": "None", "netIncomeFromContinuingOperations": "178000000", "comprehensiveIncomeNetOfTax": "None", "ebit": "335000000", "ebitda": "648000000", "netIncome": "135000000"}, {"fiscalDateEnding": "2016-03-31", "reportedCurrency": "USD", "grossProfit": "655000000", "totalRevenue": "3055000000", "costOfRevenue": "2400000000", "costofGoodsAndServicesSold": "2400000000", "operatingIncome": "286000000", "sellingGeneralAndAdministrative": "205000000", "researchAndDevelopment": "31000000", "operatingExpenses": "369000000", "investmentIncomeNet": "None", "netInterestIncome": "None", "interestIncome": "None", "interestExpense": "121000000", "nonInterestIncome": "None", "otherNonOperatingIncome": "-34000000", "depreciation": "None", "depreciationAndAmortization": "309000000", "incomeBeforeTax": "161000000", "incomeTaxExpense": "51000000", "interestAndDebtExpense": "None", "netIncomeFromContinuingOperations": "11000000", "comprehensiveIncomeNetOfTax": "None", "ebit": "304000000", "ebitda": "613000000", "netIncome": "16000000"}, {"fiscalDateEnding": "2015-12-31", "reportedCurrency": "USD", "grossProfit": "554000000", "totalRevenue": "2991000000", "costOfRevenue": "2437000000", "costofGoodsAndServicesSold": "2437000000", "operatingIncome": "161000000", "sellingGeneralAndAdministrative": "262000000", "researchAndDevelopment": "46000000", "operatingExpenses": "450000000", "investmentIncomeNet": "None", "netInterestIncome": "None", "interestIncome": "None", "interestExpense": "129000000", "nonInterestIncome": "None", "otherNonOperatingIncome": "None", "depreciation": "None", "depreciationAndAmortization": "137000000", "incomeBeforeTax": "-18000000", "incomeTaxExpense": "175000000", "interestAndDebtExpense": "None", "netIncomeFromContinuingOperations": "None", "comprehensiveIncomeNetOfTax": "None", "ebit": "161000000", "ebitda": "298000000", "netIncome": "-210000000"}, {"fiscalDateEnding": "2015-09-30", "reportedCurrency": "USD", "grossProfit": "1014000000", "totalRevenue": "5573000000", "costOfRevenue": "4559000000", "costofGoodsAndServicesSold": "4559000000", "operatingIncome": "44000000", "sellingGeneralAndAdministrative": "261000000", "researchAndDevelopment": "55000000", "operatingExpenses": "316000000", "investmentIncomeNet": "None", "netInterestIncome": "None", "interestIncome": "None", "interestExpense": "123000000", "nonInterestIncome": "None", "otherNonOperatingIncome": "None", "depreciation": "None", "depreciationAndAmortization": "318000000", "incomeBeforeTax": "144000000", "incomeTaxExpense": "100000000", "interestAndDebtExpense": "None", "netIncomeFromContinuingOperations": "None", "comprehensiveIncomeNetOfTax": "None", "ebit": "267000000", "ebitda": "585000000", "netIncome": "44000000"}, {"fiscalDateEnding": "2015-06-30", "reportedCurrency": "USD", "grossProfit": "1234000000", "totalRevenue": "5897000000", "costOfRevenue": "4663000000", "costofGoodsAndServicesSold": "4663000000", "operatingIncome": "140000000", "sellingGeneralAndAdministrative": "224000000", "researchAndDevelopment": "68000000", "operatingExpenses": "292000000", "investmentIncomeNet": "None", "netInterestIncome": "None", "interestIncome": "None", "interestExpense": "124000000", "nonInterestIncome": "None", "otherNonOperatingIncome": "None", "depreciation": "None", "depreciationAndAmortization": "320000000", "incomeBeforeTax": "215000000", "incomeTaxExpense": "75000000", "interestAndDebtExpense": "None", "netIncomeFromContinuingOperations": "207000000", "comprehensiveIncomeNetOfTax": "None", "ebit": "338000000", "ebitda": "658000000", "netIncome": "140000000"}, {"fiscalDateEnding": "2015-03-31", "reportedCurrency": "USD", "grossProfit": "1376000000", "totalRevenue": "5819000000", "costOfRevenue": "4443000000", "costofGoodsAndServicesSold": "4443000000", "operatingIncome": "195000000", "sellingGeneralAndAdministrative": "232000000", "researchAndDevelopment": "55000000", "operatingExpenses": "287000000", "investmentIncomeNet": "None", "netInterestIncome": "None", "interestIncome": "None", "interestExpense": "122000000", "nonInterestIncome": "None", "otherNonOperatingIncome": "None", "depreciation": "None", "depreciationAndAmortization": "321000000", "incomeBeforeTax": "421000000", "incomeTaxExpense": "226000000", "interestAndDebtExpense": "None", "netIncomeFromContinuingOperations": "None", "comprehensiveIncomeNetOfTax": "None", "ebit": "543000000", "ebitda": "864000000", "netIncome": "195000000"}, {"fiscalDateEnding": "2014-12-31", "reportedCurrency": "USD", "grossProfit": "4769000000", "totalRevenue": "23906000000", "costOfRevenue": "19137000000", "costofGoodsAndServicesSold": "19137000000", "operatingIncome": "268000000", "sellingGeneralAndAdministrative": "995000000", "researchAndDevelopment": "218000000", "operatingExpenses": "1213000000", "investmentIncomeNet": "None", "netInterestIncome": "None", "interestIncome": "None", "interestExpense": "473000000", "nonInterestIncome": "None", "otherNonOperatingIncome": "None", "depreciation": "None", "depreciationAndAmortization": "1372000000", "incomeBeforeTax": "497000000", "incomeTaxExpense": "320000000", "interestAndDebtExpense": "None", "netIncomeFromContinuingOperations": "None", "comprehensiveIncomeNetOfTax": "None", "ebit": "1061000000", "ebitda": "2433000000", "netIncome": "268000000"}, {"fiscalDateEnding": "2014-09-30", "reportedCurrency": "USD", "grossProfit": "-7925000000", "totalRevenue": "6239000000", "costOfRevenue": "14164000000", "costofGoodsAndServicesSold": "14164000000", "operatingIncome": "263000000", "sellingGeneralAndAdministrative": "724000000", "researchAndDevelopment": "158000000", "operatingExpenses": "882000000", "investmentIncomeNet": "None", "netInterestIncome": "None", "interestIncome": "None", "interestExpense": "126000000", "nonInterestIncome": "None", "otherNonOperatingIncome": "-23000000", "depreciation": "None", "depreciationAndAmortization": "346000000", "incomeBeforeTax": "263000000", "incomeTaxExpense": "200000000", "interestAndDebtExpense": "None", "netIncomeFromContinuingOperations": "131000000", "comprehensiveIncomeNetOfTax": "None", "ebit": "475000000", "ebitda": "821000000", "netIncome": "63000000"}, {"fiscalDateEnding": "2014-06-30", "reportedCurrency": "USD", "grossProfit": "-3424000000", "totalRevenue": "5836000000", "costOfRevenue": "9260000000", "costofGoodsAndServicesSold": "9260000000", "operatingIncome": "-67000000", "sellingGeneralAndAdministrative": "481000000", "researchAndDevelopment": "101000000", "operatingExpenses": "582000000", "investmentIncomeNet": "None", "netInterestIncome": "None", "interestIncome": "None", "interestExpense": "105000000", "nonInterestIncome": "None", "otherNonOperatingIncome": "-5000000", "depreciation": "None", "depreciationAndAmortization": "350000000", "incomeBeforeTax": "-67000000", "incomeTaxExpense": "1000000", "interestAndDebtExpense": "None", "netIncomeFromContinuingOperations": "129000000", "comprehensiveIncomeNetOfTax": "None", "ebit": "320000000", "ebitda": "670000000", "netIncome": "-68000000"}, {"fiscalDateEnding": "2014-03-31", "reportedCurrency": "USD", "grossProfit": "959000000", "totalRevenue": "5454000000", "costOfRevenue": "4495000000", "costofGoodsAndServicesSold": "4495000000", "operatingIncome": "-274000000", "sellingGeneralAndAdministrative": "236000000", "researchAndDevelopment": "51000000", "operatingExpenses": "287000000", "investmentIncomeNet": "None", "netInterestIncome": "None", "interestIncome": "None", "interestExpense": "120000000", "nonInterestIncome": "None", "otherNonOperatingIncome": "-25000000", "depreciation": "None", "depreciationAndAmortization": "340000000", "incomeBeforeTax": "-274000000", "incomeTaxExpense": "-77000000", "interestAndDebtExpense": "None", "netIncomeFromContinuingOperations": "-197000000", "comprehensiveIncomeNetOfTax": "None", "ebit": "-274000000", "ebitda": "66000000", "netIncome": "-197000000"}, {"fiscalDateEnding": "2013-12-31", "reportedCurrency": "USD", "grossProfit": "-19286000000", "totalRevenue": "None", "costOfRevenue": "19286000000", "costofGoodsAndServicesSold": "19286000000", "operatingIncome": "-2244000000", "sellingGeneralAndAdministrative": "1008000000", "researchAndDevelopment": "192000000", "operatingExpenses": "1200000000", "investmentIncomeNet": "None", "netInterestIncome": "None", "interestIncome": "None", "interestExpense": "None", "nonInterestIncome": "None", "otherNonOperatingIncome": "None", "depreciation": "None", "depreciationAndAmortization": "350000000", "incomeBeforeTax": "-1816000000", "incomeTaxExpense": "428000000", "interestAndDebtExpense": "None", "netIncomeFromContinuingOperations": "None", "comprehensiveIncomeNetOfTax": "None", "ebit": "-1816000000", "ebitda": "-1466000000", "netIncome": "-2244000000"}, {"fiscalDateEnding": "2013-09-30", "reportedCurrency": "USD", "grossProfit": "-8813000000", "totalRevenue": "5765000000", "costOfRevenue": "14578000000", "costofGoodsAndServicesSold": "14578000000", "operatingIncome": "182000000", "sellingGeneralAndAdministrative": "753000000", "researchAndDevelopment": "135000000", "operatingExpenses": "888000000", "investmentIncomeNet": "None", "netInterestIncome": "None", "interestIncome": "None", "interestExpense": "108000000", "nonInterestIncome": "None", "otherNonOperatingIncome": "7000000", "depreciation": "None", "depreciationAndAmortization": "348000000", "incomeBeforeTax": "182000000", "incomeTaxExpense": "116000000", "interestAndDebtExpense": "None", "netIncomeFromContinuingOperations": "44000000", "comprehensiveIncomeNetOfTax": "None", "ebit": "182000000", "ebitda": "530000000", "netIncome": "66000000"}, {"fiscalDateEnding": "2013-06-30", "reportedCurrency": "USD", "grossProfit": "-3931000000", "totalRevenue": "5849000000", "costOfRevenue": "9780000000", "costofGoodsAndServicesSold": "9780000000", "operatingIncome": "107000000", "sellingGeneralAndAdministrative": "505000000", "researchAndDevelopment": "91000000", "operatingExpenses": "596000000", "investmentIncomeNet": "None", "netInterestIncome": "None", "interestIncome": "None", "interestExpense": "118000000", "nonInterestIncome": "None", "otherNonOperatingIncome": "-19000000", "depreciation": "None", "depreciationAndAmortization": "363000000", "incomeBeforeTax": "107000000", "incomeTaxExpense": "85000000", "interestAndDebtExpense": "None", "netIncomeFromContinuingOperations": "-148000000", "comprehensiveIncomeNetOfTax": "None", "ebit": "19000000", "ebitda": "382000000", "netIncome": "22000000"}, {"fiscalDateEnding": "2013-03-31", "reportedCurrency": "USD", "grossProfit": "986000000", "totalRevenue": "5833000000", "costOfRevenue": "4847000000", "costofGoodsAndServicesSold": "4847000000", "operatingIncome": "234000000", "sellingGeneralAndAdministrative": "251000000", "researchAndDevelopment": "45000000", "operatingExpenses": "296000000", "investmentIncomeNet": "None", "netInterestIncome": "None", "interestIncome": "None", "interestExpense": "115000000", "nonInterestIncome": "None", "otherNonOperatingIncome": "None", "depreciation": "None", "depreciationAndAmortization": "361000000", "incomeBeforeTax": "234000000", "incomeTaxExpense": "64000000", "interestAndDebtExpense": "None", "netIncomeFromContinuingOperations": "None", "comprehensiveIncomeNetOfTax": "None", "ebit": "234000000", "ebitda": "595000000", "netIncome": "170000000"}, {"fiscalDateEnding": "2012-12-31", "reportedCurrency": "USD", "grossProfit": "-20486000000", "totalRevenue": "None", "costOfRevenue": "20486000000", "costofGoodsAndServicesSold": "20486000000", "operatingIncome": "162000000", "sellingGeneralAndAdministrative": "997000000", "researchAndDevelopment": "197000000", "operatingExpenses": "1194000000", "investmentIncomeNet": "None", "netInterestIncome": "None", "interestIncome": "None", "interestExpense": "None", "nonInterestIncome": "None", "otherNonOperatingIncome": "None", "depreciation": "None", "depreciationAndAmortization": "363000000", "incomeBeforeTax": "324000000", "incomeTaxExpense": "162000000", "interestAndDebtExpense": "None", "netIncomeFromContinuingOperations": "None", "comprehensiveIncomeNetOfTax": "None", "ebit": "324000000", "ebitda": "687000000", "netIncome": "162000000"}, {"fiscalDateEnding": "2012-09-30", "reportedCurrency": "USD", "grossProfit": "-9685000000", "totalRevenue": "5833000000", "costOfRevenue": "15518000000", "costofGoodsAndServicesSold": "15518000000", "operatingIncome": "-95000000", "sellingGeneralAndAdministrative": "720000000", "researchAndDevelopment": "141000000", "operatingExpenses": "861000000", "investmentIncomeNet": "None", "netInterestIncome": "None", "interestIncome": "None", "interestExpense": "124000000", "nonInterestIncome": "None", "otherNonOperatingIncome": "None", "depreciation": "None", "depreciationAndAmortization": "366000000", "incomeBeforeTax": "-76000000", "incomeTaxExpense": "19000000", "interestAndDebtExpense": "None", "netIncomeFromContinuingOperations": "None", "comprehensiveIncomeNetOfTax": "None", "ebit": "-52000000", "ebitda": "314000000", "netIncome": "-95000000"}, {"fiscalDateEnding": "2012-06-30", "reportedCurrency": "USD", "grossProfit": "809000000", "totalRevenue": "5963000000", "costOfRevenue": "5154000000", "costofGoodsAndServicesSold": "5154000000", "operatingIncome": "-19000000", "sellingGeneralAndAdministrative": "486000000", "researchAndDevelopment": "90000000", "operatingExpenses": "576000000", "investmentIncomeNet": "None", "netInterestIncome": "None", "interestIncome": "None", "interestExpense": "123000000", "nonInterestIncome": "None", "otherNonOperatingIncome": "None", "depreciation": "None", "depreciationAndAmortization": "364000000", "incomeBeforeTax": "-6000000", "incomeTaxExpense": "4000000", "interestAndDebtExpense": "None", "netIncomeFromContinuingOperations": "None", "comprehensiveIncomeNetOfTax": "None", "ebit": "116000000", "ebitda": "480000000", "netIncome": "-2000000"}, {"fiscalDateEnding": "2012-03-31", "reportedCurrency": "USD", "grossProfit": "908000000", "totalRevenue": "6006000000", "costOfRevenue": "5098000000", "costofGoodsAndServicesSold": "5098000000", "operatingIncome": "138000000", "sellingGeneralAndAdministrative": "241000000", "researchAndDevelopment": "43000000", "operatingExpenses": "284000000", "investmentIncomeNet": "None", "netInterestIncome": "None", "interestIncome": "None", "interestExpense": "123000000", "nonInterestIncome": "None", "otherNonOperatingIncome": "None", "depreciation": "None", "depreciationAndAmortization": "369000000", "incomeBeforeTax": "138000000", "incomeTaxExpense": "39000000", "interestAndDebtExpense": "None", "netIncomeFromContinuingOperations": "None", "comprehensiveIncomeNetOfTax": "None", "ebit": "256000000", "ebitda": "625000000", "netIncome": "94000000"}, {"fiscalDateEnding": "2011-12-31", "reportedCurrency": "USD", "grossProfit": "761000000", "totalRevenue": "5989000000", "costOfRevenue": "5228000000", "costofGoodsAndServicesSold": "5228000000", "operatingIncome": "808000000", "sellingGeneralAndAdministrative": "268000000", "researchAndDevelopment": "48000000", "operatingExpenses": "316000000", "investmentIncomeNet": "None", "netInterestIncome": "None", "interestIncome": "None", "interestExpense": "125000000", "nonInterestIncome": "None", "otherNonOperatingIncome": "None", "depreciation": "None", "depreciationAndAmortization": "368000000", "incomeBeforeTax": "1063000000", "incomeTaxExpense": "255000000", "interestAndDebtExpense": "None", "netIncomeFromContinuingOperations": "None", "comprehensiveIncomeNetOfTax": "None", "ebit": "1185000000", "ebitda": "1553000000", "netIncome": "805000000"}, {"fiscalDateEnding": "2011-09-30", "reportedCurrency": "USD", "grossProfit": "1129000000", "totalRevenue": "6419000000", "costOfRevenue": "5290000000", "costofGoodsAndServicesSold": "5290000000", "operatingIncome": "672000000", "sellingGeneralAndAdministrative": "261000000", "researchAndDevelopment": "47000000", "operatingExpenses": "308000000", "investmentIncomeNet": "None", "netInterestIncome": "None", "interestIncome": "None", "interestExpense": "125000000", "nonInterestIncome": "None", "otherNonOperatingIncome": "None", "depreciation": "None", "depreciationAndAmortization": "377000000", "incomeBeforeTax": "280000000", "incomeTaxExpense": "55000000", "interestAndDebtExpense": "None", "netIncomeFromContinuingOperations": "None", "comprehensiveIncomeNetOfTax": "None", "ebit": "352000000", "ebitda": "729000000", "netIncome": "172000000"}, {"fiscalDateEnding": "2011-06-30", "reportedCurrency": "USD", "grossProfit": "1338000000", "totalRevenue": "6585000000", "costOfRevenue": "5247000000", "costofGoodsAndServicesSold": "5247000000", "operatingIncome": "322000000", "sellingGeneralAndAdministrative": "253000000", "researchAndDevelopment": "46000000", "operatingExpenses": "299000000", "investmentIncomeNet": "None", "netInterestIncome": "None", "interestIncome": "None", "interestExpense": "163000000", "nonInterestIncome": "None", "otherNonOperatingIncome": "None", "depreciation": "None", "depreciationAndAmortization": "375000000", "incomeBeforeTax": "517000000", "incomeTaxExpense": "136000000", "interestAndDebtExpense": "None", "netIncomeFromContinuingOperations": "None", "comprehensiveIncomeNetOfTax": "None", "ebit": "621000000", "ebitda": "996000000", "netIncome": "322000000"}, {"fiscalDateEnding": "2011-03-31", "reportedCurrency": "USD", "grossProfit": "1243000000", "totalRevenue": "5958000000", "costOfRevenue": "4715000000", "costofGoodsAndServicesSold": "4715000000", "operatingIncome": "308000000", "sellingGeneralAndAdministrative": "245000000", "researchAndDevelopment": "43000000", "operatingExpenses": "288000000", "investmentIncomeNet": "None", "netInterestIncome": "None", "interestIncome": "None", "interestExpense": "111000000", "nonInterestIncome": "None", "otherNonOperatingIncome": "None", "depreciation": "None", "depreciationAndAmortization": "361000000", "incomeBeforeTax": "505000000", "incomeTaxExpense": "138000000", "interestAndDebtExpense": "None", "netIncomeFromContinuingOperations": "None", "comprehensiveIncomeNetOfTax": "None", "ebit": "557000000", "ebitda": "918000000", "netIncome": "308000000"}, {"fiscalDateEnding": "2010-12-31", "reportedCurrency": "USD", "grossProfit": "1114000000", "totalRevenue": "5652000000", "costOfRevenue": "4538000000", "costofGoodsAndServicesSold": "4538000000", "operatingIncome": "258000000", "sellingGeneralAndAdministrative": "282000000", "researchAndDevelopment": "50000000", "operatingExpenses": "332000000", "investmentIncomeNet": "None", "netInterestIncome": "None", "interestIncome": "None", "interestExpense": "118000000", "nonInterestIncome": "None", "otherNonOperatingIncome": "None", "depreciation": "None", "depreciationAndAmortization": "371000000", "incomeBeforeTax": "548000000", "incomeTaxExpense": "56000000", "interestAndDebtExpense": "None", "netIncomeFromContinuingOperations": "None", "comprehensiveIncomeNetOfTax": "None", "ebit": "432000000", "ebitda": "803000000", "netIncome": "258000000"}, {"fiscalDateEnding": "2010-09-30", "reportedCurrency": "USD", "grossProfit": "874000000", "totalRevenue": "5287000000", "costOfRevenue": "4413000000", "costofGoodsAndServicesSold": "4413000000", "operatingIncome": "61000000", "sellingGeneralAndAdministrative": "232000000", "researchAndDevelopment": "40000000", "operatingExpenses": "272000000", "investmentIncomeNet": "None", "netInterestIncome": "None", "interestIncome": "None", "interestExpense": "139000000", "nonInterestIncome": "None", "otherNonOperatingIncome": "None", "depreciation": "None", "depreciationAndAmortization": "358000000", "incomeBeforeTax": "60000000", "incomeTaxExpense": "92000000", "interestAndDebtExpense": "None", "netIncomeFromContinuingOperations": "None", "comprehensiveIncomeNetOfTax": "None", "ebit": "151000000", "ebitda": "509000000", "netIncome": "61000000"}, {"fiscalDateEnding": "2010-06-30", "reportedCurrency": "USD", "grossProfit": "1851000000", "totalRevenue": "10074000000", "costOfRevenue": "8223000000", "costofGoodsAndServicesSold": "8223000000", "operatingIncome": "-1000000", "sellingGeneralAndAdministrative": "447000000", "researchAndDevelopment": "84000000", "operatingExpenses": "531000000", "investmentIncomeNet": "None", "netInterestIncome": "None", "interestIncome": "None", "interestExpense": "237000000", "nonInterestIncome": "None", "otherNonOperatingIncome": "None", "depreciation": "None", "depreciationAndAmortization": "722000000", "incomeBeforeTax": "228000000", "incomeTaxExpense": "141000000", "interestAndDebtExpense": "None", "netIncomeFromContinuingOperations": "None", "comprehensiveIncomeNetOfTax": "None", "ebit": "-47000000", "ebitda": "675000000", "netIncome": "-9000000"}, {"fiscalDateEnding": "2010-03-31", "reportedCurrency": "USD", "grossProfit": "874000000", "totalRevenue": "4887000000", "costOfRevenue": "4013000000", "costofGoodsAndServicesSold": "4013000000", "operatingIncome": "-172000000", "sellingGeneralAndAdministrative": "239000000", "researchAndDevelopment": "39000000", "operatingExpenses": "278000000", "investmentIncomeNet": "None", "netInterestIncome": "None", "interestIncome": "None", "interestExpense": "118000000", "nonInterestIncome": "None", "otherNonOperatingIncome": "None", "depreciation": "None", "depreciationAndAmortization": "358000000", "incomeBeforeTax": "-88000000", "incomeTaxExpense": "84000000", "interestAndDebtExpense": "None", "netIncomeFromContinuingOperations": "None", "comprehensiveIncomeNetOfTax": "None", "ebit": "1000000", "ebitda": "359000000", "netIncome": "-179000000"}, {"fiscalDateEnding": "2009-12-31", "reportedCurrency": "USD", "grossProfit": "-16902000000", "totalRevenue": "None", "costOfRevenue": "16902000000", "costofGoodsAndServicesSold": "16902000000", "operatingIncome": "-924000000", "sellingGeneralAndAdministrative": "1009000000", "researchAndDevelopment": "169000000", "operatingExpenses": "1178000000", "investmentIncomeNet": "None", "netInterestIncome": "None", "interestIncome": "None", "interestExpense": "470000000", "nonInterestIncome": "None", "otherNonOperatingIncome": "None", "depreciation": "None", "depreciationAndAmortization": "369000000", "incomeBeforeTax": "-1498000000", "incomeTaxExpense": "-574000000", "interestAndDebtExpense": "None", "netIncomeFromContinuingOperations": "None", "comprehensiveIncomeNetOfTax": "None", "ebit": "-1968000000", "ebitda": "-1599000000", "netIncome": "-924000000"}, {"fiscalDateEnding": "2009-09-30", "reportedCurrency": "USD", "grossProfit": "-7382000000", "totalRevenue": "4615000000", "costOfRevenue": "11997000000", "costofGoodsAndServicesSold": "11997000000", "operatingIncome": "-667000000", "sellingGeneralAndAdministrative": "718000000", "researchAndDevelopment": "118000000", "operatingExpenses": "836000000", "investmentIncomeNet": "None", "netInterestIncome": "None", "interestIncome": "None", "interestExpense": "349000000", "nonInterestIncome": "None", "otherNonOperatingIncome": "None", "depreciation": "None", "depreciationAndAmortization": "342000000", "incomeBeforeTax": "-1104000000", "incomeTaxExpense": "-437000000", "interestAndDebtExpense": "None", "netIncomeFromContinuingOperations": "None", "comprehensiveIncomeNetOfTax": "None", "ebit": "-1608000000", "ebitda": "-1266000000", "netIncome": "-822000000"}, {"fiscalDateEnding": "2009-06-30", "reportedCurrency": "USD", "grossProfit": "-3865000000", "totalRevenue": "4244000000", "costOfRevenue": "8109000000", "costofGoodsAndServicesSold": "8109000000", "operatingIncome": "-787000000", "sellingGeneralAndAdministrative": "484000000", "researchAndDevelopment": "79000000", "operatingExpenses": "563000000", "investmentIncomeNet": "None", "netInterestIncome": "None", "interestIncome": "None", "interestExpense": "229000000", "nonInterestIncome": "None", "otherNonOperatingIncome": "None", "depreciation": "None", "depreciationAndAmortization": "317000000", "incomeBeforeTax": "-1202000000", "incomeTaxExpense": "-415000000", "interestAndDebtExpense": "None", "netIncomeFromContinuingOperations": "None", "comprehensiveIncomeNetOfTax": "None", "ebit": "-1431000000", "ebitda": "-1114000000", "netIncome": "-787000000"}, {"fiscalDateEnding": "2009-03-31", "reportedCurrency": "USD", "grossProfit": "4000000", "totalRevenue": "4147000000", "costOfRevenue": "4143000000", "costofGoodsAndServicesSold": "4143000000", "operatingIncome": "-470000000", "sellingGeneralAndAdministrative": "244000000", "researchAndDevelopment": "41000000", "operatingExpenses": "285000000", "investmentIncomeNet": "None", "netInterestIncome": "None", "interestIncome": "None", "interestExpense": "114000000", "nonInterestIncome": "None", "otherNonOperatingIncome": "None", "depreciation": "None", "depreciationAndAmortization": "283000000", "incomeBeforeTax": "-777000000", "incomeTaxExpense": "-307000000", "interestAndDebtExpense": "None", "netIncomeFromContinuingOperations": "None", "comprehensiveIncomeNetOfTax": "None", "ebit": "-891000000", "ebitda": "-608000000", "netIncome": "-470000000"}, {"fiscalDateEnding": "2008-12-31", "reportedCurrency": "USD", "grossProfit": "-6000000", "totalRevenue": "None", "costOfRevenue": "6000000", "costofGoodsAndServicesSold": "6000000", "operatingIncome": "None", "sellingGeneralAndAdministrative": "None", "researchAndDevelopment": "None", "operatingExpenses": "6766000000", "investmentIncomeNet": "None", "netInterestIncome": "None", "interestIncome": "None", "interestExpense": "None", "nonInterestIncome": "None", "otherNonOperatingIncome": "None", "depreciation": "None", "depreciationAndAmortization": "277000000", "incomeBeforeTax": "None", "incomeTaxExpense": "None", "interestAndDebtExpense": "None", "netIncomeFromContinuingOperations": "None", "comprehensiveIncomeNetOfTax": "None", "ebit": "0", "ebitda": "277000000", "netIncome": "None"}, {"fiscalDateEnding": "2008-09-30", "reportedCurrency": "USD", "grossProfit": "-10692000000", "totalRevenue": "7234000000", "costOfRevenue": "17926000000", "costofGoodsAndServicesSold": "17926000000", "operatingIncome": "1118000000", "sellingGeneralAndAdministrative": "917000000", "researchAndDevelopment": "194000000", "operatingExpenses": "1111000000", "investmentIncomeNet": "None", "netInterestIncome": "None", "interestIncome": "None", "interestExpense": "283000000", "nonInterestIncome": "None", "otherNonOperatingIncome": "None", "depreciation": "None", "depreciationAndAmortization": "317000000", "incomeBeforeTax": "1892000000", "incomeTaxExpense": "553000000", "interestAndDebtExpense": "None", "netIncomeFromContinuingOperations": "None", "comprehensiveIncomeNetOfTax": "None", "ebit": "481000000", "ebitda": "798000000", "netIncome": "1117000000"}, {"fiscalDateEnding": "2008-06-30", "reportedCurrency": "USD", "grossProfit": "-4362000000", "totalRevenue": "7620000000", "costOfRevenue": "11982000000", "costofGoodsAndServicesSold": "11982000000", "operatingIncome": "849000000", "sellingGeneralAndAdministrative": "634000000", "researchAndDevelopment": "130000000", "operatingExpenses": "764000000", "investmentIncomeNet": "None", "netInterestIncome": "None", "interestIncome": "None", "interestExpense": "186000000", "nonInterestIncome": "None", "otherNonOperatingIncome": "None", "depreciation": "None", "depreciationAndAmortization": "321000000", "incomeBeforeTax": "1422000000", "incomeTaxExpense": "436000000", "interestAndDebtExpense": "None", "netIncomeFromContinuingOperations": "None", "comprehensiveIncomeNetOfTax": "None", "ebit": "864000000", "ebitda": "1185000000", "netIncome": "849000000"}, {"fiscalDateEnding": "2008-03-31", "reportedCurrency": "USD", "grossProfit": "1483000000", "totalRevenue": "7375000000", "costOfRevenue": "5892000000", "costofGoodsAndServicesSold": "5892000000", "operatingIncome": "303000000", "sellingGeneralAndAdministrative": "328000000", "researchAndDevelopment": "66000000", "operatingExpenses": "394000000", "investmentIncomeNet": "None", "netInterestIncome": "None", "interestIncome": "None", "interestExpense": "99000000", "nonInterestIncome": "None", "otherNonOperatingIncome": "None", "depreciation": "None", "depreciationAndAmortization": "319000000", "incomeBeforeTax": "575000000", "incomeTaxExpense": "205000000", "interestAndDebtExpense": "None", "netIncomeFromContinuingOperations": "None", "comprehensiveIncomeNetOfTax": "None", "ebit": "409000000", "ebitda": "728000000", "netIncome": "303000000"}, {"fiscalDateEnding": "2007-12-31", "reportedCurrency": "USD", "grossProfit": "-24248000000", "totalRevenue": "None", "costOfRevenue": "24248000000", "costofGoodsAndServicesSold": "24248000000", "operatingIncome": "2571000000", "sellingGeneralAndAdministrative": "1472000000", "researchAndDevelopment": "249000000", "operatingExpenses": "1721000000", "investmentIncomeNet": "None", "netInterestIncome": "None", "interestIncome": "None", "interestExpense": "401000000", "nonInterestIncome": "None", "otherNonOperatingIncome": "None", "depreciation": "None", "depreciationAndAmortization": "310000000", "incomeBeforeTax": "4491000000", "incomeTaxExpense": "1555000000", "interestAndDebtExpense": "None", "netIncomeFromContinuingOperations": "None", "comprehensiveIncomeNetOfTax": "None", "ebit": "3718000000", "ebitda": "4028000000", "netIncome": "2564000000"}, {"fiscalDateEnding": "2007-09-30", "reportedCurrency": "USD", "grossProfit": "-10708000000", "totalRevenue": "7387000000", "costOfRevenue": "18095000000", "costofGoodsAndServicesSold": "18095000000", "operatingIncome": "1947000000", "sellingGeneralAndAdministrative": "1089000000", "researchAndDevelopment": "171000000", "operatingExpenses": "1260000000", "investmentIncomeNet": "None", "netInterestIncome": "None", "interestIncome": "None", "interestExpense": "320000000", "nonInterestIncome": "None", "otherNonOperatingIncome": "None", "depreciation": "None", "depreciationAndAmortization": "338000000", "incomeBeforeTax": "4016000000", "incomeTaxExpense": "1768000000", "interestAndDebtExpense": "None", "netIncomeFromContinuingOperations": "None", "comprehensiveIncomeNetOfTax": "None", "ebit": "1785000000", "ebitda": "2123000000", "netIncome": "1932000000"}, {"fiscalDateEnding": "2007-06-30", "reportedCurrency": "USD", "grossProfit": "-4119000000", "totalRevenue": "8066000000", "costOfRevenue": "12185000000", "costofGoodsAndServicesSold": "12185000000", "operatingIncome": "1389000000", "sellingGeneralAndAdministrative": "724000000", "researchAndDevelopment": "107000000", "operatingExpenses": "831000000", "investmentIncomeNet": "None", "netInterestIncome": "None", "interestIncome": "None", "interestExpense": "169000000", "nonInterestIncome": "None", "otherNonOperatingIncome": "None", "depreciation": "None", "depreciationAndAmortization": "317000000", "incomeBeforeTax": "2303000000", "incomeTaxExpense": "689000000", "interestAndDebtExpense": "None", "netIncomeFromContinuingOperations": "None", "comprehensiveIncomeNetOfTax": "None", "ebit": "1155000000", "ebitda": "1472000000", "netIncome": "1377000000"}, {"fiscalDateEnding": "2007-03-31", "reportedCurrency": "USD", "grossProfit": "1901000000", "totalRevenue": "7908000000", "costOfRevenue": "6007000000", "costofGoodsAndServicesSold": "6007000000", "operatingIncome": "673000000", "sellingGeneralAndAdministrative": "357000000", "researchAndDevelopment": "52000000", "operatingExpenses": "409000000", "investmentIncomeNet": "None", "netInterestIncome": "None", "interestIncome": "None", "interestExpense": "83000000", "nonInterestIncome": "None", "otherNonOperatingIncome": "None", "depreciation": "None", "depreciationAndAmortization": "304000000", "incomeBeforeTax": "1123000000", "incomeTaxExpense": "335000000", "interestAndDebtExpense": "None", "netIncomeFromContinuingOperations": "None", "comprehensiveIncomeNetOfTax": "None", "ebit": "1080000000", "ebitda": "1384000000", "netIncome": "662000000"}, {"fiscalDateEnding": "2006-12-31", "reportedCurrency": "USD", "grossProfit": "-23318000000", "totalRevenue": "None", "costOfRevenue": "23318000000", "costofGoodsAndServicesSold": "23318000000", "operatingIncome": "2161000000", "sellingGeneralAndAdministrative": "1402000000", "researchAndDevelopment": "213000000", "operatingExpenses": "1615000000", "investmentIncomeNet": "None", "netInterestIncome": "None", "interestIncome": "None", "interestExpense": "384000000", "nonInterestIncome": "None", "otherNonOperatingIncome": "None", "depreciation": "None", "depreciationAndAmortization": "325000000", "incomeBeforeTax": "3432000000", "incomeTaxExpense": "835000000", "interestAndDebtExpense": "None", "netIncomeFromContinuingOperations": "None", "comprehensiveIncomeNetOfTax": "None", "ebit": "2699000000", "ebitda": "3024000000", "netIncome": "2248000000"}, {"fiscalDateEnding": "2006-09-30", "reportedCurrency": "USD", "grossProfit": "-9555000000", "totalRevenue": "7631000000", "costOfRevenue": "17186000000", "costofGoodsAndServicesSold": "17186000000", "operatingIncome": "1903000000", "sellingGeneralAndAdministrative": "1035000000", "researchAndDevelopment": "150000000", "operatingExpenses": "1185000000", "investmentIncomeNet": "None", "netInterestIncome": "None", "interestIncome": "None", "interestExpense": "291000000", "nonInterestIncome": "None", "otherNonOperatingIncome": "None", "depreciation": "None", "depreciationAndAmortization": "321000000", "incomeBeforeTax": "3077000000", "incomeTaxExpense": "836000000", "interestAndDebtExpense": "None", "netIncomeFromContinuingOperations": "None", "comprehensiveIncomeNetOfTax": "None", "ebit": "855000000", "ebitda": "1176000000", "netIncome": "1889000000"}, {"fiscalDateEnding": "2006-06-30", "reportedCurrency": "USD", "grossProfit": "-3467000000", "totalRevenue": "7959000000", "costOfRevenue": "11426000000", "costofGoodsAndServicesSold": "11426000000", "operatingIncome": "1367000000", "sellingGeneralAndAdministrative": "737000000", "researchAndDevelopment": "99000000", "operatingExpenses": "836000000", "investmentIncomeNet": "None", "netInterestIncome": "None", "interestIncome": "None", "interestExpense": "190000000", "nonInterestIncome": "None", "otherNonOperatingIncome": "None", "depreciation": "None", "depreciationAndAmortization": "325000000", "incomeBeforeTax": "2221000000", "incomeTaxExpense": "625000000", "interestAndDebtExpense": "None", "netIncomeFromContinuingOperations": "None", "comprehensiveIncomeNetOfTax": "None", "ebit": "1186000000", "ebitda": "1511000000", "netIncome": "1352000000"}, {"fiscalDateEnding": "2006-03-31", "reportedCurrency": "USD", "grossProfit": "1785000000", "totalRevenue": "7244000000", "costOfRevenue": "5459000000", "costofGoodsAndServicesSold": "5459000000", "operatingIncome": "615000000", "sellingGeneralAndAdministrative": "369000000", "researchAndDevelopment": "48000000", "operatingExpenses": "417000000", "investmentIncomeNet": "None", "netInterestIncome": "None", "interestIncome": "None", "interestExpense": "92000000", "nonInterestIncome": "None", "otherNonOperatingIncome": "None", "depreciation": "None", "depreciationAndAmortization": "309000000", "incomeBeforeTax": "1002000000", "incomeTaxExpense": "282000000", "interestAndDebtExpense": "None", "netIncomeFromContinuingOperations": "None", "comprehensiveIncomeNetOfTax": "None", "ebit": "981000000", "ebitda": "1290000000", "netIncome": "608000000"}, {"fiscalDateEnding": "2005-12-31", "reportedCurrency": "USD", "grossProfit": "-21217000000", "totalRevenue": "None", "costOfRevenue": "21217000000", "costofGoodsAndServicesSold": "21217000000", "operatingIncome": "1233000000", "sellingGeneralAndAdministrative": "1352000000", "researchAndDevelopment": "194000000", "operatingExpenses": "1546000000", "investmentIncomeNet": "None", "netInterestIncome": "None", "interestIncome": "None", "interestExpense": "339000000", "nonInterestIncome": "None", "otherNonOperatingIncome": "None", "depreciation": "None", "depreciationAndAmortization": "317000000", "incomeBeforeTax": "1933000000", "incomeTaxExpense": "441000000", "interestAndDebtExpense": "None", "netIncomeFromContinuingOperations": "None", "comprehensiveIncomeNetOfTax": "None", "ebit": "1335000000", "ebitda": "1652000000", "netIncome": "1233000000"}, {"fiscalDateEnding": "2005-09-30", "reportedCurrency": "USD", "grossProfit": "-9192000000", "totalRevenue": "6566000000", "costOfRevenue": "15758000000", "costofGoodsAndServicesSold": "15758000000", "operatingIncome": "1023000000", "sellingGeneralAndAdministrative": "990000000", "researchAndDevelopment": "144000000", "operatingExpenses": "1134000000", "investmentIncomeNet": "None", "netInterestIncome": "None", "interestIncome": "None", "interestExpense": "261000000", "nonInterestIncome": "None", "otherNonOperatingIncome": "None", "depreciation": "None", "depreciationAndAmortization": "313000000", "incomeBeforeTax": "1551000000", "incomeTaxExpense": "349000000", "interestAndDebtExpense": "None", "netIncomeFromContinuingOperations": "None", "comprehensiveIncomeNetOfTax": "None", "ebit": "505000000", "ebitda": "818000000", "netIncome": "1009000000"}, {"fiscalDateEnding": "2005-06-30", "reportedCurrency": "USD", "grossProfit": "-3674000000", "totalRevenue": "6763000000", "costOfRevenue": "10437000000", "costofGoodsAndServicesSold": "10437000000", "operatingIncome": "746000000", "sellingGeneralAndAdministrative": "690000000", "researchAndDevelopment": "93000000", "operatingExpenses": "783000000", "investmentIncomeNet": "None", "netInterestIncome": "None", "interestIncome": "None", "interestExpense": "165000000", "nonInterestIncome": "None", "otherNonOperatingIncome": "None", "depreciation": "None", "depreciationAndAmortization": "317000000", "incomeBeforeTax": "1109000000", "incomeTaxExpense": "243000000", "interestAndDebtExpense": "None", "netIncomeFromContinuingOperations": "None", "comprehensiveIncomeNetOfTax": "None", "ebit": "599000000", "ebitda": "916000000", "netIncome": "720000000"}, {"fiscalDateEnding": "2005-03-31", "reportedCurrency": "USD", "grossProfit": "1308000000", "totalRevenue": "6289000000", "costOfRevenue": "4981000000", "costofGoodsAndServicesSold": "4981000000", "operatingIncome": "273000000", "sellingGeneralAndAdministrative": "333000000", "researchAndDevelopment": "46000000", "operatingExpenses": "379000000", "investmentIncomeNet": "None", "netInterestIncome": "None", "interestIncome": "None", "interestExpense": "78000000", "nonInterestIncome": "None", "otherNonOperatingIncome": "None", "depreciation": "None", "depreciationAndAmortization": "320000000", "incomeBeforeTax": "525000000", "incomeTaxExpense": "192000000", "interestAndDebtExpense": "None", "netIncomeFromContinuingOperations": "None", "comprehensiveIncomeNetOfTax": "None", "ebit": "527000000", "ebitda": "847000000", "netIncome": "260000000"}, {"fiscalDateEnding": "2004-12-31", "reportedCurrency": "USD", "grossProfit": "-18623000000", "totalRevenue": "None", "costOfRevenue": "18623000000", "costofGoodsAndServicesSold": "18623000000", "operatingIncome": "1402000000", "sellingGeneralAndAdministrative": "1284000000", "researchAndDevelopment": "182000000", "operatingExpenses": "1466000000", "investmentIncomeNet": "None", "netInterestIncome": "None", "interestIncome": "None", "interestExpense": "270000000", "nonInterestIncome": "None", "otherNonOperatingIncome": "None", "depreciation": "None", "depreciationAndAmortization": "304000000", "incomeBeforeTax": "2204000000", "incomeTaxExpense": "557000000", "interestAndDebtExpense": "None", "netIncomeFromContinuingOperations": "None", "comprehensiveIncomeNetOfTax": "None", "ebit": "1597000000", "ebitda": "1901000000", "netIncome": "1310000000"}]}