{"symbol": "VMC", "annualReports": [{"fiscalDateEnding": "2024-12-31", "reportedCurrency": "USD", "grossProfit": "1999600000", "totalRevenue": "7417700000", "costOfRevenue": "5418100000", "costofGoodsAndServicesSold": "5418100000", "operatingIncome": "1364500000", "sellingGeneralAndAdministrative": "531100000", "researchAndDevelopment": "None", "operatingExpenses": "635100000", "investmentIncomeNet": "None", "netInterestIncome": "-170300000", "interestIncome": "20900000", "interestExpense": "191200000", "nonInterestIncome": "None", "otherNonOperatingIncome": "None", "depreciation": "None", "depreciationAndAmortization": "1200000", "incomeBeforeTax": "1172100000", "incomeTaxExpense": "251400000", "interestAndDebtExpense": "None", "netIncomeFromContinuingOperations": "920700000", "comprehensiveIncomeNetOfTax": "None", "ebit": "1363300000", "ebitda": "1364500000", "netIncome": "911900000"}, {"fiscalDateEnding": "2023-12-31", "reportedCurrency": "USD", "grossProfit": "1948500000", "totalRevenue": "7781900000", "costOfRevenue": "5833400000", "costofGoodsAndServicesSold": "5833400000", "operatingIncome": "1427400000", "sellingGeneralAndAdministrative": "526800000", "researchAndDevelopment": "None", "operatingExpenses": "521100000", "investmentIncomeNet": "None", "netInterestIncome": "-189800000", "interestIncome": "16500000", "interestExpense": "196100000", "nonInterestIncome": "None", "otherNonOperatingIncome": "None", "depreciation": "None", "depreciationAndAmortization": "617000000", "incomeBeforeTax": "1245100000", "incomeTaxExpense": "299400000", "interestAndDebtExpense": "None", "netIncomeFromContinuingOperations": "837700000", "comprehensiveIncomeNetOfTax": "None", "ebit": "1439100000", "ebitda": "2056100000", "netIncome": "933200000"}, {"fiscalDateEnding": "2022-12-31", "reportedCurrency": "USD", "grossProfit": "1557700000", "totalRevenue": "7315200000", "costOfRevenue": "5757500000", "costofGoodsAndServicesSold": "5757500000", "operatingIncome": "951400000", "sellingGeneralAndAdministrative": "515100000", "researchAndDevelopment": "None", "operatingExpenses": "549100000", "investmentIncomeNet": "None", "netInterestIncome": "-168400000", "interestIncome": "168400000", "interestExpense": "168400000", "nonInterestIncome": "None", "otherNonOperatingIncome": "5900000", "depreciation": "None", "depreciationAndAmortization": "647800000", "incomeBeforeTax": "788100000", "incomeTaxExpense": "193000000", "interestAndDebtExpense": "None", "netIncomeFromContinuingOperations": "595100000", "comprehensiveIncomeNetOfTax": "None", "ebit": "882900000", "ebitda": "1530700000", "netIncome": "575600000"}, {"fiscalDateEnding": "2021-12-31", "reportedCurrency": "USD", "grossProfit": "1373400000", "totalRevenue": "5552200000", "costOfRevenue": "4178800000", "costofGoodsAndServicesSold": "4178800000", "operatingIncome": "1010800000", "sellingGeneralAndAdministrative": "417600000", "researchAndDevelopment": "None", "operatingExpenses": "482700000", "investmentIncomeNet": "None", "netInterestIncome": "-147700000", "interestIncome": "147700000", "interestExpense": "147700000", "nonInterestIncome": "None", "otherNonOperatingIncome": "12300000", "depreciation": "None", "depreciationAndAmortization": "512000000", "incomeBeforeTax": "873800000", "incomeTaxExpense": "200100000", "interestAndDebtExpense": "None", "netIncomeFromContinuingOperations": "673700000", "comprehensiveIncomeNetOfTax": "None", "ebit": "1021100000", "ebitda": "1533100000", "netIncome": "670800000"}, {"fiscalDateEnding": "2020-12-31", "reportedCurrency": "USD", "grossProfit": "1281481000", "totalRevenue": "4856826000", "costOfRevenue": "3575345000", "costofGoodsAndServicesSold": "3575345000", "operatingIncome": "895731000", "sellingGeneralAndAdministrative": "359772000", "researchAndDevelopment": "None", "operatingExpenses": "389747000", "investmentIncomeNet": "None", "netInterestIncome": "-134393000", "interestIncome": "134393000", "interestExpense": "134393000", "nonInterestIncome": "None", "otherNonOperatingIncome": "-15973000", "depreciation": "None", "depreciationAndAmortization": "435078000", "incomeBeforeTax": "743798000", "incomeTaxExpense": "155803000", "interestAndDebtExpense": "None", "netIncomeFromContinuingOperations": "587995000", "comprehensiveIncomeNetOfTax": "None", "ebit": "877472000", "ebitda": "1312550000", "netIncome": "584500000"}, {"fiscalDateEnding": "2019-12-31", "reportedCurrency": "USD", "grossProfit": "1255901000", "totalRevenue": "4929103000", "costOfRevenue": "3673202000", "costofGoodsAndServicesSold": "3673202000", "operatingIncome": "877458000", "sellingGeneralAndAdministrative": "370548000", "researchAndDevelopment": "None", "operatingExpenses": "402195000", "investmentIncomeNet": "None", "netInterestIncome": "-129000000", "interestIncome": "1155000", "interestExpense": "129000000", "nonInterestIncome": "None", "otherNonOperatingIncome": "10398000", "depreciation": "None", "depreciationAndAmortization": "409940000", "incomeBeforeTax": "757701000", "incomeTaxExpense": "135198000", "interestAndDebtExpense": "None", "netIncomeFromContinuingOperations": "622503000", "comprehensiveIncomeNetOfTax": "None", "ebit": "887549000", "ebitda": "1297489000", "netIncome": "617662000"}, {"fiscalDateEnding": "2018-12-31", "reportedCurrency": "USD", "grossProfit": "1100945000", "totalRevenue": "4382869000", "costOfRevenue": "3281924000", "costofGoodsAndServicesSold": "3281924000", "operatingIncome": "747713000", "sellingGeneralAndAdministrative": "333371000", "researchAndDevelopment": "0", "operatingExpenses": "368176000", "investmentIncomeNet": "None", "netInterestIncome": "-137423000", "interestIncome": "554000", "interestExpense": "137423000", "nonInterestIncome": "None", "otherNonOperatingIncome": "13554000", "depreciation": "None", "depreciationAndAmortization": "346246000", "incomeBeforeTax": "623290000", "incomeTaxExpense": "105449000", "interestAndDebtExpense": "None", "netIncomeFromContinuingOperations": "517841000", "comprehensiveIncomeNetOfTax": "None", "ebit": "745363000", "ebitda": "1091609000", "netIncome": "515805000"}, {"fiscalDateEnding": "2017-12-31", "reportedCurrency": "USD", "grossProfit": "1000561000", "totalRevenue": "3890296000", "costOfRevenue": "2889735000", "costofGoodsAndServicesSold": "2889735000", "operatingIncome": "647108000", "sellingGeneralAndAdministrative": "323918000", "researchAndDevelopment": "0", "operatingExpenses": "371280000", "investmentIncomeNet": "None", "netInterestIncome": "-291085000", "interestIncome": "4437000", "interestExpense": "291085000", "nonInterestIncome": "None", "otherNonOperatingIncome": "9730000", "depreciation": "None", "depreciationAndAmortization": "305965000", "incomeBeforeTax": "361316000", "incomeTaxExpense": "-232075000", "interestAndDebtExpense": "None", "netIncomeFromContinuingOperations": "593391000", "comprehensiveIncomeNetOfTax": "None", "ebit": "643802000", "ebitda": "949767000", "netIncome": "601185000"}, {"fiscalDateEnding": "2016-12-31", "reportedCurrency": "USD", "grossProfit": "1000817000", "totalRevenue": "3592667000", "costOfRevenue": "2591850000", "costofGoodsAndServicesSold": "2591850000", "operatingIncome": "679582000", "sellingGeneralAndAdministrative": "314986000", "researchAndDevelopment": "0", "operatingExpenses": "337812000", "investmentIncomeNet": "None", "netInterestIncome": "-133269000", "interestIncome": "807000", "interestExpense": "133269000", "nonInterestIncome": "None", "otherNonOperatingIncome": "1751000", "depreciation": "None", "depreciationAndAmortization": "284940000", "incomeBeforeTax": "547257000", "incomeTaxExpense": "124851000", "interestAndDebtExpense": "None", "netIncomeFromContinuingOperations": "422406000", "comprehensiveIncomeNetOfTax": "None", "ebit": "677457000", "ebitda": "962397000", "netIncome": "419491000"}, {"fiscalDateEnding": "2015-12-31", "reportedCurrency": "USD", "grossProfit": "857533000", "totalRevenue": "3422181000", "costOfRevenue": "2564648000", "costofGoodsAndServicesSold": "2564648000", "operatingIncome": "549778000", "sellingGeneralAndAdministrative": "286844000", "researchAndDevelopment": "0", "operatingExpenses": "312694000", "investmentIncomeNet": "None", "netInterestIncome": "None", "interestIncome": "220243000", "interestExpense": "220243000", "nonInterestIncome": "None", "otherNonOperatingIncome": "-1333000", "depreciation": "None", "depreciationAndAmortization": "274823000", "incomeBeforeTax": "327857000", "incomeTaxExpense": "94943000", "interestAndDebtExpense": "None", "netIncomeFromContinuingOperations": "232914000", "comprehensiveIncomeNetOfTax": "None", "ebit": "551441000", "ebitda": "826264000", "netIncome": "221177000"}, {"fiscalDateEnding": "2014-12-31", "reportedCurrency": "USD", "grossProfit": "587582000", "totalRevenue": "2994169000", "costOfRevenue": "2406587000", "costofGoodsAndServicesSold": "2406587000", "operatingIncome": "538138000", "sellingGeneralAndAdministrative": "272288000", "researchAndDevelopment": "0", "operatingExpenses": "292358000", "investmentIncomeNet": "None", "netInterestIncome": "None", "interestIncome": "None", "interestExpense": "242407000", "nonInterestIncome": "None", "otherNonOperatingIncome": "4067000", "depreciation": "None", "depreciationAndAmortization": "279497000", "incomeBeforeTax": "298838000", "incomeTaxExpense": "91692000", "interestAndDebtExpense": "None", "netIncomeFromContinuingOperations": "207146000", "comprehensiveIncomeNetOfTax": "None", "ebit": "539022000", "ebitda": "818519000", "netIncome": "204923000"}, {"fiscalDateEnding": "2013-12-31", "reportedCurrency": "USD", "grossProfit": "426880000", "totalRevenue": "2770709000", "costOfRevenue": "2343829000", "costofGoodsAndServicesSold": "2343829000", "operatingIncome": "190404000", "sellingGeneralAndAdministrative": "259427000", "researchAndDevelopment": "0", "operatingExpenses": "274217000", "investmentIncomeNet": "None", "netInterestIncome": "None", "interestIncome": "None", "interestExpense": "201645000", "nonInterestIncome": "None", "otherNonOperatingIncome": "8481000", "depreciation": "None", "depreciationAndAmortization": "305112000", "incomeBeforeTax": "-3703000", "incomeTaxExpense": "-24459000", "interestAndDebtExpense": "None", "netIncomeFromContinuingOperations": "20756000", "comprehensiveIncomeNetOfTax": "None", "ebit": "160201000", "ebitda": "465313000", "netIncome": "24382000"}, {"fiscalDateEnding": "2012-12-31", "reportedCurrency": "USD", "grossProfit": "334026000", "totalRevenue": "2567310000", "costOfRevenue": "2233284000", "costofGoodsAndServicesSold": "2233284000", "operatingIncome": "84781000", "sellingGeneralAndAdministrative": "259140000", "researchAndDevelopment": "0", "operatingExpenses": "308143000", "investmentIncomeNet": "None", "netInterestIncome": "None", "interestIncome": "None", "interestExpense": "211926000", "nonInterestIncome": "None", "otherNonOperatingIncome": "7868000", "depreciation": "None", "depreciationAndAmortization": "331959000", "incomeBeforeTax": "-120418000", "incomeTaxExpense": "-66492000", "interestAndDebtExpense": "None", "netIncomeFromContinuingOperations": "-53926000", "comprehensiveIncomeNetOfTax": "None", "ebit": "91508000", "ebitda": "423467000", "netIncome": "-52593000"}, {"fiscalDateEnding": "2011-12-31", "reportedCurrency": "USD", "grossProfit": "283869000", "totalRevenue": "2564550000", "costOfRevenue": "2280681000", "costofGoodsAndServicesSold": "2280681000", "operatingIncome": "63444000", "sellingGeneralAndAdministrative": "289993000", "researchAndDevelopment": "1109000", "operatingExpenses": "252979000", "investmentIncomeNet": "None", "netInterestIncome": "None", "interestIncome": "None", "interestExpense": "217184000", "nonInterestIncome": "None", "otherNonOperatingIncome": "3446000", "depreciation": "None", "depreciationAndAmortization": "361719000", "incomeBeforeTax": "-153738000", "incomeTaxExpense": "-78483000", "interestAndDebtExpense": "None", "netIncomeFromContinuingOperations": "-75255000", "comprehensiveIncomeNetOfTax": "None", "ebit": "55233000", "ebitda": "416952000", "netIncome": "-70778000"}, {"fiscalDateEnding": "2010-12-31", "reportedCurrency": "USD", "grossProfit": "300726000", "totalRevenue": "2558862000", "costOfRevenue": "2258136000", "costofGoodsAndServicesSold": "2258136000", "operatingIncome": "-14540000", "sellingGeneralAndAdministrative": "367537000", "researchAndDevelopment": "1582000", "operatingExpenses": "367537000", "investmentIncomeNet": "None", "netInterestIncome": "None", "interestIncome": "None", "interestExpense": "181603000", "nonInterestIncome": "None", "otherNonOperatingIncome": "59302000", "depreciation": "None", "depreciationAndAmortization": "382093000", "incomeBeforeTax": "-192206000", "incomeTaxExpense": "-89663000", "interestAndDebtExpense": "None", "netIncomeFromContinuingOperations": "-230011000", "comprehensiveIncomeNetOfTax": "None", "ebit": "-30222000", "ebitda": "351871000", "netIncome": "-96490000"}, {"fiscalDateEnding": "2009-12-31", "reportedCurrency": "USD", "grossProfit": "445962000", "totalRevenue": "2690490000", "costOfRevenue": "2244528000", "costofGoodsAndServicesSold": "2244528000", "operatingIncome": "148452000", "sellingGeneralAndAdministrative": "321608000", "researchAndDevelopment": "1541000", "operatingExpenses": "297510000", "investmentIncomeNet": "None", "netInterestIncome": "None", "interestIncome": "None", "interestExpense": "175262000", "nonInterestIncome": "None", "otherNonOperatingIncome": "7589000", "depreciation": "None", "depreciationAndAmortization": "394612000", "incomeBeforeTax": "-19221000", "incomeTaxExpense": "-37869000", "interestAndDebtExpense": "None", "netIncomeFromContinuingOperations": "18648000", "comprehensiveIncomeNetOfTax": "None", "ebit": "139265000", "ebitda": "533877000", "netIncome": "30314000"}, {"fiscalDateEnding": "2008-12-31", "reportedCurrency": "USD", "grossProfit": "749712000", "totalRevenue": "3651438000", "costOfRevenue": "2901726000", "costofGoodsAndServicesSold": "2901726000", "operatingIncome": "249102000", "sellingGeneralAndAdministrative": "342584000", "researchAndDevelopment": "1546000", "operatingExpenses": "247946000", "investmentIncomeNet": "None", "netInterestIncome": "None", "interestIncome": "None", "interestExpense": "172813000", "nonInterestIncome": "None", "otherNonOperatingIncome": "None", "depreciation": "None", "depreciationAndAmortization": "389060000", "incomeBeforeTax": "75058000", "incomeTaxExpense": "76724000", "interestAndDebtExpense": "None", "netIncomeFromContinuingOperations": "None", "comprehensiveIncomeNetOfTax": "None", "ebit": "238729000", "ebitda": "627789000", "netIncome": "-4115000"}, {"fiscalDateEnding": "2007-12-31", "reportedCurrency": "USD", "grossProfit": "950903000", "totalRevenue": "3327787000", "costOfRevenue": "2376884000", "costofGoodsAndServicesSold": "2376884000", "operatingIncome": "714417000", "sellingGeneralAndAdministrative": "262872000", "researchAndDevelopment": "1617000", "operatingExpenses": "236486000", "investmentIncomeNet": "None", "netInterestIncome": "None", "interestIncome": "None", "interestExpense": "0", "nonInterestIncome": "None", "otherNonOperatingIncome": "None", "depreciation": "None", "depreciationAndAmortization": "271475000", "incomeBeforeTax": "667502000", "incomeTaxExpense": "204416000", "interestAndDebtExpense": "None", "netIncomeFromContinuingOperations": "None", "comprehensiveIncomeNetOfTax": "None", "ebit": "714417000", "ebitda": "985892000", "netIncome": "450910000"}, {"fiscalDateEnding": "2006-12-31", "reportedCurrency": "USD", "grossProfit": "931994000", "totalRevenue": "3342475000", "costOfRevenue": "2410481000", "costofGoodsAndServicesSold": "2410481000", "operatingIncome": "695059000", "sellingGeneralAndAdministrative": "264396000", "researchAndDevelopment": "1704000", "operatingExpenses": "236935000", "investmentIncomeNet": "None", "netInterestIncome": "None", "interestIncome": "None", "interestExpense": "0", "nonInterestIncome": "None", "otherNonOperatingIncome": "None", "depreciation": "None", "depreciationAndAmortization": "224696000", "incomeBeforeTax": "703461000", "incomeTaxExpense": "225963000", "interestAndDebtExpense": "None", "netIncomeFromContinuingOperations": "None", "comprehensiveIncomeNetOfTax": "None", "ebit": "696763000", "ebitda": "921459000", "netIncome": "467534000"}, {"fiscalDateEnding": "2005-12-31", "reportedCurrency": "USD", "grossProfit": "708476000", "totalRevenue": "2895327000", "costOfRevenue": "2186851000", "costofGoodsAndServicesSold": "2186851000", "operatingIncome": "500756000", "sellingGeneralAndAdministrative": "239696000", "researchAndDevelopment": "1554000", "operatingExpenses": "207720000", "investmentIncomeNet": "None", "netInterestIncome": "None", "interestIncome": "None", "interestExpense": "0", "nonInterestIncome": "None", "otherNonOperatingIncome": "None", "depreciation": "None", "depreciationAndAmortization": "220956000", "incomeBeforeTax": "480237000", "incomeTaxExpense": "136402000", "interestAndDebtExpense": "None", "netIncomeFromContinuingOperations": "None", "comprehensiveIncomeNetOfTax": "None", "ebit": "478748000", "ebitda": "699704000", "netIncome": "388757000"}], "quarterlyReports": [{"fiscalDateEnding": "2024-12-31", "reportedCurrency": "USD", "grossProfit": "537100000", "totalRevenue": "1853600000", "costOfRevenue": "1316500000", "costofGoodsAndServicesSold": "1316500000", "operatingIncome": "401000000", "sellingGeneralAndAdministrative": "138100000", "researchAndDevelopment": "None", "operatingExpenses": "136200000", "investmentIncomeNet": "None", "netInterestIncome": "-52600000", "interestIncome": "None", "interestExpense": "73500000", "nonInterestIncome": "None", "otherNonOperatingIncome": "None", "depreciation": "None", "depreciationAndAmortization": "149100000", "incomeBeforeTax": "339000000", "incomeTaxExpense": "42900000", "interestAndDebtExpense": "None", "netIncomeFromContinuingOperations": "296100000", "comprehensiveIncomeNetOfTax": "None", "ebit": "412500000", "ebitda": "561600000", "netIncome": "293700000"}, {"fiscalDateEnding": "2024-09-30", "reportedCurrency": "USD", "grossProfit": "565200000", "totalRevenue": "2003900000", "costOfRevenue": "1438700000", "costofGoodsAndServicesSold": "1438700000", "operatingIncome": "337100000", "sellingGeneralAndAdministrative": "129100000", "researchAndDevelopment": "None", "operatingExpenses": "228100000", "investmentIncomeNet": "None", "netInterestIncome": "-38400000", "interestIncome": "None", "interestExpense": "38400000", "nonInterestIncome": "None", "otherNonOperatingIncome": "None", "depreciation": "None", "depreciationAndAmortization": "160700000", "incomeBeforeTax": "294900000", "incomeTaxExpense": "85200000", "interestAndDebtExpense": "None", "netIncomeFromContinuingOperations": "209700000", "comprehensiveIncomeNetOfTax": "None", "ebit": "332700000", "ebitda": "493400000", "netIncome": "207600000"}, {"fiscalDateEnding": "2024-06-30", "reportedCurrency": "USD", "grossProfit": "592200000", "totalRevenue": "2014400000", "costOfRevenue": "1422200000", "costofGoodsAndServicesSold": "1422200000", "operatingIncome": "458900000", "sellingGeneralAndAdministrative": "134100000", "researchAndDevelopment": "None", "operatingExpenses": "133300000", "investmentIncomeNet": "None", "netInterestIncome": "-40200000", "interestIncome": "None", "interestExpense": "40200000", "nonInterestIncome": "None", "otherNonOperatingIncome": "None", "depreciation": "None", "depreciationAndAmortization": "156800000", "incomeBeforeTax": "404700000", "incomeTaxExpense": "94400000", "interestAndDebtExpense": "None", "netIncomeFromContinuingOperations": "310300000", "comprehensiveIncomeNetOfTax": "None", "ebit": "448100000", "ebitda": "604900000", "netIncome": "308000000"}, {"fiscalDateEnding": "2024-03-31", "reportedCurrency": "USD", "grossProfit": "304900000", "totalRevenue": "1545700000", "costOfRevenue": "1240800000", "costofGoodsAndServicesSold": "1240800000", "operatingIncome": "175300000", "sellingGeneralAndAdministrative": "129700000", "researchAndDevelopment": "None", "operatingExpenses": "129600000", "investmentIncomeNet": "None", "netInterestIncome": "-39100000", "interestIncome": "None", "interestExpense": "39100000", "nonInterestIncome": "None", "otherNonOperatingIncome": "None", "depreciation": "None", "depreciationAndAmortization": "150900000", "incomeBeforeTax": "133500000", "incomeTaxExpense": "28900000", "interestAndDebtExpense": "None", "netIncomeFromContinuingOperations": "104600000", "comprehensiveIncomeNetOfTax": "None", "ebit": "170600000", "ebitda": "321500000", "netIncome": "102700000"}, {"fiscalDateEnding": "2023-12-31", "reportedCurrency": "USD", "grossProfit": "472200000", "totalRevenue": "1834300000", "costOfRevenue": "1362100000", "costofGoodsAndServicesSold": "1362100000", "operatingIncome": "329800000", "sellingGeneralAndAdministrative": "142400000", "researchAndDevelopment": "None", "operatingExpenses": "142400000", "investmentIncomeNet": "None", "netInterestIncome": "-37400000", "interestIncome": "None", "interestExpense": "37400000", "nonInterestIncome": "None", "otherNonOperatingIncome": "None", "depreciation": "None", "depreciationAndAmortization": "152500000", "incomeBeforeTax": "335300000", "incomeTaxExpense": "105000000", "interestAndDebtExpense": "None", "netIncomeFromContinuingOperations": "230300000", "comprehensiveIncomeNetOfTax": "None", "ebit": "372200000", "ebitda": "524700000", "netIncome": "227400000"}, {"fiscalDateEnding": "2023-09-30", "reportedCurrency": "USD", "grossProfit": "591000000", "totalRevenue": "2185800000", "costOfRevenue": "1594800000", "costofGoodsAndServicesSold": "1594800000", "operatingIncome": "418900000", "sellingGeneralAndAdministrative": "143900000", "researchAndDevelopment": "None", "operatingExpenses": "148100000", "investmentIncomeNet": "None", "netInterestIncome": "-46600000", "interestIncome": "46600000", "interestExpense": "46600000", "nonInterestIncome": "None", "otherNonOperatingIncome": "None", "depreciation": "None", "depreciationAndAmortization": "174500000", "incomeBeforeTax": "365900000", "incomeTaxExpense": "85800000", "interestAndDebtExpense": "None", "netIncomeFromContinuingOperations": "280100000", "comprehensiveIncomeNetOfTax": "None", "ebit": "412000000", "ebitda": "586500000", "netIncome": "276500000"}, {"fiscalDateEnding": "2023-06-30", "reportedCurrency": "USD", "grossProfit": "583300000", "totalRevenue": "2112900000", "costOfRevenue": "1529600000", "costofGoodsAndServicesSold": "1529600000", "operatingIncome": "451100000", "sellingGeneralAndAdministrative": "139100000", "researchAndDevelopment": "None", "operatingExpenses": "148900000", "investmentIncomeNet": "None", "netInterestIncome": "-46700000", "interestIncome": "46700000", "interestExpense": "46700000", "nonInterestIncome": "None", "otherNonOperatingIncome": "-100000", "depreciation": "None", "depreciationAndAmortization": "168600000", "incomeBeforeTax": "404300000", "incomeTaxExpense": "92000000", "interestAndDebtExpense": "None", "netIncomeFromContinuingOperations": "312300000", "comprehensiveIncomeNetOfTax": "None", "ebit": "450500000", "ebitda": "619100000", "netIncome": "308600000"}, {"fiscalDateEnding": "2023-03-31", "reportedCurrency": "USD", "grossProfit": "302000000", "totalRevenue": "1649000000", "costOfRevenue": "1347000000", "costofGoodsAndServicesSold": "1347000000", "operatingIncome": "187200000", "sellingGeneralAndAdministrative": "117300000", "researchAndDevelopment": "None", "operatingExpenses": "116500000", "investmentIncomeNet": "None", "netInterestIncome": "-49000000", "interestIncome": "49000000", "interestExpense": "49000000", "nonInterestIncome": "None", "otherNonOperatingIncome": "1400000", "depreciation": "None", "depreciationAndAmortization": "162000000", "incomeBeforeTax": "139600000", "incomeTaxExpense": "16600000", "interestAndDebtExpense": "None", "netIncomeFromContinuingOperations": "123000000", "comprehensiveIncomeNetOfTax": "None", "ebit": "188100000", "ebitda": "350100000", "netIncome": "120700000"}, {"fiscalDateEnding": "2022-12-31", "reportedCurrency": "USD", "grossProfit": "349900000", "totalRevenue": "1731900000", "costOfRevenue": "1382000000", "costofGoodsAndServicesSold": "1382000000", "operatingIncome": "191500000", "sellingGeneralAndAdministrative": "126400000", "researchAndDevelopment": "None", "operatingExpenses": "140600000", "investmentIncomeNet": "None", "netInterestIncome": "-47600000", "interestIncome": "47600000", "interestExpense": "47600000", "nonInterestIncome": "None", "otherNonOperatingIncome": "7800000", "depreciation": "None", "depreciationAndAmortization": "166200000", "incomeBeforeTax": "150800000", "incomeTaxExpense": "28500000", "interestAndDebtExpense": "None", "netIncomeFromContinuingOperations": "122300000", "comprehensiveIncomeNetOfTax": "None", "ebit": "198400000", "ebitda": "364600000", "netIncome": "119400000"}, {"fiscalDateEnding": "2022-09-30", "reportedCurrency": "USD", "grossProfit": "492900000", "totalRevenue": "2088300000", "costOfRevenue": "1595400000", "costofGoodsAndServicesSold": "1595400000", "operatingIncome": "305400000", "sellingGeneralAndAdministrative": "135300000", "researchAndDevelopment": "None", "operatingExpenses": "143500000", "investmentIncomeNet": "None", "netInterestIncome": "-46100000", "interestIncome": "46100000", "interestExpense": "46100000", "nonInterestIncome": "None", "otherNonOperatingIncome": "1300000", "depreciation": "None", "depreciationAndAmortization": "166300000", "incomeBeforeTax": "260600000", "incomeTaxExpense": "82300000", "interestAndDebtExpense": "None", "netIncomeFromContinuingOperations": "178300000", "comprehensiveIncomeNetOfTax": "None", "ebit": "306200000", "ebitda": "472500000", "netIncome": "177100000"}, {"fiscalDateEnding": "2022-06-30", "reportedCurrency": "USD", "grossProfit": "446200000", "totalRevenue": "1954300000", "costOfRevenue": "1508100000", "costofGoodsAndServicesSold": "1508100000", "operatingIncome": "307600000", "sellingGeneralAndAdministrative": "134400000", "researchAndDevelopment": "None", "operatingExpenses": "140600000", "investmentIncomeNet": "None", "netInterestIncome": "-38700000", "interestIncome": "38700000", "interestExpense": "38700000", "nonInterestIncome": "None", "otherNonOperatingIncome": "-4700000", "depreciation": "None", "depreciationAndAmortization": "157900000", "incomeBeforeTax": "264200000", "incomeTaxExpense": "63700000", "interestAndDebtExpense": "None", "netIncomeFromContinuingOperations": "200500000", "comprehensiveIncomeNetOfTax": "None", "ebit": "302400000", "ebitda": "460300000", "netIncome": "187300000"}, {"fiscalDateEnding": "2022-03-31", "reportedCurrency": "USD", "grossProfit": "268800000", "totalRevenue": "1540700000", "costOfRevenue": "1271900000", "costofGoodsAndServicesSold": "1271900000", "operatingIncome": "147000000", "sellingGeneralAndAdministrative": "124400000", "researchAndDevelopment": "None", "operatingExpenses": "124400000", "investmentIncomeNet": "None", "netInterestIncome": "-35900000", "interestIncome": "35900000", "interestExpense": "35900000", "nonInterestIncome": "None", "otherNonOperatingIncome": "1500000", "depreciation": "None", "depreciationAndAmortization": "157400000", "incomeBeforeTax": "112600000", "incomeTaxExpense": "18700000", "interestAndDebtExpense": "None", "netIncomeFromContinuingOperations": "93900000", "comprehensiveIncomeNetOfTax": "None", "ebit": "148000000", "ebitda": "305400000", "netIncome": "91800000"}, {"fiscalDateEnding": "2021-12-31", "reportedCurrency": "USD", "grossProfit": "351700000", "totalRevenue": "1606300000", "costOfRevenue": "1254600000", "costofGoodsAndServicesSold": "1254600000", "operatingIncome": "211300000", "sellingGeneralAndAdministrative": "124600000", "researchAndDevelopment": "None", "operatingExpenses": "140200000", "investmentIncomeNet": "None", "netInterestIncome": "-36100000", "interestIncome": "36100000", "interestExpense": "36100000", "nonInterestIncome": "None", "otherNonOperatingIncome": "-4988000", "depreciation": "None", "depreciationAndAmortization": "158303000", "incomeBeforeTax": "168700000", "incomeTaxExpense": "30400000", "interestAndDebtExpense": "None", "netIncomeFromContinuingOperations": "138300000", "comprehensiveIncomeNetOfTax": "None", "ebit": "204261000", "ebitda": "362564000", "netIncome": "138081000"}, {"fiscalDateEnding": "2021-09-30", "reportedCurrency": "USD", "grossProfit": "394061000", "totalRevenue": "1516506000", "costOfRevenue": "1122445000", "costofGoodsAndServicesSold": "1122445000", "operatingIncome": "262366000", "sellingGeneralAndAdministrative": "134635000", "researchAndDevelopment": "None", "operatingExpenses": "134635000", "investmentIncomeNet": "None", "netInterestIncome": "-36776000", "interestIncome": "36776000", "interestExpense": "36776000", "nonInterestIncome": "None", "otherNonOperatingIncome": "3152000", "depreciation": "None", "depreciationAndAmortization": "129347000", "incomeBeforeTax": "228742000", "incomeTaxExpense": "51770000", "interestAndDebtExpense": "None", "netIncomeFromContinuingOperations": "176972000", "comprehensiveIncomeNetOfTax": "None", "ebit": "265025000", "ebitda": "394372000", "netIncome": "176900000"}, {"fiscalDateEnding": "2021-06-30", "reportedCurrency": "USD", "grossProfit": "398364000", "totalRevenue": "1361047000", "costOfRevenue": "962683000", "costofGoodsAndServicesSold": "962683000", "operatingIncome": "287536000", "sellingGeneralAndAdministrative": "100667000", "researchAndDevelopment": "None", "operatingExpenses": "111039000", "investmentIncomeNet": "None", "netInterestIncome": "-41696000", "interestIncome": "41696000", "interestExpense": "41696000", "nonInterestIncome": "None", "otherNonOperatingIncome": "8223000", "depreciation": "None", "depreciationAndAmortization": "113446000", "incomeBeforeTax": "254063000", "incomeTaxExpense": "57283000", "interestAndDebtExpense": "None", "netIncomeFromContinuingOperations": "196780000", "comprehensiveIncomeNetOfTax": "None", "ebit": "295272000", "ebitda": "408718000", "netIncome": "195300000"}, {"fiscalDateEnding": "2021-03-31", "reportedCurrency": "USD", "grossProfit": "229267000", "totalRevenue": "1068344000", "costOfRevenue": "839077000", "costofGoodsAndServicesSold": "839077000", "operatingIncome": "249513000", "sellingGeneralAndAdministrative": "96919000", "researchAndDevelopment": "None", "operatingExpenses": "96919000", "investmentIncomeNet": "None", "netInterestIncome": "-33118000", "interestIncome": "33118000", "interestExpense": "33118000", "nonInterestIncome": "None", "otherNonOperatingIncome": "5913000", "depreciation": "None", "depreciationAndAmortization": "110896000", "incomeBeforeTax": "222308000", "incomeTaxExpense": "60638000", "interestAndDebtExpense": "None", "netIncomeFromContinuingOperations": "161670000", "comprehensiveIncomeNetOfTax": "None", "ebit": "254944000", "ebitda": "365840000", "netIncome": "160600000"}, {"fiscalDateEnding": "2020-12-31", "reportedCurrency": "USD", "grossProfit": "302741000", "totalRevenue": "1175120000", "costOfRevenue": "872379000", "costofGoodsAndServicesSold": "872379000", "operatingIncome": "196429000", "sellingGeneralAndAdministrative": "98626000", "researchAndDevelopment": "None", "operatingExpenses": "107993000", "investmentIncomeNet": "None", "netInterestIncome": "-33884000", "interestIncome": "33884000", "interestExpense": "33884000", "nonInterestIncome": "None", "otherNonOperatingIncome": "-19791000", "depreciation": "None", "depreciationAndAmortization": "100894000", "incomeBeforeTax": "141188000", "incomeTaxExpense": "25273000", "interestAndDebtExpense": "None", "netIncomeFromContinuingOperations": "115915000", "comprehensiveIncomeNetOfTax": "None", "ebit": "176639000", "ebitda": "277533000", "netIncome": "114518000"}, {"fiscalDateEnding": "2020-09-30", "reportedCurrency": "USD", "grossProfit": "380498000", "totalRevenue": "1309890000", "costOfRevenue": "929392000", "costofGoodsAndServicesSold": "929392000", "operatingIncome": "288104000", "sellingGeneralAndAdministrative": "83511000", "researchAndDevelopment": "None", "operatingExpenses": "93970000", "investmentIncomeNet": "None", "netInterestIncome": "-35782000", "interestIncome": "35782000", "interestExpense": "35782000", "nonInterestIncome": "None", "otherNonOperatingIncome": "5787000", "depreciation": "None", "depreciationAndAmortization": "100961000", "incomeBeforeTax": "258109000", "incomeTaxExpense": "56984000", "interestAndDebtExpense": "None", "netIncomeFromContinuingOperations": "201125000", "comprehensiveIncomeNetOfTax": "None", "ebit": "296307000", "ebitda": "397268000", "netIncome": "199788000"}, {"fiscalDateEnding": "2020-06-30", "reportedCurrency": "USD", "grossProfit": "396519000", "totalRevenue": "1322575000", "costOfRevenue": "926056000", "costofGoodsAndServicesSold": "926056000", "operatingIncome": "298896000", "sellingGeneralAndAdministrative": "91205000", "researchAndDevelopment": "None", "operatingExpenses": "97365000", "investmentIncomeNet": "None", "netInterestIncome": "-33954000", "interestIncome": "33954000", "interestExpense": "33954000", "nonInterestIncome": "None", "otherNonOperatingIncome": "7367000", "depreciation": "None", "depreciationAndAmortization": "99471000", "incomeBeforeTax": "272309000", "incomeTaxExpense": "61352000", "interestAndDebtExpense": "None", "netIncomeFromContinuingOperations": "210957000", "comprehensiveIncomeNetOfTax": "None", "ebit": "299060000", "ebitda": "398531000", "netIncome": "209916000"}, {"fiscalDateEnding": "2020-03-31", "reportedCurrency": "USD", "grossProfit": "201723000", "totalRevenue": "1049242000", "costOfRevenue": "847519000", "costofGoodsAndServicesSold": "847519000", "operatingIncome": "112301000", "sellingGeneralAndAdministrative": "86430000", "researchAndDevelopment": "None", "operatingExpenses": "90421000", "investmentIncomeNet": "None", "netInterestIncome": "-30773000", "interestIncome": "30773000", "interestExpense": "30773000", "nonInterestIncome": "None", "otherNonOperatingIncome": "-9336000", "depreciation": "None", "depreciationAndAmortization": "95480000", "incomeBeforeTax": "72192000", "incomeTaxExpense": "12194000", "interestAndDebtExpense": "None", "netIncomeFromContinuingOperations": "59998000", "comprehensiveIncomeNetOfTax": "None", "ebit": "111608000", "ebitda": "207088000", "netIncome": "60258000"}, {"fiscalDateEnding": "2019-12-31", "reportedCurrency": "USD", "grossProfit": "293081000", "totalRevenue": "1186152000", "costOfRevenue": "893071000", "costofGoodsAndServicesSold": "893071000", "operatingIncome": "193576000", "sellingGeneralAndAdministrative": "95801000", "researchAndDevelopment": "None", "operatingExpenses": "112275000", "investmentIncomeNet": "None", "netInterestIncome": "-30835000", "interestIncome": "30835000", "interestExpense": "30835000", "nonInterestIncome": "None", "otherNonOperatingIncome": "4444000", "depreciation": "None", "depreciationAndAmortization": "95671000", "incomeBeforeTax": "166030000", "incomeTaxExpense": "23434000", "interestAndDebtExpense": "None", "netIncomeFromContinuingOperations": "142595000", "comprehensiveIncomeNetOfTax": "None", "ebit": "198020000", "ebitda": "293691000", "netIncome": "141093000"}, {"fiscalDateEnding": "2019-09-30", "reportedCurrency": "USD", "grossProfit": "400643000", "totalRevenue": "1418758000", "costOfRevenue": "1018115000", "costofGoodsAndServicesSold": "1018115000", "operatingIncome": "303376000", "sellingGeneralAndAdministrative": "88789000", "researchAndDevelopment": "None", "operatingExpenses": "97501000", "investmentIncomeNet": "None", "netInterestIncome": "-32197000", "interestIncome": "32197000", "interestExpense": "32197000", "nonInterestIncome": "None", "otherNonOperatingIncome": "359000", "depreciation": "None", "depreciationAndAmortization": "96248000", "incomeBeforeTax": "271538000", "incomeTaxExpense": "53472000", "interestAndDebtExpense": "None", "netIncomeFromContinuingOperations": "218066000", "comprehensiveIncomeNetOfTax": "None", "ebit": "303735000", "ebitda": "399983000", "netIncome": "215713000"}, {"fiscalDateEnding": "2019-06-30", "reportedCurrency": "USD", "grossProfit": "370502000", "totalRevenue": "1327682000", "costOfRevenue": "957180000", "costofGoodsAndServicesSold": "957180000", "operatingIncome": "276074000", "sellingGeneralAndAdministrative": "95689000", "researchAndDevelopment": "None", "operatingExpenses": "97879000", "investmentIncomeNet": "None", "netInterestIncome": "-33035000", "interestIncome": "33035000", "interestExpense": "33035000", "nonInterestIncome": "None", "otherNonOperatingIncome": "2466000", "depreciation": "None", "depreciationAndAmortization": "93496000", "incomeBeforeTax": "245505000", "incomeTaxExpense": "47598000", "interestAndDebtExpense": "None", "netIncomeFromContinuingOperations": "197907000", "comprehensiveIncomeNetOfTax": "None", "ebit": "275089000", "ebitda": "368585000", "netIncome": "197558000"}, {"fiscalDateEnding": "2019-03-31", "reportedCurrency": "USD", "grossProfit": "191675000", "totalRevenue": "996511000", "costOfRevenue": "804836000", "costofGoodsAndServicesSold": "804836000", "operatingIncome": "104433000", "sellingGeneralAndAdministrative": "90268000", "researchAndDevelopment": "None", "operatingExpenses": "94539000", "investmentIncomeNet": "None", "netInterestIncome": "-32934000", "interestIncome": "32934000", "interestExpense": "32934000", "nonInterestIncome": "None", "otherNonOperatingIncome": "3129000", "depreciation": "None", "depreciationAndAmortization": "89181000", "incomeBeforeTax": "74628000", "incomeTaxExpense": "10693000", "interestAndDebtExpense": "None", "netIncomeFromContinuingOperations": "63935000", "comprehensiveIncomeNetOfTax": "None", "ebit": "107487000", "ebitda": "196668000", "netIncome": "63299000"}, {"fiscalDateEnding": "2018-12-31", "reportedCurrency": "USD", "grossProfit": "275284000", "totalRevenue": "1088047000", "costOfRevenue": "812763000", "costofGoodsAndServicesSold": "812763000", "operatingIncome": "186489000", "sellingGeneralAndAdministrative": "84382000", "researchAndDevelopment": "0", "operatingExpenses": "95365000", "investmentIncomeNet": "None", "netInterestIncome": "None", "interestIncome": "None", "interestExpense": "32857000", "nonInterestIncome": "None", "otherNonOperatingIncome": "242000", "depreciation": "None", "depreciationAndAmortization": "89783000", "incomeBeforeTax": "153924000", "incomeTaxExpense": "29645000", "interestAndDebtExpense": "None", "netIncomeFromContinuingOperations": "124280000", "comprehensiveIncomeNetOfTax": "None", "ebit": "189743000", "ebitda": "279526000", "netIncome": "124022000"}, {"fiscalDateEnding": "2018-09-30", "reportedCurrency": "USD", "grossProfit": "343142000", "totalRevenue": "1240197000", "costOfRevenue": "897055000", "costofGoodsAndServicesSold": "897055000", "operatingIncome": "249184000", "sellingGeneralAndAdministrative": "81606000", "researchAndDevelopment": "0", "operatingExpenses": "96062000", "investmentIncomeNet": "None", "netInterestIncome": "None", "interestIncome": "None", "interestExpense": "33547000", "nonInterestIncome": "None", "otherNonOperatingIncome": "4890000", "depreciation": "None", "depreciationAndAmortization": "89391000", "incomeBeforeTax": "220527000", "incomeTaxExpense": "40663000", "interestAndDebtExpense": "None", "netIncomeFromContinuingOperations": "179864000", "comprehensiveIncomeNetOfTax": "None", "ebit": "255503000", "ebitda": "344894000", "netIncome": "179151000"}, {"fiscalDateEnding": "2018-06-30", "reportedCurrency": "USD", "grossProfit": "323184000", "totalRevenue": "1200151000", "costOfRevenue": "876967000", "costofGoodsAndServicesSold": "876967000", "operatingIncome": "230253000", "sellingGeneralAndAdministrative": "89043000", "researchAndDevelopment": "0", "operatingExpenses": "95037000", "investmentIncomeNet": "None", "netInterestIncome": "None", "interestIncome": "None", "interestExpense": "33244000", "nonInterestIncome": "None", "otherNonOperatingIncome": "3339000", "depreciation": "None", "depreciationAndAmortization": "85633000", "incomeBeforeTax": "200348000", "incomeTaxExpense": "40046000", "interestAndDebtExpense": "None", "netIncomeFromContinuingOperations": "160302000", "comprehensiveIncomeNetOfTax": "None", "ebit": "232270000", "ebitda": "317903000", "netIncome": "159652000"}, {"fiscalDateEnding": "2018-03-31", "reportedCurrency": "USD", "grossProfit": "159334000", "totalRevenue": "854474000", "costOfRevenue": "695140000", "costofGoodsAndServicesSold": "695140000", "operatingIncome": "81183000", "sellingGeneralAndAdministrative": "78340000", "researchAndDevelopment": "0", "operatingExpenses": "82315000", "investmentIncomeNet": "None", "netInterestIncome": "None", "interestIncome": "None", "interestExpense": "37774000", "nonInterestIncome": "None", "otherNonOperatingIncome": "5083000", "depreciation": "None", "depreciationAndAmortization": "81439000", "incomeBeforeTax": "48492000", "incomeTaxExpense": "-4903000", "interestAndDebtExpense": "None", "netIncomeFromContinuingOperations": "53395000", "comprehensiveIncomeNetOfTax": "None", "ebit": "78555000", "ebitda": "159994000", "netIncome": "52979000"}, {"fiscalDateEnding": "2017-12-31", "reportedCurrency": "USD", "grossProfit": "243291000", "totalRevenue": "977490000", "costOfRevenue": "734199000", "costofGoodsAndServicesSold": "734199000", "operatingIncome": "151234000", "sellingGeneralAndAdministrative": "85655000", "researchAndDevelopment": "0", "operatingExpenses": "105254000", "investmentIncomeNet": "None", "netInterestIncome": "None", "interestIncome": "None", "interestExpense": "136513000", "nonInterestIncome": "None", "otherNonOperatingIncome": "4053000", "depreciation": "None", "depreciationAndAmortization": "77991000", "incomeBeforeTax": "14337000", "incomeTaxExpense": "-313632000", "interestAndDebtExpense": "None", "netIncomeFromContinuingOperations": "327969000", "comprehensiveIncomeNetOfTax": "None", "ebit": "150850000", "ebitda": "228841000", "netIncome": "327546000"}, {"fiscalDateEnding": "2017-09-30", "reportedCurrency": "USD", "grossProfit": "305516000", "totalRevenue": "1094715000", "costOfRevenue": "789199000", "costofGoodsAndServicesSold": "789199000", "operatingIncome": "229487000", "sellingGeneralAndAdministrative": "73350000", "researchAndDevelopment": "0", "operatingExpenses": "77517000", "investmentIncomeNet": "None", "netInterestIncome": "None", "interestIncome": "None", "interestExpense": "82041000", "nonInterestIncome": "None", "otherNonOperatingIncome": "1784000", "depreciation": "None", "depreciationAndAmortization": "79635000", "incomeBeforeTax": "149230000", "incomeTaxExpense": "39080000", "interestAndDebtExpense": "None", "netIncomeFromContinuingOperations": "110150000", "comprehensiveIncomeNetOfTax": "None", "ebit": "228911000", "ebitda": "308546000", "netIncome": "108579000"}, {"fiscalDateEnding": "2017-06-30", "reportedCurrency": "USD", "grossProfit": "291775000", "totalRevenue": "1030763000", "costOfRevenue": "738988000", "costofGoodsAndServicesSold": "738988000", "operatingIncome": "193987000", "sellingGeneralAndAdministrative": "82793000", "researchAndDevelopment": "0", "operatingExpenses": "100561000", "investmentIncomeNet": "None", "netInterestIncome": "None", "interestIncome": "None", "interestExpense": "38455000", "nonInterestIncome": "None", "otherNonOperatingIncome": "1869000", "depreciation": "None", "depreciationAndAmortization": "76776000", "incomeBeforeTax": "157401000", "incomeTaxExpense": "45652000", "interestAndDebtExpense": "None", "netIncomeFromContinuingOperations": "111749000", "comprehensiveIncomeNetOfTax": "None", "ebit": "206214000", "ebitda": "282990000", "netIncome": "120139000"}, {"fiscalDateEnding": "2017-03-31", "reportedCurrency": "USD", "grossProfit": "159979000", "totalRevenue": "787328000", "costOfRevenue": "627349000", "costofGoodsAndServicesSold": "627349000", "operatingIncome": "72400000", "sellingGeneralAndAdministrative": "82120000", "researchAndDevelopment": "0", "operatingExpenses": "87948000", "investmentIncomeNet": "None", "netInterestIncome": "None", "interestIncome": "None", "interestExpense": "34076000", "nonInterestIncome": "None", "otherNonOperatingIncome": "2024000", "depreciation": "None", "depreciationAndAmortization": "71563000", "incomeBeforeTax": "40348000", "incomeTaxExpense": "-3175000", "interestAndDebtExpense": "None", "netIncomeFromContinuingOperations": "43523000", "comprehensiveIncomeNetOfTax": "None", "ebit": "73931000", "ebitda": "145494000", "netIncome": "44921000"}, {"fiscalDateEnding": "2016-12-31", "reportedCurrency": "USD", "grossProfit": "239705000", "totalRevenue": "872975000", "costOfRevenue": "633270000", "costofGoodsAndServicesSold": "633270000", "operatingIncome": "173799000", "sellingGeneralAndAdministrative": "79526000", "researchAndDevelopment": "0", "operatingExpenses": "78404000", "investmentIncomeNet": "None", "netInterestIncome": "None", "interestIncome": "None", "interestExpense": "33077000", "nonInterestIncome": "None", "otherNonOperatingIncome": "1426000", "depreciation": "None", "depreciationAndAmortization": "60519000", "incomeBeforeTax": "141341000", "incomeTaxExpense": "33276000", "interestAndDebtExpense": "None", "netIncomeFromContinuingOperations": "132515000", "comprehensiveIncomeNetOfTax": "None", "ebit": "175225000", "ebitda": "235744000", "netIncome": "137052000"}, {"fiscalDateEnding": "2016-09-30", "reportedCurrency": "USD", "grossProfit": "304209000", "totalRevenue": "1008140000", "costOfRevenue": "703931000", "costofGoodsAndServicesSold": "703931000", "operatingIncome": "227076000", "sellingGeneralAndAdministrative": "76311000", "researchAndDevelopment": "0", "operatingExpenses": "79846000", "investmentIncomeNet": "None", "netInterestIncome": "None", "interestIncome": "None", "interestExpense": "33126000", "nonInterestIncome": "None", "otherNonOperatingIncome": "990000", "depreciation": "None", "depreciationAndAmortization": "72048000", "incomeBeforeTax": "194940000", "incomeTaxExpense": "52062000", "interestAndDebtExpense": "None", "netIncomeFromContinuingOperations": "142878000", "comprehensiveIncomeNetOfTax": "None", "ebit": "224363000", "ebitda": "296411000", "netIncome": "142024000"}, {"fiscalDateEnding": "2016-06-30", "reportedCurrency": "USD", "grossProfit": "292184000", "totalRevenue": "956825000", "costOfRevenue": "664641000", "costofGoodsAndServicesSold": "664641000", "operatingIncome": "213786000", "sellingGeneralAndAdministrative": "82681000", "researchAndDevelopment": "0", "operatingExpenses": "88856000", "investmentIncomeNet": "None", "netInterestIncome": "None", "interestIncome": "None", "interestExpense": "33333000", "nonInterestIncome": "None", "otherNonOperatingIncome": "29000", "depreciation": "None", "depreciationAndAmortization": "71908000", "incomeBeforeTax": "180482000", "incomeTaxExpense": "54200000", "interestAndDebtExpense": "None", "netIncomeFromContinuingOperations": "126282000", "comprehensiveIncomeNetOfTax": "None", "ebit": "203328000", "ebitda": "275236000", "netIncome": "124709000"}, {"fiscalDateEnding": "2016-03-31", "reportedCurrency": "USD", "grossProfit": "164718000", "totalRevenue": "754728000", "costOfRevenue": "590010000", "costofGoodsAndServicesSold": "590010000", "operatingIncome": "64921000", "sellingGeneralAndAdministrative": "76468000", "researchAndDevelopment": "0", "operatingExpenses": "90386000", "investmentIncomeNet": "None", "netInterestIncome": "None", "interestIncome": "None", "interestExpense": "33732000", "nonInterestIncome": "None", "otherNonOperatingIncome": "-694000", "depreciation": "None", "depreciationAndAmortization": "69406000", "incomeBeforeTax": "30495000", "incomeTaxExpense": "9764000", "interestAndDebtExpense": "None", "netIncomeFromContinuingOperations": "20731000", "comprehensiveIncomeNetOfTax": "None", "ebit": "75912000", "ebitda": "145318000", "netIncome": "18924000"}, {"fiscalDateEnding": "2015-12-31", "reportedCurrency": "USD", "grossProfit": "253930000", "totalRevenue": "857285000", "costOfRevenue": "603355000", "costofGoodsAndServicesSold": "603355000", "operatingIncome": "173037000", "sellingGeneralAndAdministrative": "79494000", "researchAndDevelopment": "0", "operatingExpenses": "82955000", "investmentIncomeNet": "None", "netInterestIncome": "None", "interestIncome": "None", "interestExpense": "36312000", "nonInterestIncome": "None", "otherNonOperatingIncome": "945000", "depreciation": "None", "depreciationAndAmortization": "70053000", "incomeBeforeTax": "137325000", "incomeTaxExpense": "43766000", "interestAndDebtExpense": "None", "netIncomeFromContinuingOperations": "93560000", "comprehensiveIncomeNetOfTax": "None", "ebit": "172388000", "ebitda": "242441000", "netIncome": "88888000"}, {"fiscalDateEnding": "2015-09-30", "reportedCurrency": "USD", "grossProfit": "291290000", "totalRevenue": "1038460000", "costOfRevenue": "747170000", "costofGoodsAndServicesSold": "747170000", "operatingIncome": "212206000", "sellingGeneralAndAdministrative": "71390000", "researchAndDevelopment": "0", "operatingExpenses": "79435000", "investmentIncomeNet": "None", "netInterestIncome": "None", "interestIncome": "None", "interestExpense": "37800000", "nonInterestIncome": "None", "otherNonOperatingIncome": "-2818000", "depreciation": "None", "depreciationAndAmortization": "69662000", "incomeBeforeTax": "171588000", "incomeTaxExpense": "45386000", "interestAndDebtExpense": "None", "netIncomeFromContinuingOperations": "126202000", "comprehensiveIncomeNetOfTax": "None", "ebit": "211855000", "ebitda": "281517000", "netIncome": "123805000"}, {"fiscalDateEnding": "2015-06-30", "reportedCurrency": "USD", "grossProfit": "234449000", "totalRevenue": "895143000", "costOfRevenue": "660694000", "costofGoodsAndServicesSold": "660694000", "operatingIncome": "153776000", "sellingGeneralAndAdministrative": "69197000", "researchAndDevelopment": "0", "operatingExpenses": "79642000", "investmentIncomeNet": "None", "netInterestIncome": "None", "interestIncome": "None", "interestExpense": "83651000", "nonInterestIncome": "None", "otherNonOperatingIncome": "-439000", "depreciation": "None", "depreciationAndAmortization": "68385000", "incomeBeforeTax": "69686000", "incomeTaxExpense": "19867000", "interestAndDebtExpense": "None", "netIncomeFromContinuingOperations": "49819000", "comprehensiveIncomeNetOfTax": "None", "ebit": "159997000", "ebitda": "228382000", "netIncome": "48162000"}, {"fiscalDateEnding": "2015-03-31", "reportedCurrency": "USD", "grossProfit": "77865000", "totalRevenue": "631293000", "costOfRevenue": "553428000", "costofGoodsAndServicesSold": "553428000", "operatingIncome": "10759000", "sellingGeneralAndAdministrative": "66763000", "researchAndDevelopment": "0", "operatingExpenses": "70663000", "investmentIncomeNet": "None", "netInterestIncome": "None", "interestIncome": "None", "interestExpense": "62480000", "nonInterestIncome": "None", "otherNonOperatingIncome": "979000", "depreciation": "None", "depreciationAndAmortization": "66723000", "incomeBeforeTax": "-50742000", "incomeTaxExpense": "-14075000", "interestAndDebtExpense": "None", "netIncomeFromContinuingOperations": "-36667000", "comprehensiveIncomeNetOfTax": "None", "ebit": "7202000", "ebitda": "73925000", "netIncome": "-39678000"}, {"fiscalDateEnding": "2014-12-31", "reportedCurrency": "USD", "grossProfit": "169659000", "totalRevenue": "755026000", "costOfRevenue": "585367000", "costofGoodsAndServicesSold": "585367000", "operatingIncome": "99890000", "sellingGeneralAndAdministrative": "72480000", "researchAndDevelopment": "0", "operatingExpenses": "74906000", "investmentIncomeNet": "None", "netInterestIncome": "None", "interestIncome": "None", "interestExpense": "40876000", "nonInterestIncome": "None", "otherNonOperatingIncome": "37000", "depreciation": "None", "depreciationAndAmortization": "70639000", "incomeBeforeTax": "58093000", "incomeTaxExpense": "19745000", "interestAndDebtExpense": "None", "netIncomeFromContinuingOperations": "38349000", "comprehensiveIncomeNetOfTax": "None", "ebit": "95863000", "ebitda": "166502000", "netIncome": "38021000"}, {"fiscalDateEnding": "2014-09-30", "reportedCurrency": "USD", "grossProfit": "209042000", "totalRevenue": "873579000", "costOfRevenue": "664537000", "costofGoodsAndServicesSold": "664537000", "operatingIncome": "140331000", "sellingGeneralAndAdministrative": "66074000", "researchAndDevelopment": "0", "operatingExpenses": "68963000", "investmentIncomeNet": "None", "netInterestIncome": "None", "interestIncome": "None", "interestExpense": "40891000", "nonInterestIncome": "None", "otherNonOperatingIncome": "-593000", "depreciation": "None", "depreciationAndAmortization": "71156000", "incomeBeforeTax": "98847000", "incomeTaxExpense": "31066000", "interestAndDebtExpense": "None", "netIncomeFromContinuingOperations": "67781000", "comprehensiveIncomeNetOfTax": "None", "ebit": "140079000", "ebitda": "211235000", "netIncome": "66939000"}, {"fiscalDateEnding": "2014-06-30", "reportedCurrency": "USD", "grossProfit": "174788000", "totalRevenue": "791143000", "costOfRevenue": "616355000", "costofGoodsAndServicesSold": "616355000", "operatingIncome": "103246000", "sellingGeneralAndAdministrative": "67615000", "researchAndDevelopment": "0", "operatingExpenses": "72704000", "investmentIncomeNet": "None", "netInterestIncome": "None", "interestIncome": "None", "interestExpense": "40551000", "nonInterestIncome": "None", "otherNonOperatingIncome": "1798000", "depreciation": "None", "depreciationAndAmortization": "68324000", "incomeBeforeTax": "64493000", "incomeTaxExpense": "17982000", "interestAndDebtExpense": "None", "netIncomeFromContinuingOperations": "46511000", "comprehensiveIncomeNetOfTax": "None", "ebit": "102084000", "ebitda": "170408000", "netIncome": "45967000"}, {"fiscalDateEnding": "2014-03-31", "reportedCurrency": "USD", "grossProfit": "34092000", "totalRevenue": "574420000", "costOfRevenue": "540328000", "costofGoodsAndServicesSold": "540328000", "operatingIncome": "194669000", "sellingGeneralAndAdministrative": "66119000", "researchAndDevelopment": "0", "operatingExpenses": "75787000", "investmentIncomeNet": "None", "netInterestIncome": "None", "interestIncome": "None", "interestExpense": "120089000", "nonInterestIncome": "None", "otherNonOperatingIncome": "2825000", "depreciation": "None", "depreciationAndAmortization": "69378000", "incomeBeforeTax": "77405000", "incomeTaxExpense": "22900000", "interestAndDebtExpense": "None", "netIncomeFromContinuingOperations": "54505000", "comprehensiveIncomeNetOfTax": "None", "ebit": "-41695000", "ebitda": "27683000", "netIncome": "53995000"}, {"fiscalDateEnding": "2013-12-31", "reportedCurrency": "USD", "grossProfit": "117347000", "totalRevenue": "680246000", "costOfRevenue": "562899000", "costofGoodsAndServicesSold": "562899000", "operatingIncome": "53829000", "sellingGeneralAndAdministrative": "64016000", "researchAndDevelopment": "0", "operatingExpenses": "65899000", "investmentIncomeNet": "None", "netInterestIncome": "None", "interestIncome": "None", "interestExpense": "48888000", "nonInterestIncome": "None", "otherNonOperatingIncome": "3512000", "depreciation": "None", "depreciationAndAmortization": "74235000", "incomeBeforeTax": "7511000", "incomeTaxExpense": "-2585000", "interestAndDebtExpense": "None", "netIncomeFromContinuingOperations": "10097000", "comprehensiveIncomeNetOfTax": "None", "ebit": "48653000", "ebitda": "122888000", "netIncome": "9082000"}, {"fiscalDateEnding": "2013-09-30", "reportedCurrency": "USD", "grossProfit": "158983000", "totalRevenue": "813568000", "costOfRevenue": "654585000", "costofGoodsAndServicesSold": "654585000", "operatingIncome": "99767000", "sellingGeneralAndAdministrative": "65854000", "researchAndDevelopment": "0", "operatingExpenses": "68566000", "investmentIncomeNet": "None", "netInterestIncome": "None", "interestIncome": "None", "interestExpense": "49134000", "nonInterestIncome": "None", "otherNonOperatingIncome": "2310000", "depreciation": "None", "depreciationAndAmortization": "78320000", "incomeBeforeTax": "52943000", "incomeTaxExpense": "10793000", "interestAndDebtExpense": "None", "netIncomeFromContinuingOperations": "42150000", "comprehensiveIncomeNetOfTax": "None", "ebit": "102077000", "ebitda": "180397000", "netIncome": "41363000"}, {"fiscalDateEnding": "2013-06-30", "reportedCurrency": "USD", "grossProfit": "132895000", "totalRevenue": "738733000", "costOfRevenue": "605838000", "costofGoodsAndServicesSold": "605838000", "operatingIncome": "86866000", "sellingGeneralAndAdministrative": "64902000", "researchAndDevelopment": "0", "operatingExpenses": "69439000", "investmentIncomeNet": "None", "netInterestIncome": "None", "interestIncome": "None", "interestExpense": "50873000", "nonInterestIncome": "None", "otherNonOperatingIncome": "286000", "depreciation": "None", "depreciationAndAmortization": "76960000", "incomeBeforeTax": "36279000", "incomeTaxExpense": "6151000", "interestAndDebtExpense": "None", "netIncomeFromContinuingOperations": "30128000", "comprehensiveIncomeNetOfTax": "None", "ebit": "87152000", "ebitda": "164112000", "netIncome": "28772000"}, {"fiscalDateEnding": "2013-03-31", "reportedCurrency": "USD", "grossProfit": "17655000", "totalRevenue": "538162000", "costOfRevenue": "520507000", "costofGoodsAndServicesSold": "520507000", "operatingIncome": "-50058000", "sellingGeneralAndAdministrative": "64655000", "researchAndDevelopment": "0", "operatingExpenses": "70314000", "investmentIncomeNet": "None", "netInterestIncome": "None", "interestIncome": "None", "interestExpense": "52752000", "nonInterestIncome": "None", "otherNonOperatingIncome": "2373000", "depreciation": "None", "depreciationAndAmortization": "75597000", "incomeBeforeTax": "-100437000", "incomeTaxExpense": "-38818000", "interestAndDebtExpense": "None", "netIncomeFromContinuingOperations": "-61619000", "comprehensiveIncomeNetOfTax": "None", "ebit": "-52659000", "ebitda": "22938000", "netIncome": "-54836000"}, {"fiscalDateEnding": "2012-12-31", "reportedCurrency": "USD", "grossProfit": "79206000", "totalRevenue": "608431000", "costOfRevenue": "529225000", "costofGoodsAndServicesSold": "529225000", "operatingIncome": "55532000", "sellingGeneralAndAdministrative": "23542000", "researchAndDevelopment": "0", "operatingExpenses": "69902000", "investmentIncomeNet": "None", "netInterestIncome": "None", "interestIncome": "None", "interestExpense": "52928000", "nonInterestIncome": "None", "otherNonOperatingIncome": "3673000", "depreciation": "None", "depreciationAndAmortization": "70612000", "incomeBeforeTax": "5135000", "incomeTaxExpense": "647000", "interestAndDebtExpense": "None", "netIncomeFromContinuingOperations": "4488000", "comprehensiveIncomeNetOfTax": "None", "ebit": "73427000", "ebitda": "144039000", "netIncome": "3483000"}, {"fiscalDateEnding": "2012-09-30", "reportedCurrency": "USD", "grossProfit": "126923000", "totalRevenue": "728861000", "costOfRevenue": "601938000", "costofGoodsAndServicesSold": "601938000", "operatingIncome": "55866000", "sellingGeneralAndAdministrative": "66647000", "researchAndDevelopment": "0", "operatingExpenses": "66647000", "investmentIncomeNet": "None", "netInterestIncome": "None", "interestIncome": "None", "interestExpense": "53043000", "nonInterestIncome": "None", "otherNonOperatingIncome": "1806000", "depreciation": "None", "depreciationAndAmortization": "84108000", "incomeBeforeTax": "4629000", "incomeTaxExpense": "-10992000", "interestAndDebtExpense": "None", "netIncomeFromContinuingOperations": "15621000", "comprehensiveIncomeNetOfTax": "None", "ebit": "57672000", "ebitda": "141780000", "netIncome": "14260000"}, {"fiscalDateEnding": "2012-06-30", "reportedCurrency": "USD", "grossProfit": "105939000", "totalRevenue": "694136000", "costOfRevenue": "588197000", "costofGoodsAndServicesSold": "588197000", "operatingIncome": "19662000", "sellingGeneralAndAdministrative": "93974000", "researchAndDevelopment": "0", "operatingExpenses": "94878000", "investmentIncomeNet": "None", "netInterestIncome": "None", "interestIncome": "None", "interestExpense": "53687000", "nonInterestIncome": "None", "otherNonOperatingIncome": "-709000", "depreciation": "None", "depreciationAndAmortization": "84116000", "incomeBeforeTax": "-34734000", "incomeTaxExpense": "-17749000", "interestAndDebtExpense": "None", "netIncomeFromContinuingOperations": "-16985000", "comprehensiveIncomeNetOfTax": "None", "ebit": "18953000", "ebitda": "103069000", "netIncome": "-18283000"}, {"fiscalDateEnding": "2012-03-31", "reportedCurrency": "USD", "grossProfit": "21958000", "totalRevenue": "535882000", "costOfRevenue": "513924000", "costofGoodsAndServicesSold": "513924000", "operatingIncome": "-46279000", "sellingGeneralAndAdministrative": "74977000", "researchAndDevelopment": "0", "operatingExpenses": "74763000", "investmentIncomeNet": "None", "netInterestIncome": "None", "interestIncome": "None", "interestExpense": "52266000", "nonInterestIncome": "None", "otherNonOperatingIncome": "3098000", "depreciation": "None", "depreciationAndAmortization": "85167000", "incomeBeforeTax": "-95447000", "incomeTaxExpense": "-38397000", "interestAndDebtExpense": "None", "netIncomeFromContinuingOperations": "-57050000", "comprehensiveIncomeNetOfTax": "None", "ebit": "-43181000", "ebitda": "41986000", "netIncome": "-52053000"}, {"fiscalDateEnding": "2011-12-31", "reportedCurrency": "USD", "grossProfit": "74355000", "totalRevenue": "614627000", "costOfRevenue": "540272000", "costofGoodsAndServicesSold": "540272000", "operatingIncome": "-5529000", "sellingGeneralAndAdministrative": "68726000", "researchAndDevelopment": "1109000", "operatingExpenses": "106848000", "investmentIncomeNet": "None", "netInterestIncome": "None", "interestIncome": "None", "interestExpense": "56789000", "nonInterestIncome": "None", "otherNonOperatingIncome": "5829000", "depreciation": "None", "depreciationAndAmortization": "88048000", "incomeBeforeTax": "-56488000", "incomeTaxExpense": "-30545000", "interestAndDebtExpense": "None", "netIncomeFromContinuingOperations": "-25943000", "comprehensiveIncomeNetOfTax": "None", "ebit": "42748000", "ebitda": "130796000", "netIncome": "-27865000"}, {"fiscalDateEnding": "2011-09-30", "reportedCurrency": "USD", "grossProfit": "115780000", "totalRevenue": "760752000", "costOfRevenue": "644972000", "costofGoodsAndServicesSold": "644972000", "operatingIncome": "106668000", "sellingGeneralAndAdministrative": "67859000", "researchAndDevelopment": "0", "operatingExpenses": "50569000", "investmentIncomeNet": "None", "netInterestIncome": "None", "interestIncome": "None", "interestExpense": "50678000", "nonInterestIncome": "None", "otherNonOperatingIncome": "-3745000", "depreciation": "None", "depreciationAndAmortization": "90948000", "incomeBeforeTax": "52245000", "incomeTaxExpense": "29833000", "interestAndDebtExpense": "None", "netIncomeFromContinuingOperations": "22412000", "comprehensiveIncomeNetOfTax": "None", "ebit": "48760000", "ebitda": "139708000", "netIncome": "19959000"}, {"fiscalDateEnding": "2011-06-30", "reportedCurrency": "USD", "grossProfit": "100840000", "totalRevenue": "701971000", "costOfRevenue": "601131000", "costofGoodsAndServicesSold": "601131000", "operatingIncome": "23488000", "sellingGeneralAndAdministrative": "75893000", "researchAndDevelopment": "0", "operatingExpenses": "77352000", "investmentIncomeNet": "None", "netInterestIncome": "None", "interestIncome": "None", "interestExpense": "70911000", "nonInterestIncome": "None", "otherNonOperatingIncome": "-20000", "depreciation": "None", "depreciationAndAmortization": "92137000", "incomeBeforeTax": "-47443000", "incomeTaxExpense": "-40341000", "interestAndDebtExpense": "None", "netIncomeFromContinuingOperations": "-7102000", "comprehensiveIncomeNetOfTax": "None", "ebit": "26778000", "ebitda": "118915000", "netIncome": "-8139000"}, {"fiscalDateEnding": "2011-03-31", "reportedCurrency": "USD", "grossProfit": "-7106000", "totalRevenue": "487200000", "costOfRevenue": "494306000", "costofGoodsAndServicesSold": "494306000", "operatingIncome": "-61184000", "sellingGeneralAndAdministrative": "77516000", "researchAndDevelopment": "0", "operatingExpenses": "74954000", "investmentIncomeNet": "None", "netInterestIncome": "None", "interestIncome": "None", "interestExpense": "42250000", "nonInterestIncome": "None", "otherNonOperatingIncome": "1382000", "depreciation": "None", "depreciationAndAmortization": "90586000", "incomeBeforeTax": "-102052000", "incomeTaxExpense": "-37430000", "interestAndDebtExpense": "None", "netIncomeFromContinuingOperations": "-64622000", "comprehensiveIncomeNetOfTax": "None", "ebit": "-84622000", "ebitda": "5964000", "netIncome": "-54733000"}, {"fiscalDateEnding": "2010-12-31", "reportedCurrency": "USD", "grossProfit": "50750000", "totalRevenue": "586243000", "costOfRevenue": "535493000", "costofGoodsAndServicesSold": "535493000", "operatingIncome": "-29412000", "sellingGeneralAndAdministrative": "120106000", "researchAndDevelopment": "1582000", "operatingExpenses": "82223000", "investmentIncomeNet": "None", "netInterestIncome": "None", "interestIncome": "None", "interestExpense": "317116000", "nonInterestIncome": "None", "otherNonOperatingIncome": "56550000", "depreciation": "None", "depreciationAndAmortization": "92919000", "incomeBeforeTax": "-74317000", "incomeTaxExpense": "-28172000", "interestAndDebtExpense": "None", "netIncomeFromContinuingOperations": "-173613000", "comprehensiveIncomeNetOfTax": "None", "ebit": "24735000", "ebitda": "117654000", "netIncome": "-46997000"}, {"fiscalDateEnding": "2010-09-30", "reportedCurrency": "USD", "grossProfit": "126747000", "totalRevenue": "743204000", "costOfRevenue": "616457000", "costofGoodsAndServicesSold": "616457000", "operatingIncome": "50432000", "sellingGeneralAndAdministrative": "77560000", "researchAndDevelopment": "0", "operatingExpenses": "76315000", "investmentIncomeNet": "None", "netInterestIncome": "None", "interestIncome": "None", "interestExpense": "47526000", "nonInterestIncome": "None", "otherNonOperatingIncome": "1637000", "depreciation": "None", "depreciationAndAmortization": "97698000", "incomeBeforeTax": "4543000", "incomeTaxExpense": "-6048000", "interestAndDebtExpense": "None", "netIncomeFromContinuingOperations": "10591000", "comprehensiveIncomeNetOfTax": "None", "ebit": "49956000", "ebitda": "147654000", "netIncome": "13246000"}, {"fiscalDateEnding": "2010-06-30", "reportedCurrency": "USD", "grossProfit": "120973000", "totalRevenue": "736152000", "costOfRevenue": "615179000", "costofGoodsAndServicesSold": "615179000", "operatingIncome": "1210000", "sellingGeneralAndAdministrative": "83376000", "researchAndDevelopment": "0", "operatingExpenses": "124265000", "investmentIncomeNet": "None", "netInterestIncome": "None", "interestIncome": "None", "interestExpense": "44204000", "nonInterestIncome": "None", "otherNonOperatingIncome": "-752000", "depreciation": "None", "depreciationAndAmortization": "97279000", "incomeBeforeTax": "-43746000", "incomeTaxExpense": "-21231000", "interestAndDebtExpense": "None", "netIncomeFromContinuingOperations": "-22515000", "comprehensiveIncomeNetOfTax": "None", "ebit": "459000", "ebitda": "97738000", "netIncome": "-23992000"}, {"fiscalDateEnding": "2010-03-31", "reportedCurrency": "USD", "grossProfit": "894000", "totalRevenue": "493264000", "costOfRevenue": "492370000", "costofGoodsAndServicesSold": "492370000", "operatingIncome": "-36770000", "sellingGeneralAndAdministrative": "86495000", "researchAndDevelopment": "0", "operatingExpenses": "37664000", "investmentIncomeNet": "None", "netInterestIncome": "None", "interestIncome": "None", "interestExpense": "43783000", "nonInterestIncome": "None", "otherNonOperatingIncome": "1867000", "depreciation": "None", "depreciationAndAmortization": "94197000", "incomeBeforeTax": "-78686000", "incomeTaxExpense": "-34212000", "interestAndDebtExpense": "None", "netIncomeFromContinuingOperations": "-44474000", "comprehensiveIncomeNetOfTax": "None", "ebit": "-36281000", "ebitda": "57916000", "netIncome": "-38747000"}, {"fiscalDateEnding": "2009-12-31", "reportedCurrency": "USD", "grossProfit": "68041000", "totalRevenue": "590144000", "costOfRevenue": "522103000", "costofGoodsAndServicesSold": "522103000", "operatingIncome": "1392000", "sellingGeneralAndAdministrative": "82979000", "researchAndDevelopment": "1541000", "operatingExpenses": "51113000", "investmentIncomeNet": "None", "netInterestIncome": "None", "interestIncome": "None", "interestExpense": "43319000", "nonInterestIncome": "None", "otherNonOperatingIncome": "None", "depreciation": "None", "depreciationAndAmortization": "96454000", "incomeBeforeTax": "-40830000", "incomeTaxExpense": "-28248000", "interestAndDebtExpense": "None", "netIncomeFromContinuingOperations": "0", "comprehensiveIncomeNetOfTax": "None", "ebit": "2489000", "ebitda": "98943000", "netIncome": "-13349000"}, {"fiscalDateEnding": "2009-09-30", "reportedCurrency": "USD", "grossProfit": "154480000", "totalRevenue": "778192000", "costOfRevenue": "623712000", "costofGoodsAndServicesSold": "623712000", "operatingIncome": "82704000", "sellingGeneralAndAdministrative": "79558000", "researchAndDevelopment": "0", "operatingExpenses": "87340000", "investmentIncomeNet": "None", "netInterestIncome": "None", "interestIncome": "None", "interestExpense": "43952000", "nonInterestIncome": "None", "otherNonOperatingIncome": "3189000", "depreciation": "None", "depreciationAndAmortization": "99243000", "incomeBeforeTax": "41941000", "incomeTaxExpense": "-5983000", "interestAndDebtExpense": "None", "netIncomeFromContinuingOperations": "47924000", "comprehensiveIncomeNetOfTax": "None", "ebit": "75208000", "ebitda": "174451000", "netIncome": "54232000"}, {"fiscalDateEnding": "2009-06-30", "reportedCurrency": "USD", "grossProfit": "145834000", "totalRevenue": "721859000", "costOfRevenue": "576025000", "costofGoodsAndServicesSold": "576025000", "operatingIncome": "65684000", "sellingGeneralAndAdministrative": "79353000", "researchAndDevelopment": "0", "operatingExpenses": "80804000", "investmentIncomeNet": "None", "netInterestIncome": "None", "interestIncome": "None", "interestExpense": "44073000", "nonInterestIncome": "None", "otherNonOperatingIncome": "3582000", "depreciation": "None", "depreciationAndAmortization": "99600000", "incomeBeforeTax": "25193000", "incomeTaxExpense": "9632000", "interestAndDebtExpense": "None", "netIncomeFromContinuingOperations": "15561000", "comprehensiveIncomeNetOfTax": "None", "ebit": "69266000", "ebitda": "168866000", "netIncome": "22212000"}, {"fiscalDateEnding": "2009-03-31", "reportedCurrency": "USD", "grossProfit": "77607000", "totalRevenue": "600294000", "costOfRevenue": "522687000", "costofGoodsAndServicesSold": "522687000", "operatingIncome": "-1326000", "sellingGeneralAndAdministrative": "79717000", "researchAndDevelopment": "0", "operatingExpenses": "83939000", "investmentIncomeNet": "None", "netInterestIncome": "None", "interestIncome": "None", "interestExpense": "43919000", "nonInterestIncome": "None", "otherNonOperatingIncome": "None", "depreciation": "None", "depreciationAndAmortization": "99315000", "incomeBeforeTax": "-45525000", "incomeTaxExpense": "-13270000", "interestAndDebtExpense": "None", "netIncomeFromContinuingOperations": "0", "comprehensiveIncomeNetOfTax": "None", "ebit": "-1606000", "ebitda": "97709000", "netIncome": "-32780000"}, {"fiscalDateEnding": "2008-12-31", "reportedCurrency": "USD", "grossProfit": "149190000", "totalRevenue": "799199000", "costOfRevenue": "650009000", "costofGoodsAndServicesSold": "650009000", "operatingIncome": "-184429000", "sellingGeneralAndAdministrative": "88863000", "researchAndDevelopment": "1546000", "operatingExpenses": "80955000", "investmentIncomeNet": "None", "netInterestIncome": "None", "interestIncome": "None", "interestExpense": "46583000", "nonInterestIncome": "None", "otherNonOperatingIncome": "None", "depreciation": "None", "depreciationAndAmortization": "97569000", "incomeBeforeTax": "-231833000", "incomeTaxExpense": "-14641000", "interestAndDebtExpense": "None", "netIncomeFromContinuingOperations": "0", "comprehensiveIncomeNetOfTax": "None", "ebit": "68235000", "ebitda": "165804000", "netIncome": "-217853000"}, {"fiscalDateEnding": "2008-09-30", "reportedCurrency": "USD", "grossProfit": "200846000", "totalRevenue": "1013349000", "costOfRevenue": "812503000", "costofGoodsAndServicesSold": "812503000", "operatingIncome": "128303000", "sellingGeneralAndAdministrative": "76364000", "researchAndDevelopment": "0", "operatingExpenses": "72543000", "investmentIncomeNet": "None", "netInterestIncome": "None", "interestIncome": "None", "interestExpense": "44579000", "nonInterestIncome": "None", "otherNonOperatingIncome": "None", "depreciation": "None", "depreciationAndAmortization": "98716000", "incomeBeforeTax": "80854000", "incomeTaxExpense": "21038000", "interestAndDebtExpense": "None", "netIncomeFromContinuingOperations": "0", "comprehensiveIncomeNetOfTax": "None", "ebit": "125433000", "ebitda": "224149000", "netIncome": "59050000"}, {"fiscalDateEnding": "2008-06-30", "reportedCurrency": "USD", "grossProfit": "245226000", "totalRevenue": "1021551000", "costOfRevenue": "776325000", "costofGoodsAndServicesSold": "776325000", "operatingIncome": "238469000", "sellingGeneralAndAdministrative": "84781000", "researchAndDevelopment": "0", "operatingExpenses": "6757000", "investmentIncomeNet": "None", "netInterestIncome": "None", "interestIncome": "None", "interestExpense": "38193000", "nonInterestIncome": "None", "otherNonOperatingIncome": "None", "depreciation": "None", "depreciationAndAmortization": "96919000", "incomeBeforeTax": "204717000", "incomeTaxExpense": "63492000", "interestAndDebtExpense": "None", "netIncomeFromContinuingOperations": "0", "comprehensiveIncomeNetOfTax": "None", "ebit": "242910000", "ebitda": "339829000", "netIncome": "140755000"}, {"fiscalDateEnding": "2008-03-31", "reportedCurrency": "USD", "grossProfit": "154450000", "totalRevenue": "817339000", "costOfRevenue": "662889000", "costofGoodsAndServicesSold": "662889000", "operatingIncome": "66758000", "sellingGeneralAndAdministrative": "92576000", "researchAndDevelopment": "0", "operatingExpenses": "87692000", "investmentIncomeNet": "None", "netInterestIncome": "None", "interestIncome": "None", "interestExpense": "43458000", "nonInterestIncome": "None", "otherNonOperatingIncome": "None", "depreciation": "None", "depreciationAndAmortization": "95856000", "incomeBeforeTax": "21320000", "incomeTaxExpense": "6835000", "interestAndDebtExpense": "None", "netIncomeFromContinuingOperations": "0", "comprehensiveIncomeNetOfTax": "None", "ebit": "64778000", "ebitda": "160634000", "netIncome": "13933000"}, {"fiscalDateEnding": "2007-12-31", "reportedCurrency": "USD", "grossProfit": "221083000", "totalRevenue": "856890000", "costOfRevenue": "635807000", "costofGoodsAndServicesSold": "635807000", "operatingIncome": "145737000", "sellingGeneralAndAdministrative": "49798000", "researchAndDevelopment": "1617000", "operatingExpenses": "75346000", "investmentIncomeNet": "None", "netInterestIncome": "None", "interestIncome": "None", "interestExpense": "26994000", "nonInterestIncome": "None", "otherNonOperatingIncome": "None", "depreciation": "None", "depreciationAndAmortization": "80404000", "incomeBeforeTax": "117464000", "incomeTaxExpense": "31325000", "interestAndDebtExpense": "None", "netIncomeFromContinuingOperations": "0", "comprehensiveIncomeNetOfTax": "None", "ebit": "145737000", "ebitda": "226141000", "netIncome": "84613000"}, {"fiscalDateEnding": "2007-09-30", "reportedCurrency": "USD", "grossProfit": "277392000", "totalRevenue": "904866000", "costOfRevenue": "627474000", "costofGoodsAndServicesSold": "627474000", "operatingIncome": "214301000", "sellingGeneralAndAdministrative": "63786000", "researchAndDevelopment": "0", "operatingExpenses": "63091000", "investmentIncomeNet": "None", "netInterestIncome": "None", "interestIncome": "None", "interestExpense": "6498000", "nonInterestIncome": "None", "otherNonOperatingIncome": "None", "depreciation": "None", "depreciationAndAmortization": "66366000", "incomeBeforeTax": "206857000", "incomeTaxExpense": "62929000", "interestAndDebtExpense": "None", "netIncomeFromContinuingOperations": "0", "comprehensiveIncomeNetOfTax": "None", "ebit": "214301000", "ebitda": "280667000", "netIncome": "135413000"}, {"fiscalDateEnding": "2007-06-30", "reportedCurrency": "USD", "grossProfit": "285233000", "totalRevenue": "878844000", "costOfRevenue": "593611000", "costofGoodsAndServicesSold": "593611000", "operatingIncome": "217233000", "sellingGeneralAndAdministrative": "72852000", "researchAndDevelopment": "0", "operatingExpenses": "68000000", "investmentIncomeNet": "None", "netInterestIncome": "None", "interestIncome": "None", "interestExpense": "8091000", "nonInterestIncome": "None", "otherNonOperatingIncome": "None", "depreciation": "None", "depreciationAndAmortization": "63904000", "incomeBeforeTax": "210146000", "incomeTaxExpense": "66465000", "interestAndDebtExpense": "None", "netIncomeFromContinuingOperations": "0", "comprehensiveIncomeNetOfTax": "None", "ebit": "217233000", "ebitda": "281137000", "netIncome": "142011000"}, {"fiscalDateEnding": "2007-03-31", "reportedCurrency": "USD", "grossProfit": "167195000", "totalRevenue": "687187000", "costOfRevenue": "519992000", "costofGoodsAndServicesSold": "519992000", "operatingIncome": "137146000", "sellingGeneralAndAdministrative": "76436000", "researchAndDevelopment": "0", "operatingExpenses": "30049000", "investmentIncomeNet": "None", "netInterestIncome": "None", "interestIncome": "None", "interestExpense": "6635000", "nonInterestIncome": "None", "otherNonOperatingIncome": "None", "depreciation": "None", "depreciationAndAmortization": "60801000", "incomeBeforeTax": "133036000", "incomeTaxExpense": "43697000", "interestAndDebtExpense": "None", "netIncomeFromContinuingOperations": "0", "comprehensiveIncomeNetOfTax": "None", "ebit": "137146000", "ebitda": "197947000", "netIncome": "88874000"}, {"fiscalDateEnding": "2006-12-31", "reportedCurrency": "USD", "grossProfit": "237307000", "totalRevenue": "816304000", "costOfRevenue": "578997000", "costofGoodsAndServicesSold": "578997000", "operatingIncome": "171640000", "sellingGeneralAndAdministrative": "67515000", "researchAndDevelopment": "1704000", "operatingExpenses": "65667000", "investmentIncomeNet": "None", "netInterestIncome": "None", "interestIncome": "None", "interestExpense": "6621000", "nonInterestIncome": "None", "otherNonOperatingIncome": "None", "depreciation": "None", "depreciationAndAmortization": "59078000", "incomeBeforeTax": "167038000", "incomeTaxExpense": "51991000", "interestAndDebtExpense": "None", "netIncomeFromContinuingOperations": "0", "comprehensiveIncomeNetOfTax": "None", "ebit": "171640000", "ebitda": "230718000", "netIncome": "113860000"}, {"fiscalDateEnding": "2006-09-30", "reportedCurrency": "USD", "grossProfit": "273288000", "totalRevenue": "929321000", "costOfRevenue": "656033000", "costofGoodsAndServicesSold": "656033000", "operatingIncome": "206718000", "sellingGeneralAndAdministrative": "68149000", "researchAndDevelopment": "0", "operatingExpenses": "66570000", "investmentIncomeNet": "None", "netInterestIncome": "None", "interestIncome": "None", "interestExpense": "7714000", "nonInterestIncome": "None", "otherNonOperatingIncome": "None", "depreciation": "None", "depreciationAndAmortization": "57600000", "incomeBeforeTax": "204729000", "incomeTaxExpense": "63421000", "interestAndDebtExpense": "None", "netIncomeFromContinuingOperations": "0", "comprehensiveIncomeNetOfTax": "None", "ebit": "205875000", "ebitda": "263475000", "netIncome": "136065000"}, {"fiscalDateEnding": "2006-06-30", "reportedCurrency": "USD", "grossProfit": "257736000", "totalRevenue": "888162000", "costOfRevenue": "630426000", "costofGoodsAndServicesSold": "630426000", "operatingIncome": "192556000", "sellingGeneralAndAdministrative": "65912000", "researchAndDevelopment": "0", "operatingExpenses": "65180000", "investmentIncomeNet": "None", "netInterestIncome": "None", "interestIncome": "None", "interestExpense": "5690000", "nonInterestIncome": "None", "otherNonOperatingIncome": "None", "depreciation": "None", "depreciationAndAmortization": "54786000", "incomeBeforeTax": "224486000", "incomeTaxExpense": "75080000", "interestAndDebtExpense": "None", "netIncomeFromContinuingOperations": "0", "comprehensiveIncomeNetOfTax": "None", "ebit": "218508000", "ebitda": "273294000", "netIncome": "150633000"}, {"fiscalDateEnding": "2006-03-31", "reportedCurrency": "USD", "grossProfit": "163795000", "totalRevenue": "708687000", "costOfRevenue": "544892000", "costofGoodsAndServicesSold": "544892000", "operatingIncome": "98621000", "sellingGeneralAndAdministrative": "65637000", "researchAndDevelopment": "0", "operatingExpenses": "65042000", "investmentIncomeNet": "None", "netInterestIncome": "None", "interestIncome": "None", "interestExpense": "6285000", "nonInterestIncome": "None", "otherNonOperatingIncome": "None", "depreciation": "None", "depreciationAndAmortization": "53232000", "incomeBeforeTax": "107208000", "incomeTaxExpense": "35471000", "interestAndDebtExpense": "None", "netIncomeFromContinuingOperations": "0", "comprehensiveIncomeNetOfTax": "None", "ebit": "99704000", "ebitda": "152936000", "netIncome": "70085000"}, {"fiscalDateEnding": "2005-12-31", "reportedCurrency": "USD", "grossProfit": "178612000", "totalRevenue": "754621000", "costOfRevenue": "576009000", "costofGoodsAndServicesSold": "576009000", "operatingIncome": "144576000", "sellingGeneralAndAdministrative": "66012000", "researchAndDevelopment": "1554000", "operatingExpenses": "34036000", "investmentIncomeNet": "None", "netInterestIncome": "None", "interestIncome": "None", "interestExpense": "9123000", "nonInterestIncome": "None", "otherNonOperatingIncome": "None", "depreciation": "None", "depreciationAndAmortization": "57564000", "incomeBeforeTax": "127055000", "incomeTaxExpense": "34927000", "interestAndDebtExpense": "None", "netIncomeFromContinuingOperations": "0", "comprehensiveIncomeNetOfTax": "None", "ebit": "144576000", "ebitda": "202140000", "netIncome": "90643000"}, {"fiscalDateEnding": "2005-09-30", "reportedCurrency": "USD", "grossProfit": "227256000", "totalRevenue": "830016000", "costOfRevenue": "602760000", "costofGoodsAndServicesSold": "602760000", "operatingIncome": "164906000", "sellingGeneralAndAdministrative": "62349000", "researchAndDevelopment": "0", "operatingExpenses": "62350000", "investmentIncomeNet": "None", "netInterestIncome": "None", "interestIncome": "None", "interestExpense": "9150000", "nonInterestIncome": "None", "otherNonOperatingIncome": "None", "depreciation": "None", "depreciationAndAmortization": "55753000", "incomeBeforeTax": "172913000", "incomeTaxExpense": "44592000", "interestAndDebtExpense": "None", "netIncomeFromContinuingOperations": "0", "comprehensiveIncomeNetOfTax": "None", "ebit": "164906000", "ebitda": "220659000", "netIncome": "122216000"}, {"fiscalDateEnding": "2005-06-30", "reportedCurrency": "USD", "grossProfit": "210375000", "totalRevenue": "782074000", "costOfRevenue": "571699000", "costofGoodsAndServicesSold": "571699000", "operatingIncome": "154687000", "sellingGeneralAndAdministrative": "56870000", "researchAndDevelopment": "0", "operatingExpenses": "55688000", "investmentIncomeNet": "None", "netInterestIncome": "None", "interestIncome": "None", "interestExpense": "9615000", "nonInterestIncome": "None", "otherNonOperatingIncome": "None", "depreciation": "None", "depreciationAndAmortization": "54978000", "incomeBeforeTax": "147716000", "incomeTaxExpense": "45764000", "interestAndDebtExpense": "None", "netIncomeFromContinuingOperations": "0", "comprehensiveIncomeNetOfTax": "None", "ebit": "154687000", "ebitda": "209665000", "netIncome": "121547000"}, {"fiscalDateEnding": "2005-03-31", "reportedCurrency": "USD", "grossProfit": "92233000", "totalRevenue": "528616000", "costOfRevenue": "436383000", "costofGoodsAndServicesSold": "436383000", "operatingIncome": "37768000", "sellingGeneralAndAdministrative": "54465000", "researchAndDevelopment": "0", "operatingExpenses": "54465000", "investmentIncomeNet": "None", "netInterestIncome": "None", "interestIncome": "None", "interestExpense": "9258000", "nonInterestIncome": "None", "otherNonOperatingIncome": "None", "depreciation": "None", "depreciationAndAmortization": "52661000", "incomeBeforeTax": "32553000", "incomeTaxExpense": "11119000", "interestAndDebtExpense": "None", "netIncomeFromContinuingOperations": "0", "comprehensiveIncomeNetOfTax": "None", "ebit": "37768000", "ebitda": "90429000", "netIncome": "54351000"}, {"fiscalDateEnding": "2004-12-31", "reportedCurrency": "USD", "grossProfit": "98750000", "totalRevenue": "129360000", "costOfRevenue": "30610000", "costofGoodsAndServicesSold": "30610000", "operatingIncome": "268204000", "sellingGeneralAndAdministrative": "63767000", "researchAndDevelopment": "1341000", "operatingExpenses": "35087000", "investmentIncomeNet": "None", "netInterestIncome": "None", "interestIncome": "None", "interestExpense": "9164000", "nonInterestIncome": "None", "otherNonOperatingIncome": "None", "depreciation": "None", "depreciationAndAmortization": "54003000", "incomeBeforeTax": "82962000", "incomeTaxExpense": "24497000", "interestAndDebtExpense": "None", "netIncomeFromContinuingOperations": "0", "comprehensiveIncomeNetOfTax": "None", "ebit": "63663000", "ebitda": "117666000", "netIncome": "85632000"}]}