{"symbol": "MCK", "annualReports": [{"fiscalDateEnding": "2024-03-31", "reportedCurrency": "USD", "grossProfit": "12584000000", "totalRevenue": "308951000000", "costOfRevenue": "296367000000", "costofGoodsAndServicesSold": "296367000000", "operatingIncome": "3909000000", "sellingGeneralAndAdministrative": "6910000000", "researchAndDevelopment": "179000000", "operatingExpenses": "8675000000", "investmentIncomeNet": "None", "netInterestIncome": "-134000000", "interestIncome": "118000000", "interestExpense": "252000000", "nonInterestIncome": "None", "otherNonOperatingIncome": "None", "depreciation": "None", "depreciationAndAmortization": "635000000", "incomeBeforeTax": "3789000000", "incomeTaxExpense": "629000000", "interestAndDebtExpense": "None", "netIncomeFromContinuingOperations": "3160000000", "comprehensiveIncomeNetOfTax": "None", "ebit": "4032000000", "ebitda": "4667000000", "netIncome": "3002000000"}, {"fiscalDateEnding": "2023-03-31", "reportedCurrency": "USD", "grossProfit": "12358000000", "totalRevenue": "276711000000", "costOfRevenue": "264353000000", "costofGoodsAndServicesSold": "264353000000", "operatingIncome": "4381000000", "sellingGeneralAndAdministrative": "15552000000", "researchAndDevelopment": "89000000", "operatingExpenses": "7776000000", "investmentIncomeNet": "None", "netInterestIncome": "-248000000", "interestIncome": "248000000", "interestExpense": "248000000", "nonInterestIncome": "None", "otherNonOperatingIncome": "497000000", "depreciation": "None", "depreciationAndAmortization": "857000000", "incomeBeforeTax": "4630000000", "incomeTaxExpense": "905000000", "interestAndDebtExpense": "None", "netIncomeFromContinuingOperations": "3725000000", "comprehensiveIncomeNetOfTax": "None", "ebit": "4878000000", "ebitda": "5735000000", "netIncome": "3560000000"}, {"fiscalDateEnding": "2022-03-31", "reportedCurrency": "USD", "grossProfit": "13130000000", "totalRevenue": "263966000000", "costOfRevenue": "250836000000", "costofGoodsAndServicesSold": "250836000000", "operatingIncome": "2852000000", "sellingGeneralAndAdministrative": "21074000000", "researchAndDevelopment": "70000000", "operatingExpenses": "10537000000", "investmentIncomeNet": "None", "netInterestIncome": "-178000000", "interestIncome": "10000000", "interestExpense": "178000000", "nonInterestIncome": "None", "otherNonOperatingIncome": "68000000", "depreciation": "None", "depreciationAndAmortization": "1001000000", "incomeBeforeTax": "1928000000", "incomeTaxExpense": "636000000", "interestAndDebtExpense": "None", "netIncomeFromContinuingOperations": "1292000000", "comprehensiveIncomeNetOfTax": "None", "ebit": "2106000000", "ebitda": "3107000000", "netIncome": "1114000000"}, {"fiscalDateEnding": "2021-03-31", "reportedCurrency": "USD", "grossProfit": "12148000000", "totalRevenue": "238228000000", "costOfRevenue": "226080000000", "costofGoodsAndServicesSold": "226080000000", "operatingIncome": "3522000000", "sellingGeneralAndAdministrative": "17698000000", "researchAndDevelopment": "74000000", "operatingExpenses": "8849000000", "investmentIncomeNet": "None", "netInterestIncome": "-217000000", "interestIncome": "217000000", "interestExpense": "217000000", "nonInterestIncome": "None", "otherNonOperatingIncome": "223000000", "depreciation": "None", "depreciationAndAmortization": "1221000000", "incomeBeforeTax": "-5034000000", "incomeTaxExpense": "-695000000", "interestAndDebtExpense": "None", "netIncomeFromContinuingOperations": "-4339000000", "comprehensiveIncomeNetOfTax": "None", "ebit": "-4817000000", "ebitda": "-3596000000", "netIncome": "-4339000000"}, {"fiscalDateEnding": "2020-03-31", "reportedCurrency": "USD", "grossProfit": "12023000000", "totalRevenue": "231051000000", "costOfRevenue": "219028000000", "costofGoodsAndServicesSold": "219028000000", "operatingIncome": "1663000000", "sellingGeneralAndAdministrative": "18336000000", "researchAndDevelopment": "96000000", "operatingExpenses": "9264000000", "investmentIncomeNet": "None", "netInterestIncome": "-200000000", "interestIncome": "49000000", "interestExpense": "249000000", "nonInterestIncome": "None", "otherNonOperatingIncome": "12000000", "depreciation": "None", "depreciationAndAmortization": "922000000", "incomeBeforeTax": "1144000000", "incomeTaxExpense": "18000000", "interestAndDebtExpense": "None", "netIncomeFromContinuingOperations": "1126000000", "comprehensiveIncomeNetOfTax": "None", "ebit": "1393000000", "ebitda": "2315000000", "netIncome": "900000000"}, {"fiscalDateEnding": "2019-03-31", "reportedCurrency": "USD", "grossProfit": "11754000000", "totalRevenue": "214319000000", "costOfRevenue": "202565000000", "costofGoodsAndServicesSold": "202565000000", "operatingIncome": "886000000", "sellingGeneralAndAdministrative": "8403000000", "researchAndDevelopment": "71000000", "operatingExpenses": "8474000000", "investmentIncomeNet": "None", "netInterestIncome": "-225000000", "interestIncome": "39000000", "interestExpense": "264000000", "nonInterestIncome": "None", "otherNonOperatingIncome": "-12000000", "depreciation": "None", "depreciationAndAmortization": "949000000", "incomeBeforeTax": "610000000", "incomeTaxExpense": "356000000", "interestAndDebtExpense": "None", "netIncomeFromContinuingOperations": "254000000", "comprehensiveIncomeNetOfTax": "None", "ebit": "3115000000", "ebitda": "4064000000", "netIncome": "34000000"}, {"fiscalDateEnding": "2018-03-31", "reportedCurrency": "USD", "grossProfit": "11184000000", "totalRevenue": "208357000000", "costOfRevenue": "197173000000", "costofGoodsAndServicesSold": "197173000000", "operatingIncome": "762000000", "sellingGeneralAndAdministrative": "8138000000", "researchAndDevelopment": "125000000", "operatingExpenses": "8263000000", "investmentIncomeNet": "None", "netInterestIncome": "-235000000", "interestIncome": "48000000", "interestExpense": "283000000", "nonInterestIncome": "None", "otherNonOperatingIncome": "-240000000", "depreciation": "None", "depreciationAndAmortization": "951000000", "incomeBeforeTax": "239000000", "incomeTaxExpense": "-53000000", "interestAndDebtExpense": "None", "netIncomeFromContinuingOperations": "292000000", "comprehensiveIncomeNetOfTax": "None", "ebit": "2907000000", "ebitda": "3858000000", "netIncome": "67000000"}, {"fiscalDateEnding": "2017-03-31", "reportedCurrency": "USD", "grossProfit": "11271000000", "totalRevenue": "198533000000", "costOfRevenue": "187262000000", "costofGoodsAndServicesSold": "187262000000", "operatingIncome": "7109000000", "sellingGeneralAndAdministrative": "7466000000", "researchAndDevelopment": "341000000", "operatingExpenses": "7801000000", "investmentIncomeNet": "None", "netInterestIncome": "-279000000", "interestIncome": "29000000", "interestExpense": "308000000", "nonInterestIncome": "None", "otherNonOperatingIncome": "90000000", "depreciation": "None", "depreciationAndAmortization": "910000000", "incomeBeforeTax": "6891000000", "incomeTaxExpense": "1614000000", "interestAndDebtExpense": "None", "netIncomeFromContinuingOperations": "5277000000", "comprehensiveIncomeNetOfTax": "None", "ebit": "3483000000", "ebitda": "4393000000", "netIncome": "5070000000"}, {"fiscalDateEnding": "2016-03-31", "reportedCurrency": "USD", "grossProfit": "11416000000", "totalRevenue": "190884000000", "costOfRevenue": "179468000000", "costofGoodsAndServicesSold": "179468000000", "operatingIncome": "3545000000", "sellingGeneralAndAdministrative": "7276000000", "researchAndDevelopment": "392000000", "operatingExpenses": "7668000000", "investmentIncomeNet": "None", "netInterestIncome": "None", "interestIncome": "353000000", "interestExpense": "353000000", "nonInterestIncome": "None", "otherNonOperatingIncome": "58000000", "depreciation": "None", "depreciationAndAmortization": "885000000", "incomeBeforeTax": "3250000000", "incomeTaxExpense": "908000000", "interestAndDebtExpense": "None", "netIncomeFromContinuingOperations": "2342000000", "comprehensiveIncomeNetOfTax": "None", "ebit": "3671000000", "ebitda": "4556000000", "netIncome": "2258000000"}, {"fiscalDateEnding": "2015-03-31", "reportedCurrency": "USD", "grossProfit": "11411000000", "totalRevenue": "179045000000", "costOfRevenue": "167634000000", "costofGoodsAndServicesSold": "167634000000", "operatingIncome": "2968000000", "sellingGeneralAndAdministrative": "7901000000", "researchAndDevelopment": "392000000", "operatingExpenses": "8293000000", "investmentIncomeNet": "None", "netInterestIncome": "None", "interestIncome": "None", "interestExpense": "374000000", "nonInterestIncome": "None", "otherNonOperatingIncome": "63000000", "depreciation": "None", "depreciationAndAmortization": "1017000000", "incomeBeforeTax": "2657000000", "incomeTaxExpense": "815000000", "interestAndDebtExpense": "None", "netIncomeFromContinuingOperations": "1842000000", "comprehensiveIncomeNetOfTax": "None", "ebit": "3119000000", "ebitda": "4136000000", "netIncome": "1476000000"}, {"fiscalDateEnding": "2014-03-31", "reportedCurrency": "USD", "grossProfit": "8309000000", "totalRevenue": "137609000000", "costOfRevenue": "129300000000", "costofGoodsAndServicesSold": "129300000000", "operatingIncome": "2367000000", "sellingGeneralAndAdministrative": "5418000000", "researchAndDevelopment": "456000000", "operatingExpenses": "5874000000", "investmentIncomeNet": "None", "netInterestIncome": "None", "interestIncome": "None", "interestExpense": "303000000", "nonInterestIncome": "None", "otherNonOperatingIncome": "32000000", "depreciation": "None", "depreciationAndAmortization": "704000000", "incomeBeforeTax": "2096000000", "incomeTaxExpense": "742000000", "interestAndDebtExpense": "None", "netIncomeFromContinuingOperations": "1354000000", "comprehensiveIncomeNetOfTax": "None", "ebit": "2353000000", "ebitda": "3057000000", "netIncome": "1263000000"}, {"fiscalDateEnding": "2013-03-31", "reportedCurrency": "USD", "grossProfit": "6984000000", "totalRevenue": "122455000000", "costOfRevenue": "115471000000", "costofGoodsAndServicesSold": "115471000000", "operatingIncome": "2315000000", "sellingGeneralAndAdministrative": "2351000000", "researchAndDevelopment": "480000000", "operatingExpenses": "4678000000", "investmentIncomeNet": "None", "netInterestIncome": "None", "interestIncome": "None", "interestExpense": "240000000", "nonInterestIncome": "None", "otherNonOperatingIncome": "-156000000", "depreciation": "None", "depreciationAndAmortization": "591000000", "incomeBeforeTax": "1919000000", "incomeTaxExpense": "581000000", "interestAndDebtExpense": "None", "netIncomeFromContinuingOperations": "1338000000", "comprehensiveIncomeNetOfTax": "None", "ebit": "2148000000", "ebitda": "2739000000", "netIncome": "1338000000"}, {"fiscalDateEnding": "2012-03-31", "reportedCurrency": "USD", "grossProfit": "6567000000", "totalRevenue": "122734000000", "costOfRevenue": "116167000000", "costofGoodsAndServicesSold": "116167000000", "operatingIncome": "2149000000", "sellingGeneralAndAdministrative": "3065000000", "researchAndDevelopment": "440000000", "operatingExpenses": "4418000000", "investmentIncomeNet": "None", "netInterestIncome": "None", "interestIncome": "None", "interestExpense": "251000000", "nonInterestIncome": "None", "otherNonOperatingIncome": "21000000", "depreciation": "None", "depreciationAndAmortization": "551000000", "incomeBeforeTax": "1919000000", "incomeTaxExpense": "516000000", "interestAndDebtExpense": "None", "netIncomeFromContinuingOperations": "1403000000", "comprehensiveIncomeNetOfTax": "None", "ebit": "2170000000", "ebitda": "2721000000", "netIncome": "1403000000"}, {"fiscalDateEnding": "2011-03-31", "reportedCurrency": "USD", "grossProfit": "5970000000", "totalRevenue": "112084000000", "costOfRevenue": "106114000000", "costofGoodsAndServicesSold": "106114000000", "operatingIncome": "1821000000", "sellingGeneralAndAdministrative": "2762000000", "researchAndDevelopment": "407000000", "operatingExpenses": "3936000000", "investmentIncomeNet": "None", "netInterestIncome": "None", "interestIncome": "None", "interestExpense": "222000000", "nonInterestIncome": "None", "otherNonOperatingIncome": "36000000", "depreciation": "None", "depreciationAndAmortization": "496000000", "incomeBeforeTax": "1635000000", "incomeTaxExpense": "505000000", "interestAndDebtExpense": "None", "netIncomeFromContinuingOperations": "1130000000", "comprehensiveIncomeNetOfTax": "None", "ebit": "1832000000", "ebitda": "2328000000", "netIncome": "1202000000"}, {"fiscalDateEnding": "2010-03-31", "reportedCurrency": "USD", "grossProfit": "5676000000", "totalRevenue": "108702000000", "costOfRevenue": "103026000000", "costofGoodsAndServicesSold": "103026000000", "operatingIncome": "2008000000", "sellingGeneralAndAdministrative": "2566000000", "researchAndDevelopment": "376000000", "operatingExpenses": "3668000000", "investmentIncomeNet": "None", "netInterestIncome": "None", "interestIncome": "None", "interestExpense": "187000000", "nonInterestIncome": "None", "otherNonOperatingIncome": "43000000", "depreciation": "None", "depreciationAndAmortization": "474000000", "incomeBeforeTax": "1864000000", "incomeTaxExpense": "601000000", "interestAndDebtExpense": "None", "netIncomeFromContinuingOperations": "1263000000", "comprehensiveIncomeNetOfTax": "None", "ebit": "2051000000", "ebitda": "2525000000", "netIncome": "1263000000"}, {"fiscalDateEnding": "2009-03-31", "reportedCurrency": "USD", "grossProfit": "5378000000", "totalRevenue": "106632000000", "costOfRevenue": "101254000000", "costofGoodsAndServicesSold": "101254000000", "operatingIncome": "1196000000", "sellingGeneralAndAdministrative": "3075000000", "researchAndDevelopment": "364000000", "operatingExpenses": "4182000000", "investmentIncomeNet": "None", "netInterestIncome": "None", "interestIncome": "None", "interestExpense": "144000000", "nonInterestIncome": "None", "otherNonOperatingIncome": "None", "depreciation": "None", "depreciationAndAmortization": "441000000", "incomeBeforeTax": "1064000000", "incomeTaxExpense": "241000000", "interestAndDebtExpense": "None", "netIncomeFromContinuingOperations": "None", "comprehensiveIncomeNetOfTax": "None", "ebit": "1208000000", "ebitda": "1649000000", "netIncome": "823000000"}, {"fiscalDateEnding": "2008-03-31", "reportedCurrency": "USD", "grossProfit": "5009000000", "totalRevenue": "101703000000", "costOfRevenue": "96694000000", "costofGoodsAndServicesSold": "96694000000", "operatingIncome": "1478000000", "sellingGeneralAndAdministrative": "3189000000", "researchAndDevelopment": "347000000", "operatingExpenses": "3531000000", "investmentIncomeNet": "None", "netInterestIncome": "None", "interestIncome": "None", "interestExpense": "142000000", "nonInterestIncome": "None", "otherNonOperatingIncome": "None", "depreciation": "None", "depreciationAndAmortization": "371000000", "incomeBeforeTax": "1457000000", "incomeTaxExpense": "468000000", "interestAndDebtExpense": "None", "netIncomeFromContinuingOperations": "None", "comprehensiveIncomeNetOfTax": "None", "ebit": "1478000000", "ebitda": "1849000000", "netIncome": "990000000"}, {"fiscalDateEnding": "2007-03-31", "reportedCurrency": "USD", "grossProfit": "4332000000", "totalRevenue": "92977000000", "costOfRevenue": "88645000000", "costofGoodsAndServicesSold": "88645000000", "operatingIncome": "1264000000", "sellingGeneralAndAdministrative": "2790000000", "researchAndDevelopment": "284000000", "operatingExpenses": "3068000000", "investmentIncomeNet": "None", "netInterestIncome": "None", "interestIncome": "None", "interestExpense": "99000000", "nonInterestIncome": "None", "otherNonOperatingIncome": "None", "depreciation": "None", "depreciationAndAmortization": "295000000", "incomeBeforeTax": "1297000000", "incomeTaxExpense": "329000000", "interestAndDebtExpense": "None", "netIncomeFromContinuingOperations": "None", "comprehensiveIncomeNetOfTax": "None", "ebit": "1264000000", "ebitda": "1559000000", "netIncome": "913000000"}, {"fiscalDateEnding": "2006-03-31", "reportedCurrency": "USD", "grossProfit": "3862000000", "totalRevenue": "88050000000", "costOfRevenue": "84188000000", "costofGoodsAndServicesSold": "84188000000", "operatingIncome": "1114000000", "sellingGeneralAndAdministrative": "2480000000", "researchAndDevelopment": "223000000", "operatingExpenses": "2748000000", "investmentIncomeNet": "None", "netInterestIncome": "None", "interestIncome": "None", "interestExpense": "94000000", "nonInterestIncome": "None", "otherNonOperatingIncome": "None", "depreciation": "None", "depreciationAndAmortization": "266000000", "incomeBeforeTax": "1158000000", "incomeTaxExpense": "421000000", "interestAndDebtExpense": "None", "netIncomeFromContinuingOperations": "None", "comprehensiveIncomeNetOfTax": "None", "ebit": "1122000000", "ebitda": "1388000000", "netIncome": "751000000"}, {"fiscalDateEnding": "2005-03-31", "reportedCurrency": "USD", "grossProfit": "3464700000", "totalRevenue": "80514600000", "costOfRevenue": "77049900000", "costofGoodsAndServicesSold": "77049900000", "operatingIncome": "-190500000", "sellingGeneralAndAdministrative": "2273200000", "researchAndDevelopment": "182000000", "operatingExpenses": "3655200000", "investmentIncomeNet": "None", "netInterestIncome": "None", "interestIncome": "None", "interestExpense": "118000000", "nonInterestIncome": "None", "otherNonOperatingIncome": "None", "depreciation": "None", "depreciationAndAmortization": "250900000", "incomeBeforeTax": "-239800000", "incomeTaxExpense": "-83100000", "interestAndDebtExpense": "None", "netIncomeFromContinuingOperations": "None", "comprehensiveIncomeNetOfTax": "None", "ebit": "-221900000", "ebitda": "29000000", "netIncome": "-156700000"}], "quarterlyReports": [{"fiscalDateEnding": "2024-12-31", "reportedCurrency": "USD", "grossProfit": "3284000000", "totalRevenue": "95294000000", "costOfRevenue": "92010000000", "costofGoodsAndServicesSold": "92010000000", "operatingIncome": "1224000000", "sellingGeneralAndAdministrative": "2028000000", "researchAndDevelopment": "None", "operatingExpenses": "2060000000", "investmentIncomeNet": "None", "netInterestIncome": "-67000000", "interestIncome": "None", "interestExpense": "67000000", "nonInterestIncome": "None", "otherNonOperatingIncome": "None", "depreciation": "None", "depreciationAndAmortization": "153000000", "incomeBeforeTax": "1226000000", "incomeTaxExpense": "298000000", "interestAndDebtExpense": "None", "netIncomeFromContinuingOperations": "928000000", "comprehensiveIncomeNetOfTax": "None", "ebit": "1293000000", "ebitda": "1446000000", "netIncome": "879000000"}, {"fiscalDateEnding": "2024-09-30", "reportedCurrency": "USD", "grossProfit": "3248000000", "totalRevenue": "93651000000", "costOfRevenue": "90403000000", "costofGoodsAndServicesSold": "90403000000", "operatingIncome": "578000000", "sellingGeneralAndAdministrative": "8902000000", "researchAndDevelopment": "None", "operatingExpenses": "2670000000", "investmentIncomeNet": "None", "netInterestIncome": "-78000000", "interestIncome": "None", "interestExpense": "78000000", "nonInterestIncome": "None", "otherNonOperatingIncome": "None", "depreciation": "None", "depreciationAndAmortization": "163000000", "incomeBeforeTax": "534000000", "incomeTaxExpense": "247000000", "interestAndDebtExpense": "None", "netIncomeFromContinuingOperations": "287000000", "comprehensiveIncomeNetOfTax": "None", "ebit": "612000000", "ebitda": "775000000", "netIncome": "241000000"}, {"fiscalDateEnding": "2024-06-30", "reportedCurrency": "USD", "grossProfit": "2956000000", "totalRevenue": "79283000000", "costOfRevenue": "76327000000", "costofGoodsAndServicesSold": "76327000000", "operatingIncome": "1061000000", "sellingGeneralAndAdministrative": "3896000000", "researchAndDevelopment": "None", "operatingExpenses": "1895000000", "investmentIncomeNet": "None", "netInterestIncome": "-75000000", "interestIncome": "None", "interestExpense": "75000000", "nonInterestIncome": "None", "otherNonOperatingIncome": "None", "depreciation": "None", "depreciationAndAmortization": "169000000", "incomeBeforeTax": "1084000000", "incomeTaxExpense": "124000000", "interestAndDebtExpense": "None", "netIncomeFromContinuingOperations": "960000000", "comprehensiveIncomeNetOfTax": "None", "ebit": "1151000000", "ebitda": "1320000000", "netIncome": "915000000"}, {"fiscalDateEnding": "2024-03-31", "reportedCurrency": "USD", "grossProfit": "3463000000", "totalRevenue": "76355000000", "costOfRevenue": "72892000000", "costofGoodsAndServicesSold": "72892000000", "operatingIncome": "1372000000", "sellingGeneralAndAdministrative": "4361000000", "researchAndDevelopment": "77000000", "operatingExpenses": "2091000000", "investmentIncomeNet": "None", "netInterestIncome": "38000000", "interestIncome": "None", "interestExpense": "80000000", "nonInterestIncome": "None", "otherNonOperatingIncome": "None", "depreciation": "None", "depreciationAndAmortization": "160000000", "incomeBeforeTax": "1170000000", "incomeTaxExpense": "340000000", "interestAndDebtExpense": "None", "netIncomeFromContinuingOperations": "830000000", "comprehensiveIncomeNetOfTax": "None", "ebit": "1250000000", "ebitda": "1410000000", "netIncome": "791000000"}, {"fiscalDateEnding": "2023-12-31", "reportedCurrency": "USD", "grossProfit": "3152000000", "totalRevenue": "80898000000", "costOfRevenue": "77746000000", "costofGoodsAndServicesSold": "77746000000", "operatingIncome": "642000000", "sellingGeneralAndAdministrative": "5012000000", "researchAndDevelopment": "None", "operatingExpenses": "2506000000", "investmentIncomeNet": "None", "netInterestIncome": "-64000000", "interestIncome": "None", "interestExpense": "64000000", "nonInterestIncome": "None", "otherNonOperatingIncome": "None", "depreciation": "None", "depreciationAndAmortization": "159000000", "incomeBeforeTax": "612000000", "incomeTaxExpense": "-18000000", "interestAndDebtExpense": "None", "netIncomeFromContinuingOperations": "630000000", "comprehensiveIncomeNetOfTax": "None", "ebit": "1159000000", "ebitda": "1318000000", "netIncome": "589000000"}, {"fiscalDateEnding": "2023-09-30", "reportedCurrency": "USD", "grossProfit": "3069000000", "totalRevenue": "77215000000", "costOfRevenue": "74146000000", "costofGoodsAndServicesSold": "74146000000", "operatingIncome": "951000000", "sellingGeneralAndAdministrative": "4184000000", "researchAndDevelopment": "None", "operatingExpenses": "2092000000", "investmentIncomeNet": "None", "netInterestIncome": "-61000000", "interestIncome": "61000000", "interestExpense": "61000000", "nonInterestIncome": "None", "otherNonOperatingIncome": "None", "depreciation": "None", "depreciationAndAmortization": "157000000", "incomeBeforeTax": "916000000", "incomeTaxExpense": "213000000", "interestAndDebtExpense": "None", "netIncomeFromContinuingOperations": "703000000", "comprehensiveIncomeNetOfTax": "None", "ebit": "1139000000", "ebitda": "1296000000", "netIncome": "664000000"}, {"fiscalDateEnding": "2023-06-30", "reportedCurrency": "USD", "grossProfit": "3022000000", "totalRevenue": "74483000000", "costOfRevenue": "71461000000", "costofGoodsAndServicesSold": "71461000000", "operatingIncome": "1100000000", "sellingGeneralAndAdministrative": "3740000000", "researchAndDevelopment": "None", "operatingExpenses": "1870000000", "investmentIncomeNet": "None", "netInterestIncome": "-47000000", "interestIncome": "47000000", "interestExpense": "47000000", "nonInterestIncome": "None", "otherNonOperatingIncome": "38000000", "depreciation": "None", "depreciationAndAmortization": "217000000", "incomeBeforeTax": "1091000000", "incomeTaxExpense": "94000000", "interestAndDebtExpense": "None", "netIncomeFromContinuingOperations": "997000000", "comprehensiveIncomeNetOfTax": "None", "ebit": "1066000000", "ebitda": "1283000000", "netIncome": "958000000"}, {"fiscalDateEnding": "2023-03-31", "reportedCurrency": "USD", "grossProfit": "3066000000", "totalRevenue": "68910000000", "costOfRevenue": "65844000000", "costofGoodsAndServicesSold": "65844000000", "operatingIncome": "980000000", "sellingGeneralAndAdministrative": "764000000", "researchAndDevelopment": "89000000", "operatingExpenses": "2086000000", "investmentIncomeNet": "None", "netInterestIncome": "-79000000", "interestIncome": "79000000", "interestExpense": "79000000", "nonInterestIncome": "None", "otherNonOperatingIncome": "31000000", "depreciation": "None", "depreciationAndAmortization": "161000000", "incomeBeforeTax": "932000000", "incomeTaxExpense": "106000000", "interestAndDebtExpense": "None", "netIncomeFromContinuingOperations": "826000000", "comprehensiveIncomeNetOfTax": "None", "ebit": "1011000000", "ebitda": "1172000000", "netIncome": "787000000"}, {"fiscalDateEnding": "2022-12-31", "reportedCurrency": "USD", "grossProfit": "3174000000", "totalRevenue": "70490000000", "costOfRevenue": "67316000000", "costofGoodsAndServicesSold": "67316000000", "operatingIncome": "1241000000", "sellingGeneralAndAdministrative": "3806000000", "researchAndDevelopment": "None", "operatingExpenses": "1903000000", "investmentIncomeNet": "None", "netInterestIncome": "-69000000", "interestIncome": "69000000", "interestExpense": "69000000", "nonInterestIncome": "None", "otherNonOperatingIncome": "276000000", "depreciation": "None", "depreciationAndAmortization": "205000000", "incomeBeforeTax": "1448000000", "incomeTaxExpense": "329000000", "interestAndDebtExpense": "None", "netIncomeFromContinuingOperations": "1119000000", "comprehensiveIncomeNetOfTax": "None", "ebit": "1517000000", "ebitda": "1722000000", "netIncome": "1079000000"}, {"fiscalDateEnding": "2022-09-30", "reportedCurrency": "USD", "grossProfit": "3095000000", "totalRevenue": "70157000000", "costOfRevenue": "67062000000", "costofGoodsAndServicesSold": "67062000000", "operatingIncome": "1124000000", "sellingGeneralAndAdministrative": "1964000000", "researchAndDevelopment": "None", "operatingExpenses": "1950000000", "investmentIncomeNet": "None", "netInterestIncome": "-55000000", "interestIncome": "55000000", "interestExpense": "55000000", "nonInterestIncome": "None", "otherNonOperatingIncome": "175000000", "depreciation": "None", "depreciationAndAmortization": "214000000", "incomeBeforeTax": "1244000000", "incomeTaxExpense": "271000000", "interestAndDebtExpense": "None", "netIncomeFromContinuingOperations": "973000000", "comprehensiveIncomeNetOfTax": "None", "ebit": "1299000000", "ebitda": "1513000000", "netIncome": "926000000"}, {"fiscalDateEnding": "2022-06-30", "reportedCurrency": "USD", "grossProfit": "3023000000", "totalRevenue": "67154000000", "costOfRevenue": "64131000000", "costofGoodsAndServicesSold": "64131000000", "operatingIncome": "1036000000", "sellingGeneralAndAdministrative": "1959000000", "researchAndDevelopment": "None", "operatingExpenses": "1959000000", "investmentIncomeNet": "None", "netInterestIncome": "-45000000", "interestIncome": "45000000", "interestExpense": "45000000", "nonInterestIncome": "None", "otherNonOperatingIncome": "15000000", "depreciation": "None", "depreciationAndAmortization": "211000000", "incomeBeforeTax": "1006000000", "incomeTaxExpense": "199000000", "interestAndDebtExpense": "None", "netIncomeFromContinuingOperations": "807000000", "comprehensiveIncomeNetOfTax": "None", "ebit": "1051000000", "ebitda": "1262000000", "netIncome": "768000000"}, {"fiscalDateEnding": "2022-03-31", "reportedCurrency": "USD", "grossProfit": "3318000000", "totalRevenue": "66102000000", "costOfRevenue": "62784000000", "costofGoodsAndServicesSold": "62784000000", "operatingIncome": "844000000", "sellingGeneralAndAdministrative": "6210000000", "researchAndDevelopment": "70000000", "operatingExpenses": "2531000000", "investmentIncomeNet": "None", "netInterestIncome": "-43000000", "interestIncome": "49000000", "interestExpense": "43000000", "nonInterestIncome": "None", "otherNonOperatingIncome": "57000000", "depreciation": "None", "depreciationAndAmortization": "205000000", "incomeBeforeTax": "647000000", "incomeTaxExpense": "240000000", "interestAndDebtExpense": "None", "netIncomeFromContinuingOperations": "407000000", "comprehensiveIncomeNetOfTax": "None", "ebit": "690000000", "ebitda": "895000000", "netIncome": "368000000"}, {"fiscalDateEnding": "2021-12-31", "reportedCurrency": "USD", "grossProfit": "3428000000", "totalRevenue": "68614000000", "costOfRevenue": "65186000000", "costofGoodsAndServicesSold": "65186000000", "operatingIncome": "298000000", "sellingGeneralAndAdministrative": "6210000000", "researchAndDevelopment": "None", "operatingExpenses": "3105000000", "investmentIncomeNet": "None", "netInterestIncome": "-41000000", "interestIncome": "41000000", "interestExpense": "41000000", "nonInterestIncome": "None", "otherNonOperatingIncome": "20000000", "depreciation": "None", "depreciationAndAmortization": "231000000", "incomeBeforeTax": "277000000", "incomeTaxExpense": "238000000", "interestAndDebtExpense": "None", "netIncomeFromContinuingOperations": "39000000", "comprehensiveIncomeNetOfTax": "None", "ebit": "318000000", "ebitda": "549000000", "netIncome": "-7000000"}, {"fiscalDateEnding": "2021-09-30", "reportedCurrency": "USD", "grossProfit": "3352000000", "totalRevenue": "66576000000", "costOfRevenue": "63224000000", "costofGoodsAndServicesSold": "63224000000", "operatingIncome": "539000000", "sellingGeneralAndAdministrative": "5338000000", "researchAndDevelopment": "None", "operatingExpenses": "2669000000", "investmentIncomeNet": "None", "netInterestIncome": "-45000000", "interestIncome": "52000000", "interestExpense": "45000000", "nonInterestIncome": "None", "otherNonOperatingIncome": "-52000000", "depreciation": "None", "depreciationAndAmortization": "257000000", "incomeBeforeTax": "442000000", "incomeTaxExpense": "132000000", "interestAndDebtExpense": "None", "netIncomeFromContinuingOperations": "310000000", "comprehensiveIncomeNetOfTax": "None", "ebit": "487000000", "ebitda": "744000000", "netIncome": "267000000"}, {"fiscalDateEnding": "2021-06-30", "reportedCurrency": "USD", "grossProfit": "3032000000", "totalRevenue": "62674000000", "costOfRevenue": "59642000000", "costofGoodsAndServicesSold": "59642000000", "operatingIncome": "568000000", "sellingGeneralAndAdministrative": "4464000000", "researchAndDevelopment": "None", "operatingExpenses": "2232000000", "investmentIncomeNet": "None", "netInterestIncome": "-49000000", "interestIncome": "49000000", "interestExpense": "49000000", "nonInterestIncome": "None", "otherNonOperatingIncome": "43000000", "depreciation": "None", "depreciationAndAmortization": "308000000", "incomeBeforeTax": "562000000", "incomeTaxExpense": "26000000", "interestAndDebtExpense": "None", "netIncomeFromContinuingOperations": "536000000", "comprehensiveIncomeNetOfTax": "None", "ebit": "611000000", "ebitda": "919000000", "netIncome": "486000000"}, {"fiscalDateEnding": "2021-03-31", "reportedCurrency": "USD", "grossProfit": "3297000000", "totalRevenue": "59142000000", "costOfRevenue": "55845000000", "costofGoodsAndServicesSold": "55845000000", "operatingIncome": "1010000000", "sellingGeneralAndAdministrative": "1224000000", "researchAndDevelopment": "74000000", "operatingExpenses": "2224000000", "investmentIncomeNet": "None", "netInterestIncome": "-52000000", "interestIncome": "52000000", "interestExpense": "52000000", "nonInterestIncome": "None", "otherNonOperatingIncome": "71000000", "depreciation": "None", "depreciationAndAmortization": "291000000", "incomeBeforeTax": "1029000000", "incomeTaxExpense": "316000000", "interestAndDebtExpense": "None", "netIncomeFromContinuingOperations": "713000000", "comprehensiveIncomeNetOfTax": "None", "ebit": "1081000000", "ebitda": "1372000000", "netIncome": "666000000"}, {"fiscalDateEnding": "2020-12-31", "reportedCurrency": "USD", "grossProfit": "3151000000", "totalRevenue": "62599000000", "costOfRevenue": "59448000000", "costofGoodsAndServicesSold": "59448000000", "operatingIncome": "-7362000000", "sellingGeneralAndAdministrative": "2291000000", "researchAndDevelopment": "None", "operatingExpenses": "2291000000", "investmentIncomeNet": "None", "netInterestIncome": "-55000000", "interestIncome": "55000000", "interestExpense": "55000000", "nonInterestIncome": "None", "otherNonOperatingIncome": "54000000", "depreciation": "None", "depreciationAndAmortization": "227000000", "incomeBeforeTax": "-7363000000", "incomeTaxExpense": "-1189000000", "interestAndDebtExpense": "None", "netIncomeFromContinuingOperations": "-6174000000", "comprehensiveIncomeNetOfTax": "None", "ebit": "-7216000000", "ebitda": "-6989000000", "netIncome": "-6226000000"}, {"fiscalDateEnding": "2020-09-30", "reportedCurrency": "USD", "grossProfit": "3000000000", "totalRevenue": "60808000000", "costOfRevenue": "57808000000", "costofGoodsAndServicesSold": "57808000000", "operatingIncome": "634000000", "sellingGeneralAndAdministrative": "2237000000", "researchAndDevelopment": "None", "operatingExpenses": "2237000000", "investmentIncomeNet": "None", "netInterestIncome": "-50000000", "interestIncome": "50000000", "interestExpense": "50000000", "nonInterestIncome": "None", "otherNonOperatingIncome": "71000000", "depreciation": "None", "depreciationAndAmortization": "222000000", "incomeBeforeTax": "655000000", "incomeTaxExpense": "28000000", "interestAndDebtExpense": "None", "netIncomeFromContinuingOperations": "627000000", "comprehensiveIncomeNetOfTax": "None", "ebit": "763000000", "ebitda": "985000000", "netIncome": "577000000"}, {"fiscalDateEnding": "2020-06-30", "reportedCurrency": "USD", "grossProfit": "2700000000", "totalRevenue": "55679000000", "costOfRevenue": "52979000000", "costofGoodsAndServicesSold": "52979000000", "operatingIncome": "678000000", "sellingGeneralAndAdministrative": "1966000000", "researchAndDevelopment": "None", "operatingExpenses": "1966000000", "investmentIncomeNet": "None", "netInterestIncome": "-60000000", "interestIncome": "60000000", "interestExpense": "60000000", "nonInterestIncome": "None", "otherNonOperatingIncome": "27000000", "depreciation": "None", "depreciationAndAmortization": "217000000", "incomeBeforeTax": "645000000", "incomeTaxExpense": "150000000", "interestAndDebtExpense": "None", "netIncomeFromContinuingOperations": "495000000", "comprehensiveIncomeNetOfTax": "None", "ebit": "596000000", "ebitda": "813000000", "netIncome": "444000000"}, {"fiscalDateEnding": "2020-03-31", "reportedCurrency": "USD", "grossProfit": "3336000000", "totalRevenue": "58535000000", "costOfRevenue": "55199000000", "costofGoodsAndServicesSold": "55199000000", "operatingIncome": "869000000", "sellingGeneralAndAdministrative": "1403000000", "researchAndDevelopment": "96000000", "operatingExpenses": "2403000000", "investmentIncomeNet": "None", "netInterestIncome": "-16000000", "interestIncome": "419000000", "interestExpense": "65000000", "nonInterestIncome": "None", "otherNonOperatingIncome": "1505000000", "depreciation": "None", "depreciationAndAmortization": "231000000", "incomeBeforeTax": "1201000000", "incomeTaxExpense": "129000000", "interestAndDebtExpense": "None", "netIncomeFromContinuingOperations": "1072000000", "comprehensiveIncomeNetOfTax": "None", "ebit": "1186000000", "ebitda": "1417000000", "netIncome": "1021000000"}, {"fiscalDateEnding": "2019-12-31", "reportedCurrency": "USD", "grossProfit": "3033000000", "totalRevenue": "59172000000", "costOfRevenue": "56139000000", "costofGoodsAndServicesSold": "56139000000", "operatingIncome": "360000000", "sellingGeneralAndAdministrative": "2535000000", "researchAndDevelopment": "None", "operatingExpenses": "2535000000", "investmentIncomeNet": "None", "netInterestIncome": "-64000000", "interestIncome": "75000000", "interestExpense": "64000000", "nonInterestIncome": "None", "otherNonOperatingIncome": "-2000000", "depreciation": "None", "depreciationAndAmortization": "228000000", "incomeBeforeTax": "294000000", "incomeTaxExpense": "47000000", "interestAndDebtExpense": "None", "netIncomeFromContinuingOperations": "247000000", "comprehensiveIncomeNetOfTax": "None", "ebit": "498000000", "ebitda": "726000000", "netIncome": "186000000"}, {"fiscalDateEnding": "2019-09-30", "reportedCurrency": "USD", "grossProfit": "2867000000", "totalRevenue": "57616000000", "costOfRevenue": "54749000000", "costofGoodsAndServicesSold": "54749000000", "operatingIncome": "626000000", "sellingGeneralAndAdministrative": "2196000000", "researchAndDevelopment": "None", "operatingExpenses": "2196000000", "investmentIncomeNet": "None", "netInterestIncome": "-64000000", "interestIncome": "1252000000", "interestExpense": "64000000", "nonInterestIncome": "None", "otherNonOperatingIncome": "-1532000000", "depreciation": "None", "depreciationAndAmortization": "234000000", "incomeBeforeTax": "-970000000", "incomeTaxExpense": "-294000000", "interestAndDebtExpense": "None", "netIncomeFromContinuingOperations": "-676000000", "comprehensiveIncomeNetOfTax": "None", "ebit": "-906000000", "ebitda": "-672000000", "netIncome": "-730000000"}, {"fiscalDateEnding": "2019-06-30", "reportedCurrency": "USD", "grossProfit": "2787000000", "totalRevenue": "55728000000", "costOfRevenue": "52941000000", "costofGoodsAndServicesSold": "52941000000", "operatingIncome": "634000000", "sellingGeneralAndAdministrative": "2130000000", "researchAndDevelopment": "None", "operatingExpenses": "2130000000", "investmentIncomeNet": "None", "netInterestIncome": "-56000000", "interestIncome": "25000000", "interestExpense": "56000000", "nonInterestIncome": "None", "otherNonOperatingIncome": "41000000", "depreciation": "None", "depreciationAndAmortization": "229000000", "incomeBeforeTax": "619000000", "incomeTaxExpense": "136000000", "interestAndDebtExpense": "None", "netIncomeFromContinuingOperations": "483000000", "comprehensiveIncomeNetOfTax": "None", "ebit": "640000000", "ebitda": "869000000", "netIncome": "423000000"}, {"fiscalDateEnding": "2019-03-31", "reportedCurrency": "USD", "grossProfit": "3201000000", "totalRevenue": "52429000000", "costOfRevenue": "49228000000", "costofGoodsAndServicesSold": "49228000000", "operatingIncome": "-569000000", "sellingGeneralAndAdministrative": "11265000000", "researchAndDevelopment": "71000000", "operatingExpenses": "2255000000", "investmentIncomeNet": "None", "netInterestIncome": "-31000000", "interestIncome": "75000000", "interestExpense": "70000000", "nonInterestIncome": "None", "otherNonOperatingIncome": "6000000", "depreciation": "None", "depreciationAndAmortization": "235000000", "incomeBeforeTax": "-633000000", "incomeTaxExpense": "111000000", "interestAndDebtExpense": "None", "netIncomeFromContinuingOperations": "-744000000", "comprehensiveIncomeNetOfTax": "None", "ebit": "-563000000", "ebitda": "-328000000", "netIncome": "-796000000"}, {"fiscalDateEnding": "2018-12-31", "reportedCurrency": "USD", "grossProfit": "2970000000", "totalRevenue": "56208000000", "costOfRevenue": "53238000000", "costofGoodsAndServicesSold": "53238000000", "operatingIncome": "683000000", "sellingGeneralAndAdministrative": "1984000000", "researchAndDevelopment": "71000000", "operatingExpenses": "2156000000", "investmentIncomeNet": "None", "netInterestIncome": "None", "interestIncome": "None", "interestExpense": "67000000", "nonInterestIncome": "None", "otherNonOperatingIncome": "34000000", "depreciation": "None", "depreciationAndAmortization": "239000000", "incomeBeforeTax": "650000000", "incomeTaxExpense": "123000000", "interestAndDebtExpense": "None", "netIncomeFromContinuingOperations": "527000000", "comprehensiveIncomeNetOfTax": "None", "ebit": "841000000", "ebitda": "1080000000", "netIncome": "469000000"}, {"fiscalDateEnding": "2018-09-30", "reportedCurrency": "USD", "grossProfit": "2804000000", "totalRevenue": "53075000000", "costOfRevenue": "50271000000", "costofGoodsAndServicesSold": "50271000000", "operatingIncome": "689000000", "sellingGeneralAndAdministrative": "1984000000", "researchAndDevelopment": "71000000", "operatingExpenses": "2033000000", "investmentIncomeNet": "None", "netInterestIncome": "None", "interestIncome": "None", "interestExpense": "66000000", "nonInterestIncome": "None", "otherNonOperatingIncome": "-36000000", "depreciation": "None", "depreciationAndAmortization": "240000000", "incomeBeforeTax": "587000000", "incomeTaxExpense": "35000000", "interestAndDebtExpense": "None", "netIncomeFromContinuingOperations": "552000000", "comprehensiveIncomeNetOfTax": "None", "ebit": "808000000", "ebitda": "1048000000", "netIncome": "499000000"}, {"fiscalDateEnding": "2018-06-30", "reportedCurrency": "USD", "grossProfit": "2779000000", "totalRevenue": "52607000000", "costOfRevenue": "49828000000", "costofGoodsAndServicesSold": "49828000000", "operatingIncome": "83000000", "sellingGeneralAndAdministrative": "2127000000", "researchAndDevelopment": "71000000", "operatingExpenses": "2127000000", "investmentIncomeNet": "None", "netInterestIncome": "None", "interestIncome": "None", "interestExpense": "61000000", "nonInterestIncome": "None", "otherNonOperatingIncome": "-16000000", "depreciation": "None", "depreciationAndAmortization": "235000000", "incomeBeforeTax": "6000000", "incomeTaxExpense": "87000000", "interestAndDebtExpense": "None", "netIncomeFromContinuingOperations": "-81000000", "comprehensiveIncomeNetOfTax": "None", "ebit": "672000000", "ebitda": "907000000", "netIncome": "-138000000"}, {"fiscalDateEnding": "2018-03-31", "reportedCurrency": "USD", "grossProfit": "3075000000", "totalRevenue": "51628000000", "costOfRevenue": "48553000000", "costofGoodsAndServicesSold": "48553000000", "operatingIncome": "-944000000", "sellingGeneralAndAdministrative": "2218000000", "researchAndDevelopment": "125000000", "operatingExpenses": "2316000000", "investmentIncomeNet": "None", "netInterestIncome": "None", "interestIncome": "None", "interestExpense": "79000000", "nonInterestIncome": "None", "otherNonOperatingIncome": "-71000000", "depreciation": "None", "depreciationAndAmortization": "254000000", "incomeBeforeTax": "-1094000000", "incomeTaxExpense": "-7000000", "interestAndDebtExpense": "None", "netIncomeFromContinuingOperations": "-1087000000", "comprehensiveIncomeNetOfTax": "None", "ebit": "-1015000000", "ebitda": "-761000000", "netIncome": "-1146000000"}, {"fiscalDateEnding": "2017-12-31", "reportedCurrency": "USD", "grossProfit": "2715000000", "totalRevenue": "53617000000", "costOfRevenue": "50902000000", "costofGoodsAndServicesSold": "50902000000", "operatingIncome": "834000000", "sellingGeneralAndAdministrative": "1984000000", "researchAndDevelopment": "125000000", "operatingExpenses": "1984000000", "investmentIncomeNet": "None", "netInterestIncome": "None", "interestIncome": "None", "interestExpense": "67000000", "nonInterestIncome": "None", "otherNonOperatingIncome": "-70000000", "depreciation": "None", "depreciationAndAmortization": "234000000", "incomeBeforeTax": "697000000", "incomeTaxExpense": "-263000000", "interestAndDebtExpense": "None", "netIncomeFromContinuingOperations": "960000000", "comprehensiveIncomeNetOfTax": "None", "ebit": "755000000", "ebitda": "989000000", "netIncome": "903000000"}, {"fiscalDateEnding": "2017-09-30", "reportedCurrency": "USD", "grossProfit": "2834000000", "totalRevenue": "52061000000", "costOfRevenue": "49227000000", "costofGoodsAndServicesSold": "49227000000", "operatingIncome": "239000000", "sellingGeneralAndAdministrative": "2009000000", "researchAndDevelopment": "0", "operatingExpenses": "2009000000", "investmentIncomeNet": "None", "netInterestIncome": "None", "interestIncome": "None", "interestExpense": "69000000", "nonInterestIncome": "None", "otherNonOperatingIncome": "8000000", "depreciation": "None", "depreciationAndAmortization": "236000000", "incomeBeforeTax": "178000000", "incomeTaxExpense": "122000000", "interestAndDebtExpense": "None", "netIncomeFromContinuingOperations": "56000000", "comprehensiveIncomeNetOfTax": "None", "ebit": "831000000", "ebitda": "1067000000", "netIncome": "1000000"}, {"fiscalDateEnding": "2017-06-30", "reportedCurrency": "USD", "grossProfit": "2560000000", "totalRevenue": "51051000000", "costOfRevenue": "48491000000", "costofGoodsAndServicesSold": "48491000000", "operatingIncome": "633000000", "sellingGeneralAndAdministrative": "1964000000", "researchAndDevelopment": "0", "operatingExpenses": "1964000000", "investmentIncomeNet": "None", "netInterestIncome": "None", "interestIncome": "None", "interestExpense": "68000000", "nonInterestIncome": "None", "otherNonOperatingIncome": "-107000000", "depreciation": "None", "depreciationAndAmortization": "227000000", "incomeBeforeTax": "458000000", "incomeTaxExpense": "95000000", "interestAndDebtExpense": "None", "netIncomeFromContinuingOperations": "363000000", "comprehensiveIncomeNetOfTax": "None", "ebit": "622000000", "ebitda": "849000000", "netIncome": "309000000"}, {"fiscalDateEnding": "2017-03-31", "reportedCurrency": "USD", "grossProfit": "2796000000", "totalRevenue": "48713000000", "costOfRevenue": "45917000000", "costofGoodsAndServicesSold": "45917000000", "operatingIncome": "4726000000", "sellingGeneralAndAdministrative": "1664000000", "researchAndDevelopment": "341000000", "operatingExpenses": "2007000000", "investmentIncomeNet": "None", "netInterestIncome": "None", "interestIncome": "None", "interestExpense": "77000000", "nonInterestIncome": "None", "otherNonOperatingIncome": "25000000", "depreciation": "None", "depreciationAndAmortization": "247000000", "incomeBeforeTax": "4674000000", "incomeTaxExpense": "1044000000", "interestAndDebtExpense": "None", "netIncomeFromContinuingOperations": "3630000000", "comprehensiveIncomeNetOfTax": "None", "ebit": "640000000", "ebitda": "887000000", "netIncome": "3588000000"}, {"fiscalDateEnding": "2016-12-31", "reportedCurrency": "USD", "grossProfit": "2812000000", "totalRevenue": "50130000000", "costOfRevenue": "47318000000", "costofGoodsAndServicesSold": "47318000000", "operatingIncome": "831000000", "sellingGeneralAndAdministrative": "1981000000", "researchAndDevelopment": "0", "operatingExpenses": "1981000000", "investmentIncomeNet": "None", "netInterestIncome": "None", "interestIncome": "None", "interestExpense": "74000000", "nonInterestIncome": "None", "otherNonOperatingIncome": "23000000", "depreciation": "None", "depreciationAndAmortization": "204000000", "incomeBeforeTax": "780000000", "incomeTaxExpense": "131000000", "interestAndDebtExpense": "None", "netIncomeFromContinuingOperations": "649000000", "comprehensiveIncomeNetOfTax": "None", "ebit": "903000000", "ebitda": "1107000000", "netIncome": "633000000"}, {"fiscalDateEnding": "2016-09-30", "reportedCurrency": "USD", "grossProfit": "2756000000", "totalRevenue": "49957000000", "costOfRevenue": "47201000000", "costofGoodsAndServicesSold": "47201000000", "operatingIncome": "580000000", "sellingGeneralAndAdministrative": "1886000000", "researchAndDevelopment": "0", "operatingExpenses": "1886000000", "investmentIncomeNet": "None", "netInterestIncome": "None", "interestIncome": "None", "interestExpense": "78000000", "nonInterestIncome": "None", "otherNonOperatingIncome": "23000000", "depreciation": "None", "depreciationAndAmortization": "217000000", "incomeBeforeTax": "525000000", "incomeTaxExpense": "200000000", "interestAndDebtExpense": "None", "netIncomeFromContinuingOperations": "325000000", "comprehensiveIncomeNetOfTax": "None", "ebit": "899000000", "ebitda": "1116000000", "netIncome": "307000000"}, {"fiscalDateEnding": "2016-06-30", "reportedCurrency": "USD", "grossProfit": "2907000000", "totalRevenue": "49733000000", "costOfRevenue": "46826000000", "costofGoodsAndServicesSold": "46826000000", "operatingIncome": "972000000", "sellingGeneralAndAdministrative": "1935000000", "researchAndDevelopment": "0", "operatingExpenses": "1935000000", "investmentIncomeNet": "None", "netInterestIncome": "None", "interestIncome": "None", "interestExpense": "79000000", "nonInterestIncome": "None", "otherNonOperatingIncome": "19000000", "depreciation": "None", "depreciationAndAmortization": "242000000", "incomeBeforeTax": "912000000", "incomeTaxExpense": "239000000", "interestAndDebtExpense": "None", "netIncomeFromContinuingOperations": "673000000", "comprehensiveIncomeNetOfTax": "None", "ebit": "1018000000", "ebitda": "1260000000", "netIncome": "542000000"}, {"fiscalDateEnding": "2016-03-31", "reportedCurrency": "USD", "grossProfit": "2852000000", "totalRevenue": "46678000000", "costOfRevenue": "43826000000", "costofGoodsAndServicesSold": "43826000000", "operatingIncome": "740000000", "sellingGeneralAndAdministrative": "1517000000", "researchAndDevelopment": "392000000", "operatingExpenses": "1909000000", "investmentIncomeNet": "None", "netInterestIncome": "None", "interestIncome": "None", "interestExpense": "86000000", "nonInterestIncome": "None", "otherNonOperatingIncome": "15000000", "depreciation": "None", "depreciationAndAmortization": "214000000", "incomeBeforeTax": "669000000", "incomeTaxExpense": "204000000", "interestAndDebtExpense": "None", "netIncomeFromContinuingOperations": "465000000", "comprehensiveIncomeNetOfTax": "None", "ebit": "958000000", "ebitda": "1172000000", "netIncome": "431000000"}, {"fiscalDateEnding": "2015-12-31", "reportedCurrency": "USD", "grossProfit": "2872000000", "totalRevenue": "47899000000", "costOfRevenue": "45027000000", "costofGoodsAndServicesSold": "45027000000", "operatingIncome": "920000000", "sellingGeneralAndAdministrative": "1952000000", "researchAndDevelopment": "0", "operatingExpenses": "1952000000", "investmentIncomeNet": "None", "netInterestIncome": "None", "interestIncome": "None", "interestExpense": "87000000", "nonInterestIncome": "None", "otherNonOperatingIncome": "13000000", "depreciation": "None", "depreciationAndAmortization": "220000000", "incomeBeforeTax": "846000000", "incomeTaxExpense": "204000000", "interestAndDebtExpense": "None", "netIncomeFromContinuingOperations": "642000000", "comprehensiveIncomeNetOfTax": "None", "ebit": "974000000", "ebitda": "1194000000", "netIncome": "634000000"}, {"fiscalDateEnding": "2015-09-30", "reportedCurrency": "USD", "grossProfit": "2844000000", "totalRevenue": "48761000000", "costOfRevenue": "45917000000", "costofGoodsAndServicesSold": "45917000000", "operatingIncome": "954000000", "sellingGeneralAndAdministrative": "1890000000", "researchAndDevelopment": "0", "operatingExpenses": "1890000000", "investmentIncomeNet": "None", "netInterestIncome": "None", "interestIncome": "None", "interestExpense": "91000000", "nonInterestIncome": "None", "otherNonOperatingIncome": "17000000", "depreciation": "None", "depreciationAndAmortization": "222000000", "incomeBeforeTax": "880000000", "incomeTaxExpense": "244000000", "interestAndDebtExpense": "None", "netIncomeFromContinuingOperations": "636000000", "comprehensiveIncomeNetOfTax": "None", "ebit": "987000000", "ebitda": "1209000000", "netIncome": "617000000"}, {"fiscalDateEnding": "2015-06-30", "reportedCurrency": "USD", "grossProfit": "2848000000", "totalRevenue": "47546000000", "costOfRevenue": "44698000000", "costofGoodsAndServicesSold": "44698000000", "operatingIncome": "931000000", "sellingGeneralAndAdministrative": "1917000000", "researchAndDevelopment": "0", "operatingExpenses": "1917000000", "investmentIncomeNet": "None", "netInterestIncome": "None", "interestIncome": "None", "interestExpense": "89000000", "nonInterestIncome": "None", "otherNonOperatingIncome": "13000000", "depreciation": "None", "depreciationAndAmortization": "229000000", "incomeBeforeTax": "855000000", "incomeTaxExpense": "256000000", "interestAndDebtExpense": "None", "netIncomeFromContinuingOperations": "599000000", "comprehensiveIncomeNetOfTax": "None", "ebit": "922000000", "ebitda": "1151000000", "netIncome": "576000000"}, {"fiscalDateEnding": "2015-03-31", "reportedCurrency": "USD", "grossProfit": "2917000000", "totalRevenue": "44925000000", "costOfRevenue": "42008000000", "costofGoodsAndServicesSold": "42008000000", "operatingIncome": "700000000", "sellingGeneralAndAdministrative": "1495000000", "researchAndDevelopment": "392000000", "operatingExpenses": "2067000000", "investmentIncomeNet": "None", "netInterestIncome": "None", "interestIncome": "None", "interestExpense": "90000000", "nonInterestIncome": "None", "otherNonOperatingIncome": "6000000", "depreciation": "None", "depreciationAndAmortization": "224000000", "incomeBeforeTax": "620000000", "incomeTaxExpense": "209000000", "interestAndDebtExpense": "None", "netIncomeFromContinuingOperations": "413000000", "comprehensiveIncomeNetOfTax": "None", "ebit": "718000000", "ebitda": "942000000", "netIncome": "132000000"}, {"fiscalDateEnding": "2014-12-31", "reportedCurrency": "USD", "grossProfit": "2942000000", "totalRevenue": "47005000000", "costOfRevenue": "44063000000", "costofGoodsAndServicesSold": "44063000000", "operatingIncome": "780000000", "sellingGeneralAndAdministrative": "2162000000", "researchAndDevelopment": "0", "operatingExpenses": "2162000000", "investmentIncomeNet": "None", "netInterestIncome": "None", "interestIncome": "None", "interestExpense": "97000000", "nonInterestIncome": "None", "otherNonOperatingIncome": "13000000", "depreciation": "None", "depreciationAndAmortization": "250000000", "incomeBeforeTax": "696000000", "incomeTaxExpense": "183000000", "interestAndDebtExpense": "None", "netIncomeFromContinuingOperations": "513000000", "comprehensiveIncomeNetOfTax": "None", "ebit": "823000000", "ebitda": "1073000000", "netIncome": "472000000"}, {"fiscalDateEnding": "2014-09-30", "reportedCurrency": "USD", "grossProfit": "2923000000", "totalRevenue": "44758000000", "costOfRevenue": "41835000000", "costofGoodsAndServicesSold": "41835000000", "operatingIncome": "788000000", "sellingGeneralAndAdministrative": "2135000000", "researchAndDevelopment": "0", "operatingExpenses": "2135000000", "investmentIncomeNet": "None", "netInterestIncome": "None", "interestIncome": "None", "interestExpense": "99000000", "nonInterestIncome": "None", "otherNonOperatingIncome": "24000000", "depreciation": "None", "depreciationAndAmortization": "259000000", "incomeBeforeTax": "713000000", "incomeTaxExpense": "222000000", "interestAndDebtExpense": "None", "netIncomeFromContinuingOperations": "491000000", "comprehensiveIncomeNetOfTax": "None", "ebit": "816000000", "ebitda": "1075000000", "netIncome": "469000000"}, {"fiscalDateEnding": "2014-06-30", "reportedCurrency": "USD", "grossProfit": "2797000000", "totalRevenue": "44058000000", "costOfRevenue": "41261000000", "costofGoodsAndServicesSold": "41261000000", "operatingIncome": "688000000", "sellingGeneralAndAdministrative": "2109000000", "researchAndDevelopment": "0", "operatingExpenses": "2109000000", "investmentIncomeNet": "None", "netInterestIncome": "None", "interestIncome": "None", "interestExpense": "101000000", "nonInterestIncome": "None", "otherNonOperatingIncome": "20000000", "depreciation": "None", "depreciationAndAmortization": "284000000", "incomeBeforeTax": "607000000", "incomeTaxExpense": "182000000", "interestAndDebtExpense": "None", "netIncomeFromContinuingOperations": "425000000", "comprehensiveIncomeNetOfTax": "None", "ebit": "726000000", "ebitda": "1010000000", "netIncome": "403000000"}, {"fiscalDateEnding": "2014-03-31", "reportedCurrency": "USD", "grossProfit": "2540000000", "totalRevenue": "38141000000", "costOfRevenue": "35601000000", "costofGoodsAndServicesSold": "35601000000", "operatingIncome": "556000000", "sellingGeneralAndAdministrative": "1528000000", "researchAndDevelopment": "456000000", "operatingExpenses": "1984000000", "investmentIncomeNet": "None", "netInterestIncome": "None", "interestIncome": "None", "interestExpense": "116000000", "nonInterestIncome": "None", "otherNonOperatingIncome": "25000000", "depreciation": "None", "depreciationAndAmortization": "229000000", "incomeBeforeTax": "465000000", "incomeTaxExpense": "103000000", "interestAndDebtExpense": "None", "netIncomeFromContinuingOperations": "362000000", "comprehensiveIncomeNetOfTax": "None", "ebit": "581000000", "ebitda": "810000000", "netIncome": "371000000"}, {"fiscalDateEnding": "2013-12-31", "reportedCurrency": "USD", "grossProfit": "1840000000", "totalRevenue": "34306000000", "costOfRevenue": "32466000000", "costofGoodsAndServicesSold": "32466000000", "operatingIncome": "485000000", "sellingGeneralAndAdministrative": "1337000000", "researchAndDevelopment": "0", "operatingExpenses": "1337000000", "investmentIncomeNet": "None", "netInterestIncome": "None", "interestIncome": "None", "interestExpense": "69000000", "nonInterestIncome": "None", "otherNonOperatingIncome": "-8000000", "depreciation": "None", "depreciationAndAmortization": "159000000", "incomeBeforeTax": "408000000", "incomeTaxExpense": "252000000", "interestAndDebtExpense": "None", "netIncomeFromContinuingOperations": "156000000", "comprehensiveIncomeNetOfTax": "None", "ebit": "495000000", "ebitda": "654000000", "netIncome": "64000000"}, {"fiscalDateEnding": "2013-09-30", "reportedCurrency": "USD", "grossProfit": "2009000000", "totalRevenue": "32954000000", "costOfRevenue": "30945000000", "costofGoodsAndServicesSold": "30945000000", "operatingIncome": "679000000", "sellingGeneralAndAdministrative": "1295000000", "researchAndDevelopment": "0", "operatingExpenses": "1295000000", "investmentIncomeNet": "None", "netInterestIncome": "None", "interestIncome": "None", "interestExpense": "59000000", "nonInterestIncome": "None", "otherNonOperatingIncome": "9000000", "depreciation": "None", "depreciationAndAmortization": "162000000", "incomeBeforeTax": "629000000", "incomeTaxExpense": "213000000", "interestAndDebtExpense": "None", "netIncomeFromContinuingOperations": "416000000", "comprehensiveIncomeNetOfTax": "None", "ebit": "742000000", "ebitda": "904000000", "netIncome": "404000000"}, {"fiscalDateEnding": "2013-06-30", "reportedCurrency": "USD", "grossProfit": "1920000000", "totalRevenue": "32208000000", "costOfRevenue": "30288000000", "costofGoodsAndServicesSold": "30288000000", "operatingIncome": "647000000", "sellingGeneralAndAdministrative": "1258000000", "researchAndDevelopment": "0", "operatingExpenses": "1258000000", "investmentIncomeNet": "None", "netInterestIncome": "None", "interestIncome": "None", "interestExpense": "59000000", "nonInterestIncome": "None", "otherNonOperatingIncome": "6000000", "depreciation": "None", "depreciationAndAmortization": "154000000", "incomeBeforeTax": "594000000", "incomeTaxExpense": "174000000", "interestAndDebtExpense": "None", "netIncomeFromContinuingOperations": "420000000", "comprehensiveIncomeNetOfTax": "None", "ebit": "669000000", "ebitda": "823000000", "netIncome": "424000000"}, {"fiscalDateEnding": "2013-03-31", "reportedCurrency": "USD", "grossProfit": "1996000000", "totalRevenue": "30620000000", "costOfRevenue": "28624000000", "costofGoodsAndServicesSold": "28624000000", "operatingIncome": "640000000", "sellingGeneralAndAdministrative": "864000000", "researchAndDevelopment": "433000000", "operatingExpenses": "1344000000", "investmentIncomeNet": "None", "netInterestIncome": "None", "interestIncome": "None", "interestExpense": "70000000", "nonInterestIncome": "None", "otherNonOperatingIncome": "-184000000", "depreciation": "None", "depreciationAndAmortization": "163000000", "incomeBeforeTax": "386000000", "incomeTaxExpense": "127000000", "interestAndDebtExpense": "None", "netIncomeFromContinuingOperations": "259000000", "comprehensiveIncomeNetOfTax": "None", "ebit": "456000000", "ebitda": "619000000", "netIncome": "259000000"}, {"fiscalDateEnding": "2012-12-31", "reportedCurrency": "USD", "grossProfit": "1668000000", "totalRevenue": "31187000000", "costOfRevenue": "29519000000", "costofGoodsAndServicesSold": "29519000000", "operatingIncome": "485000000", "sellingGeneralAndAdministrative": "1183000000", "researchAndDevelopment": "0", "operatingExpenses": "1183000000", "investmentIncomeNet": "None", "netInterestIncome": "None", "interestIncome": "None", "interestExpense": "59000000", "nonInterestIncome": "None", "otherNonOperatingIncome": "10000000", "depreciation": "None", "depreciationAndAmortization": "146000000", "incomeBeforeTax": "436000000", "incomeTaxExpense": "138000000", "interestAndDebtExpense": "None", "netIncomeFromContinuingOperations": "298000000", "comprehensiveIncomeNetOfTax": "None", "ebit": "493000000", "ebitda": "639000000", "netIncome": "298000000"}, {"fiscalDateEnding": "2012-09-30", "reportedCurrency": "USD", "grossProfit": "1720000000", "totalRevenue": "29850000000", "costOfRevenue": "28130000000", "costofGoodsAndServicesSold": "28130000000", "operatingIncome": "611000000", "sellingGeneralAndAdministrative": "1065000000", "researchAndDevelopment": "0", "operatingExpenses": "1065000000", "investmentIncomeNet": "None", "netInterestIncome": "None", "interestIncome": "None", "interestExpense": "55000000", "nonInterestIncome": "None", "otherNonOperatingIncome": "10000000", "depreciation": "None", "depreciationAndAmortization": "142000000", "incomeBeforeTax": "566000000", "incomeTaxExpense": "165000000", "interestAndDebtExpense": "None", "netIncomeFromContinuingOperations": "401000000", "comprehensiveIncomeNetOfTax": "None", "ebit": "601000000", "ebitda": "743000000", "netIncome": "401000000"}, {"fiscalDateEnding": "2012-06-30", "reportedCurrency": "USD", "grossProfit": "1600000000", "totalRevenue": "30798000000", "costOfRevenue": "29198000000", "costofGoodsAndServicesSold": "29198000000", "operatingIncome": "579000000", "sellingGeneralAndAdministrative": "1086000000", "researchAndDevelopment": "0", "operatingExpenses": "1005000000", "investmentIncomeNet": "None", "netInterestIncome": "None", "interestIncome": "None", "interestExpense": "56000000", "nonInterestIncome": "None", "otherNonOperatingIncome": "8000000", "depreciation": "None", "depreciationAndAmortization": "140000000", "incomeBeforeTax": "531000000", "incomeTaxExpense": "151000000", "interestAndDebtExpense": "None", "netIncomeFromContinuingOperations": "380000000", "comprehensiveIncomeNetOfTax": "None", "ebit": "569000000", "ebitda": "709000000", "netIncome": "380000000"}, {"fiscalDateEnding": "2012-03-31", "reportedCurrency": "USD", "grossProfit": "1845000000", "totalRevenue": "31699000000", "costOfRevenue": "29854000000", "costofGoodsAndServicesSold": "29854000000", "operatingIncome": "707000000", "sellingGeneralAndAdministrative": "694000000", "researchAndDevelopment": "440000000", "operatingExpenses": "1134000000", "investmentIncomeNet": "None", "netInterestIncome": "None", "interestIncome": "None", "interestExpense": "59000000", "nonInterestIncome": "None", "otherNonOperatingIncome": "9000000", "depreciation": "None", "depreciationAndAmortization": "143000000", "incomeBeforeTax": "657000000", "incomeTaxExpense": "136000000", "interestAndDebtExpense": "None", "netIncomeFromContinuingOperations": "521000000", "comprehensiveIncomeNetOfTax": "None", "ebit": "716000000", "ebitda": "859000000", "netIncome": "521000000"}, {"fiscalDateEnding": "2011-12-31", "reportedCurrency": "USD", "grossProfit": "1566000000", "totalRevenue": "30839000000", "costOfRevenue": "29273000000", "costofGoodsAndServicesSold": "29273000000", "operatingIncome": "492000000", "sellingGeneralAndAdministrative": "1047000000", "researchAndDevelopment": "0", "operatingExpenses": "1047000000", "investmentIncomeNet": "None", "netInterestIncome": "None", "interestIncome": "None", "interestExpense": "64000000", "nonInterestIncome": "None", "otherNonOperatingIncome": "-2000000", "depreciation": "None", "depreciationAndAmortization": "137000000", "incomeBeforeTax": "426000000", "incomeTaxExpense": "126000000", "interestAndDebtExpense": "None", "netIncomeFromContinuingOperations": "300000000", "comprehensiveIncomeNetOfTax": "None", "ebit": "490000000", "ebitda": "627000000", "netIncome": "300000000"}, {"fiscalDateEnding": "2011-09-30", "reportedCurrency": "USD", "grossProfit": "1647000000", "totalRevenue": "30216000000", "costOfRevenue": "28569000000", "costofGoodsAndServicesSold": "28569000000", "operatingIncome": "478000000", "sellingGeneralAndAdministrative": "1051000000", "researchAndDevelopment": "0", "operatingExpenses": "1051000000", "investmentIncomeNet": "None", "netInterestIncome": "None", "interestIncome": "None", "interestExpense": "64000000", "nonInterestIncome": "None", "otherNonOperatingIncome": "6000000", "depreciation": "None", "depreciationAndAmortization": "136000000", "incomeBeforeTax": "420000000", "incomeTaxExpense": "124000000", "interestAndDebtExpense": "None", "netIncomeFromContinuingOperations": "296000000", "comprehensiveIncomeNetOfTax": "None", "ebit": "484000000", "ebitda": "620000000", "netIncome": "296000000"}, {"fiscalDateEnding": "2011-06-30", "reportedCurrency": "USD", "grossProfit": "1509000000", "totalRevenue": "29980000000", "costOfRevenue": "28471000000", "costofGoodsAndServicesSold": "28471000000", "operatingIncome": "472000000", "sellingGeneralAndAdministrative": "1037000000", "researchAndDevelopment": "0", "operatingExpenses": "1037000000", "investmentIncomeNet": "None", "netInterestIncome": "None", "interestIncome": "None", "interestExpense": "64000000", "nonInterestIncome": "None", "otherNonOperatingIncome": "8000000", "depreciation": "None", "depreciationAndAmortization": "135000000", "incomeBeforeTax": "416000000", "incomeTaxExpense": "130000000", "interestAndDebtExpense": "None", "netIncomeFromContinuingOperations": "286000000", "comprehensiveIncomeNetOfTax": "None", "ebit": "480000000", "ebitda": "615000000", "netIncome": "286000000"}, {"fiscalDateEnding": "2011-03-31", "reportedCurrency": "USD", "grossProfit": "1751000000", "totalRevenue": "28853000000", "costOfRevenue": "27102000000", "costofGoodsAndServicesSold": "27102000000", "operatingIncome": "623000000", "sellingGeneralAndAdministrative": "508000000", "researchAndDevelopment": "407000000", "operatingExpenses": "915000000", "investmentIncomeNet": "None", "netInterestIncome": "None", "interestIncome": "None", "interestExpense": "82000000", "nonInterestIncome": "None", "otherNonOperatingIncome": "17000000", "depreciation": "None", "depreciationAndAmortization": "-213000000", "incomeBeforeTax": "558000000", "incomeTaxExpense": "136000000", "interestAndDebtExpense": "None", "netIncomeFromContinuingOperations": "422000000", "comprehensiveIncomeNetOfTax": "None", "ebit": "853000000", "ebitda": "640000000", "netIncome": "422000000"}, {"fiscalDateEnding": "2010-12-31", "reportedCurrency": "USD", "grossProfit": "1461000000", "totalRevenue": "28247000000", "costOfRevenue": "26786000000", "costofGoodsAndServicesSold": "26786000000", "operatingIncome": "307000000", "sellingGeneralAndAdministrative": "965000000", "researchAndDevelopment": "0", "operatingExpenses": "965000000", "investmentIncomeNet": "None", "netInterestIncome": "None", "interestIncome": "None", "interestExpense": "53000000", "nonInterestIncome": "None", "otherNonOperatingIncome": "7000000", "depreciation": "None", "depreciationAndAmortization": "114000000", "incomeBeforeTax": "261000000", "incomeTaxExpense": "106000000", "interestAndDebtExpense": "None", "netIncomeFromContinuingOperations": "155000000", "comprehensiveIncomeNetOfTax": "None", "ebit": "314000000", "ebitda": "428000000", "netIncome": "155000000"}, {"fiscalDateEnding": "2010-09-30", "reportedCurrency": "USD", "grossProfit": "1366000000", "totalRevenue": "27534000000", "costOfRevenue": "26168000000", "costofGoodsAndServicesSold": "26168000000", "operatingIncome": "417000000", "sellingGeneralAndAdministrative": "925000000", "researchAndDevelopment": "0", "operatingExpenses": "949000000", "investmentIncomeNet": "None", "netInterestIncome": "None", "interestIncome": "None", "interestExpense": "44000000", "nonInterestIncome": "None", "otherNonOperatingIncome": "3000000", "depreciation": "None", "depreciationAndAmortization": "118000000", "incomeBeforeTax": "376000000", "incomeTaxExpense": "121000000", "interestAndDebtExpense": "None", "netIncomeFromContinuingOperations": "255000000", "comprehensiveIncomeNetOfTax": "None", "ebit": "420000000", "ebitda": "538000000", "netIncome": "327000000"}, {"fiscalDateEnding": "2010-06-30", "reportedCurrency": "USD", "grossProfit": "1392000000", "totalRevenue": "27450000000", "costOfRevenue": "26058000000", "costofGoodsAndServicesSold": "26058000000", "operatingIncome": "474000000", "sellingGeneralAndAdministrative": "918000000", "researchAndDevelopment": "0", "operatingExpenses": "918000000", "investmentIncomeNet": "None", "netInterestIncome": "None", "interestIncome": "None", "interestExpense": "43000000", "nonInterestIncome": "None", "otherNonOperatingIncome": "9000000", "depreciation": "None", "depreciationAndAmortization": "120000000", "incomeBeforeTax": "440000000", "incomeTaxExpense": "142000000", "interestAndDebtExpense": "None", "netIncomeFromContinuingOperations": "298000000", "comprehensiveIncomeNetOfTax": "None", "ebit": "483000000", "ebitda": "603000000", "netIncome": "298000000"}, {"fiscalDateEnding": "2010-03-31", "reportedCurrency": "USD", "grossProfit": "1583000000", "totalRevenue": "26643000000", "costOfRevenue": "25060000000", "costofGoodsAndServicesSold": "25060000000", "operatingIncome": "573000000", "sellingGeneralAndAdministrative": "2586000000", "researchAndDevelopment": "376000000", "operatingExpenses": "1010000000", "investmentIncomeNet": "None", "netInterestIncome": "None", "interestIncome": "None", "interestExpense": "45000000", "nonInterestIncome": "None", "otherNonOperatingIncome": "4000000", "depreciation": "None", "depreciationAndAmortization": "124000000", "incomeBeforeTax": "532000000", "incomeTaxExpense": "184000000", "interestAndDebtExpense": "None", "netIncomeFromContinuingOperations": "348000000", "comprehensiveIncomeNetOfTax": "None", "ebit": "577000000", "ebitda": "701000000", "netIncome": "348000000"}, {"fiscalDateEnding": "2009-12-31", "reportedCurrency": "USD", "grossProfit": "1455000000", "totalRevenue": "28272000000", "costOfRevenue": "26817000000", "costofGoodsAndServicesSold": "26817000000", "operatingIncome": "509000000", "sellingGeneralAndAdministrative": "946000000", "researchAndDevelopment": "0", "operatingExpenses": "946000000", "investmentIncomeNet": "None", "netInterestIncome": "None", "interestIncome": "None", "interestExpense": "47000000", "nonInterestIncome": "None", "otherNonOperatingIncome": "25000000", "depreciation": "None", "depreciationAndAmortization": "126000000", "incomeBeforeTax": "487000000", "incomeTaxExpense": "161000000", "interestAndDebtExpense": "None", "netIncomeFromContinuingOperations": "326000000", "comprehensiveIncomeNetOfTax": "None", "ebit": "534000000", "ebitda": "660000000", "netIncome": "326000000"}, {"fiscalDateEnding": "2009-09-30", "reportedCurrency": "USD", "grossProfit": "1335000000", "totalRevenue": "27130000000", "costOfRevenue": "25795000000", "costofGoodsAndServicesSold": "25795000000", "operatingIncome": "467000000", "sellingGeneralAndAdministrative": "868000000", "researchAndDevelopment": "0", "operatingExpenses": "868000000", "investmentIncomeNet": "None", "netInterestIncome": "None", "interestIncome": "None", "interestExpense": "47000000", "nonInterestIncome": "None", "otherNonOperatingIncome": "4000000", "depreciation": "None", "depreciationAndAmortization": "113000000", "incomeBeforeTax": "424000000", "incomeTaxExpense": "123000000", "interestAndDebtExpense": "None", "netIncomeFromContinuingOperations": "301000000", "comprehensiveIncomeNetOfTax": "None", "ebit": "471000000", "ebitda": "584000000", "netIncome": "301000000"}, {"fiscalDateEnding": "2009-06-30", "reportedCurrency": "USD", "grossProfit": "1303000000", "totalRevenue": "26657000000", "costOfRevenue": "25354000000", "costofGoodsAndServicesSold": "25354000000", "operatingIncome": "459000000", "sellingGeneralAndAdministrative": "844000000", "researchAndDevelopment": "0", "operatingExpenses": "844000000", "investmentIncomeNet": "None", "netInterestIncome": "None", "interestIncome": "None", "interestExpense": "48000000", "nonInterestIncome": "None", "otherNonOperatingIncome": "10000000", "depreciation": "None", "depreciationAndAmortization": "111000000", "incomeBeforeTax": "421000000", "incomeTaxExpense": "133000000", "interestAndDebtExpense": "None", "netIncomeFromContinuingOperations": "288000000", "comprehensiveIncomeNetOfTax": "None", "ebit": "469000000", "ebitda": "580000000", "netIncome": "288000000"}, {"fiscalDateEnding": "2009-03-31", "reportedCurrency": "USD", "grossProfit": "1465000000", "totalRevenue": "26224000000", "costOfRevenue": "24759000000", "costofGoodsAndServicesSold": "24759000000", "operatingIncome": "498000000", "sellingGeneralAndAdministrative": "1096000000", "researchAndDevelopment": "364000000", "operatingExpenses": "967000000", "investmentIncomeNet": "None", "netInterestIncome": "None", "interestIncome": "None", "interestExpense": "111000000", "nonInterestIncome": "None", "otherNonOperatingIncome": "None", "depreciation": "None", "depreciationAndAmortization": "111000000", "incomeBeforeTax": "397000000", "incomeTaxExpense": "116000000", "interestAndDebtExpense": "None", "netIncomeFromContinuingOperations": "0", "comprehensiveIncomeNetOfTax": "None", "ebit": "510000000", "ebitda": "621000000", "netIncome": "281000000"}, {"fiscalDateEnding": "2008-12-31", "reportedCurrency": "USD", "grossProfit": "1343000000", "totalRevenue": "27130000000", "costOfRevenue": "25787000000", "costofGoodsAndServicesSold": "25787000000", "operatingIncome": "-54000000", "sellingGeneralAndAdministrative": "904000000", "researchAndDevelopment": "0", "operatingExpenses": "1397000000", "investmentIncomeNet": "None", "netInterestIncome": "None", "interestIncome": "None", "interestExpense": "33000000", "nonInterestIncome": "None", "otherNonOperatingIncome": "None", "depreciation": "None", "depreciationAndAmortization": "112000000", "incomeBeforeTax": "-70000000", "incomeTaxExpense": "-50000000", "interestAndDebtExpense": "None", "netIncomeFromContinuingOperations": "0", "comprehensiveIncomeNetOfTax": "None", "ebit": "-37000000", "ebitda": "75000000", "netIncome": "-20000000"}, {"fiscalDateEnding": "2008-09-30", "reportedCurrency": "USD", "grossProfit": "1302000000", "totalRevenue": "26574000000", "costOfRevenue": "25272000000", "costofGoodsAndServicesSold": "25272000000", "operatingIncome": "381000000", "sellingGeneralAndAdministrative": "921000000", "researchAndDevelopment": "0", "operatingExpenses": "921000000", "investmentIncomeNet": "None", "netInterestIncome": "None", "interestIncome": "None", "interestExpense": "35000000", "nonInterestIncome": "None", "otherNonOperatingIncome": "None", "depreciation": "None", "depreciationAndAmortization": "112000000", "incomeBeforeTax": "379000000", "incomeTaxExpense": "52000000", "interestAndDebtExpense": "None", "netIncomeFromContinuingOperations": "0", "comprehensiveIncomeNetOfTax": "None", "ebit": "348000000", "ebitda": "460000000", "netIncome": "327000000"}, {"fiscalDateEnding": "2008-06-30", "reportedCurrency": "USD", "grossProfit": "1268000000", "totalRevenue": "26704000000", "costOfRevenue": "25436000000", "costofGoodsAndServicesSold": "25436000000", "operatingIncome": "371000000", "sellingGeneralAndAdministrative": "897000000", "researchAndDevelopment": "0", "operatingExpenses": "897000000", "investmentIncomeNet": "None", "netInterestIncome": "None", "interestIncome": "None", "interestExpense": "34000000", "nonInterestIncome": "None", "otherNonOperatingIncome": "None", "depreciation": "None", "depreciationAndAmortization": "106000000", "incomeBeforeTax": "358000000", "incomeTaxExpense": "123000000", "interestAndDebtExpense": "None", "netIncomeFromContinuingOperations": "0", "comprehensiveIncomeNetOfTax": "None", "ebit": "350000000", "ebitda": "456000000", "netIncome": "235000000"}, {"fiscalDateEnding": "2008-03-31", "reportedCurrency": "USD", "grossProfit": "1447000000", "totalRevenue": "26231000000", "costOfRevenue": "24784000000", "costofGoodsAndServicesSold": "24784000000", "operatingIncome": "481000000", "sellingGeneralAndAdministrative": "619000000", "researchAndDevelopment": "347000000", "operatingExpenses": "966000000", "investmentIncomeNet": "None", "netInterestIncome": "None", "interestIncome": "None", "interestExpense": "70000000", "nonInterestIncome": "None", "otherNonOperatingIncome": "None", "depreciation": "None", "depreciationAndAmortization": "100000000", "incomeBeforeTax": "464000000", "incomeTaxExpense": "159000000", "interestAndDebtExpense": "None", "netIncomeFromContinuingOperations": "0", "comprehensiveIncomeNetOfTax": "None", "ebit": "481000000", "ebitda": "581000000", "netIncome": "307000000"}, {"fiscalDateEnding": "2007-12-31", "reportedCurrency": "USD", "grossProfit": "1204000000", "totalRevenue": "26494000000", "costOfRevenue": "25290000000", "costofGoodsAndServicesSold": "25290000000", "operatingIncome": "282000000", "sellingGeneralAndAdministrative": "922000000", "researchAndDevelopment": "0", "operatingExpenses": "922000000", "investmentIncomeNet": "None", "netInterestIncome": "None", "interestIncome": "None", "interestExpense": "36000000", "nonInterestIncome": "None", "otherNonOperatingIncome": "None", "depreciation": "None", "depreciationAndAmortization": "93000000", "incomeBeforeTax": "277000000", "incomeTaxExpense": "76000000", "interestAndDebtExpense": "None", "netIncomeFromContinuingOperations": "0", "comprehensiveIncomeNetOfTax": "None", "ebit": "189000000", "ebitda": "282000000", "netIncome": "201000000"}, {"fiscalDateEnding": "2007-09-30", "reportedCurrency": "USD", "grossProfit": "1181000000", "totalRevenue": "24450000000", "costOfRevenue": "23269000000", "costofGoodsAndServicesSold": "23269000000", "operatingIncome": "359000000", "sellingGeneralAndAdministrative": "827000000", "researchAndDevelopment": "0", "operatingExpenses": "822000000", "investmentIncomeNet": "None", "netInterestIncome": "None", "interestIncome": "None", "interestExpense": "36000000", "nonInterestIncome": "None", "otherNonOperatingIncome": "None", "depreciation": "None", "depreciationAndAmortization": "89000000", "incomeBeforeTax": "359000000", "incomeTaxExpense": "112000000", "interestAndDebtExpense": "None", "netIncomeFromContinuingOperations": "0", "comprehensiveIncomeNetOfTax": "None", "ebit": "270000000", "ebitda": "359000000", "netIncome": "247000000"}, {"fiscalDateEnding": "2007-06-30", "reportedCurrency": "USD", "grossProfit": "1177000000", "totalRevenue": "24528000000", "costOfRevenue": "23351000000", "costofGoodsAndServicesSold": "23351000000", "operatingIncome": "356000000", "sellingGeneralAndAdministrative": "821000000", "researchAndDevelopment": "0", "operatingExpenses": "821000000", "investmentIncomeNet": "None", "netInterestIncome": "None", "interestIncome": "None", "interestExpense": "36000000", "nonInterestIncome": "None", "otherNonOperatingIncome": "None", "depreciation": "None", "depreciationAndAmortization": "89000000", "incomeBeforeTax": "357000000", "incomeTaxExpense": "121000000", "interestAndDebtExpense": "None", "netIncomeFromContinuingOperations": "0", "comprehensiveIncomeNetOfTax": "None", "ebit": "267000000", "ebitda": "356000000", "netIncome": "235000000"}, {"fiscalDateEnding": "2007-03-31", "reportedCurrency": "USD", "grossProfit": "1251000000", "totalRevenue": "24165000000", "costOfRevenue": "22914000000", "costofGoodsAndServicesSold": "22914000000", "operatingIncome": "368000000", "sellingGeneralAndAdministrative": "599000000", "researchAndDevelopment": "284000000", "operatingExpenses": "883000000", "investmentIncomeNet": "None", "netInterestIncome": "None", "interestIncome": "None", "interestExpense": "54000000", "nonInterestIncome": "None", "otherNonOperatingIncome": "None", "depreciation": "None", "depreciationAndAmortization": "87000000", "incomeBeforeTax": "363000000", "incomeTaxExpense": "106000000", "interestAndDebtExpense": "None", "netIncomeFromContinuingOperations": "0", "comprehensiveIncomeNetOfTax": "None", "ebit": "368000000", "ebitda": "455000000", "netIncome": "257000000"}, {"fiscalDateEnding": "2006-12-31", "reportedCurrency": "USD", "grossProfit": "1061000000", "totalRevenue": "23111000000", "costOfRevenue": "22050000000", "costofGoodsAndServicesSold": "22050000000", "operatingIncome": "318000000", "sellingGeneralAndAdministrative": "743000000", "researchAndDevelopment": "0", "operatingExpenses": "743000000", "investmentIncomeNet": "None", "netInterestIncome": "None", "interestIncome": "None", "interestExpense": "23000000", "nonInterestIncome": "None", "otherNonOperatingIncome": "None", "depreciation": "None", "depreciationAndAmortization": "69000000", "incomeBeforeTax": "334000000", "incomeTaxExpense": "94000000", "interestAndDebtExpense": "None", "netIncomeFromContinuingOperations": "0", "comprehensiveIncomeNetOfTax": "None", "ebit": "249000000", "ebitda": "318000000", "netIncome": "243000000"}, {"fiscalDateEnding": "2006-09-30", "reportedCurrency": "USD", "grossProfit": "1024000000", "totalRevenue": "22386000000", "costOfRevenue": "21362000000", "costofGoodsAndServicesSold": "21362000000", "operatingIncome": "306000000", "sellingGeneralAndAdministrative": "724000000", "researchAndDevelopment": "0", "operatingExpenses": "718000000", "investmentIncomeNet": "None", "netInterestIncome": "None", "interestIncome": "None", "interestExpense": "22000000", "nonInterestIncome": "None", "otherNonOperatingIncome": "None", "depreciation": "None", "depreciationAndAmortization": "69000000", "incomeBeforeTax": "316000000", "incomeTaxExpense": "29000000", "interestAndDebtExpense": "None", "netIncomeFromContinuingOperations": "0", "comprehensiveIncomeNetOfTax": "None", "ebit": "237000000", "ebitda": "306000000", "netIncome": "229000000"}, {"fiscalDateEnding": "2006-06-30", "reportedCurrency": "USD", "grossProfit": "1023000000", "totalRevenue": "23616000000", "costOfRevenue": "22593000000", "costofGoodsAndServicesSold": "22593000000", "operatingIncome": "272000000", "sellingGeneralAndAdministrative": "751000000", "researchAndDevelopment": "0", "operatingExpenses": "751000000", "investmentIncomeNet": "None", "netInterestIncome": "None", "interestIncome": "None", "interestExpense": "22000000", "nonInterestIncome": "None", "otherNonOperatingIncome": "None", "depreciation": "None", "depreciationAndAmortization": "70000000", "incomeBeforeTax": "285000000", "incomeTaxExpense": "101000000", "interestAndDebtExpense": "None", "netIncomeFromContinuingOperations": "0", "comprehensiveIncomeNetOfTax": "None", "ebit": "202000000", "ebitda": "272000000", "netIncome": "184000000"}, {"fiscalDateEnding": "2006-03-31", "reportedCurrency": "USD", "grossProfit": "1060000000", "totalRevenue": "22785000000", "costOfRevenue": "21725000000", "costofGoodsAndServicesSold": "21725000000", "operatingIncome": "332000000", "sellingGeneralAndAdministrative": "513000000", "researchAndDevelopment": "223000000", "operatingExpenses": "728000000", "investmentIncomeNet": "None", "netInterestIncome": "None", "interestIncome": "None", "interestExpense": "50000000", "nonInterestIncome": "None", "otherNonOperatingIncome": "None", "depreciation": "None", "depreciationAndAmortization": "68000000", "incomeBeforeTax": "349000000", "incomeTaxExpense": "129000000", "interestAndDebtExpense": "None", "netIncomeFromContinuingOperations": "0", "comprehensiveIncomeNetOfTax": "None", "ebit": "332000000", "ebitda": "400000000", "netIncome": "220000000"}, {"fiscalDateEnding": "2005-12-31", "reportedCurrency": "USD", "grossProfit": "983000000", "totalRevenue": "22602000000", "costOfRevenue": "21619000000", "costofGoodsAndServicesSold": "21619000000", "operatingIncome": "292000000", "sellingGeneralAndAdministrative": "690000000", "researchAndDevelopment": "0", "operatingExpenses": "691000000", "investmentIncomeNet": "None", "netInterestIncome": "None", "interestIncome": "None", "interestExpense": "23000000", "nonInterestIncome": "None", "otherNonOperatingIncome": "None", "depreciation": "None", "depreciationAndAmortization": "71000000", "incomeBeforeTax": "303000000", "incomeTaxExpense": "110000000", "interestAndDebtExpense": "None", "netIncomeFromContinuingOperations": "0", "comprehensiveIncomeNetOfTax": "None", "ebit": "297000000", "ebitda": "368000000", "netIncome": "193000000"}, {"fiscalDateEnding": "2005-09-30", "reportedCurrency": "USD", "grossProfit": "894000000", "totalRevenue": "21605000000", "costOfRevenue": "20711000000", "costofGoodsAndServicesSold": "20711000000", "operatingIncome": "229000000", "sellingGeneralAndAdministrative": "665000000", "researchAndDevelopment": "0", "operatingExpenses": "665000000", "investmentIncomeNet": "None", "netInterestIncome": "None", "interestIncome": "None", "interestExpense": "22000000", "nonInterestIncome": "None", "otherNonOperatingIncome": "None", "depreciation": "None", "depreciationAndAmortization": "63000000", "incomeBeforeTax": "242000000", "incomeTaxExpense": "88000000", "interestAndDebtExpense": "None", "netIncomeFromContinuingOperations": "0", "comprehensiveIncomeNetOfTax": "None", "ebit": "224000000", "ebitda": "287000000", "netIncome": "167000000"}, {"fiscalDateEnding": "2005-06-30", "reportedCurrency": "USD", "grossProfit": "925000000", "totalRevenue": "21058000000", "costOfRevenue": "20133000000", "costofGoodsAndServicesSold": "20133000000", "operatingIncome": "261000000", "sellingGeneralAndAdministrative": "612000000", "researchAndDevelopment": "0", "operatingExpenses": "664000000", "investmentIncomeNet": "None", "netInterestIncome": "None", "interestIncome": "None", "interestExpense": "1000000", "nonInterestIncome": "None", "otherNonOperatingIncome": "None", "depreciation": "None", "depreciationAndAmortization": "64000000", "incomeBeforeTax": "264000000", "incomeTaxExpense": "94000000", "interestAndDebtExpense": "None", "netIncomeFromContinuingOperations": "0", "comprehensiveIncomeNetOfTax": "None", "ebit": "197000000", "ebitda": "261000000", "netIncome": "171000000"}, {"fiscalDateEnding": "2005-03-31", "reportedCurrency": "USD", "grossProfit": "1037100000", "totalRevenue": "20611800000", "costOfRevenue": "19574700000", "costofGoodsAndServicesSold": "19574700000", "operatingIncome": "385300000", "sellingGeneralAndAdministrative": "469800000", "researchAndDevelopment": "182000000", "operatingExpenses": "651800000", "investmentIncomeNet": "None", "netInterestIncome": "None", "interestIncome": "None", "interestExpense": "27600000", "nonInterestIncome": "None", "otherNonOperatingIncome": "None", "depreciation": "None", "depreciationAndAmortization": "65100000", "incomeBeforeTax": "380700000", "incomeTaxExpense": "121700000", "interestAndDebtExpense": "None", "netIncomeFromContinuingOperations": "0", "comprehensiveIncomeNetOfTax": "None", "ebit": "385300000", "ebitda": "450400000", "netIncome": "259000000"}, {"fiscalDateEnding": "2004-12-31", "reportedCurrency": "USD", "grossProfit": "840600000", "totalRevenue": "20781900000", "costOfRevenue": "19941300000", "costofGoodsAndServicesSold": "19941300000", "operatingIncome": "-965400000", "sellingGeneralAndAdministrative": "606000000", "researchAndDevelopment": "0", "operatingExpenses": "1806000000", "investmentIncomeNet": "None", "netInterestIncome": "None", "interestIncome": "None", "interestExpense": "30600000", "nonInterestIncome": "None", "otherNonOperatingIncome": "None", "depreciation": "None", "depreciationAndAmortization": "62300000", "incomeBeforeTax": "-980200000", "incomeTaxExpense": "-314800000", "interestAndDebtExpense": "None", "netIncomeFromContinuingOperations": "0", "comprehensiveIncomeNetOfTax": "None", "ebit": "-967300000", "ebitda": "-905000000", "netIncome": "-665400000"}]}