{"symbol": "PCG", "annualReports": [{"fiscalDateEnding": "2024-12-31", "reportedCurrency": "USD", "grossProfit": "9158000000", "totalRevenue": "24419000000", "costOfRevenue": "15261000000", "costofGoodsAndServicesSold": "15261000000", "operatingIncome": "4459000000", "sellingGeneralAndAdministrative": "None", "researchAndDevelopment": "None", "operatingExpenses": "4699000000", "investmentIncomeNet": "None", "netInterestIncome": "-2447000000", "interestIncome": "604000000", "interestExpense": "3051000000", "nonInterestIncome": "None", "otherNonOperatingIncome": "None", "depreciation": "None", "depreciationAndAmortization": "4189000000", "incomeBeforeTax": "2404000000", "incomeTaxExpense": "-94000000", "interestAndDebtExpense": "None", "netIncomeFromContinuingOperations": "2512000000", "comprehensiveIncomeNetOfTax": "None", "ebit": "5363000000", "ebitda": "9552000000", "netIncome": "2512000000"}, {"fiscalDateEnding": "2023-12-31", "reportedCurrency": "USD", "grossProfit": "8307000000", "totalRevenue": "24428000000", "costOfRevenue": "16121000000", "costofGoodsAndServicesSold": "16121000000", "operatingIncome": "2671000000", "sellingGeneralAndAdministrative": "None", "researchAndDevelopment": "None", "operatingExpenses": "5636000000", "investmentIncomeNet": "None", "netInterestIncome": "-1985000000", "interestIncome": "501000000", "interestExpense": "2850000000", "nonInterestIncome": "None", "otherNonOperatingIncome": "None", "depreciation": "None", "depreciationAndAmortization": "3738000000", "incomeBeforeTax": "699000000", "incomeTaxExpense": "-1557000000", "interestAndDebtExpense": "None", "netIncomeFromContinuingOperations": "1850000000", "comprehensiveIncomeNetOfTax": "None", "ebit": "3448000000", "ebitda": "7186000000", "netIncome": "2256000000"}, {"fiscalDateEnding": "2022-12-31", "reportedCurrency": "USD", "grossProfit": "7015000000", "totalRevenue": "21680000000", "costOfRevenue": "14665000000", "costofGoodsAndServicesSold": "14665000000", "operatingIncome": "1837000000", "sellingGeneralAndAdministrative": "143000000", "researchAndDevelopment": "None", "operatingExpenses": "5255000000", "investmentIncomeNet": "None", "netInterestIncome": "-1755000000", "interestIncome": "162000000", "interestExpense": "1917000000", "nonInterestIncome": "None", "otherNonOperatingIncome": "162000000", "depreciation": "None", "depreciationAndAmortization": "3856000000", "incomeBeforeTax": "476000000", "incomeTaxExpense": "-1338000000", "interestAndDebtExpense": "None", "netIncomeFromContinuingOperations": "1814000000", "comprehensiveIncomeNetOfTax": "None", "ebit": "2870000000", "ebitda": "6726000000", "netIncome": "1814000000"}, {"fiscalDateEnding": "2021-12-31", "reportedCurrency": "USD", "grossProfit": "6061000000", "totalRevenue": "20642000000", "costOfRevenue": "14581000000", "costofGoodsAndServicesSold": "14581000000", "operatingIncome": "1883000000", "sellingGeneralAndAdministrative": "154000000", "researchAndDevelopment": "None", "operatingExpenses": "4178000000", "investmentIncomeNet": "None", "netInterestIncome": "-1581000000", "interestIncome": "20000000", "interestExpense": "1601000000", "nonInterestIncome": "None", "otherNonOperatingIncome": "20000000", "depreciation": "None", "depreciationAndAmortization": "3403000000", "incomeBeforeTax": "748000000", "incomeTaxExpense": "836000000", "interestAndDebtExpense": "None", "netIncomeFromContinuingOperations": "1584000000", "comprehensiveIncomeNetOfTax": "None", "ebit": "2866000000", "ebitda": "6269000000", "netIncome": "-88000000"}, {"fiscalDateEnding": "2020-12-31", "reportedCurrency": "USD", "grossProfit": "5887000000", "totalRevenue": "18469000000", "costOfRevenue": "12582000000", "costofGoodsAndServicesSold": "12582000000", "operatingIncome": "2528000000", "sellingGeneralAndAdministrative": "None", "researchAndDevelopment": "None", "operatingExpenses": "3881000000", "investmentIncomeNet": "None", "netInterestIncome": "-1221000000", "interestIncome": "39000000", "interestExpense": "1260000000", "nonInterestIncome": "None", "otherNonOperatingIncome": "-1437000000", "depreciation": "None", "depreciationAndAmortization": "3881000000", "incomeBeforeTax": "-942000000", "incomeTaxExpense": "362000000", "interestAndDebtExpense": "None", "netIncomeFromContinuingOperations": "-1304000000", "comprehensiveIncomeNetOfTax": "None", "ebit": "318000000", "ebitda": "4199000000", "netIncome": "-1304000000"}, {"fiscalDateEnding": "2019-12-31", "reportedCurrency": "USD", "grossProfit": "4575000000", "totalRevenue": "17129000000", "costOfRevenue": "12554000000", "costofGoodsAndServicesSold": "12554000000", "operatingIncome": "1673000000", "sellingGeneralAndAdministrative": "36000000", "researchAndDevelopment": "None", "operatingExpenses": "3234000000", "investmentIncomeNet": "None", "netInterestIncome": "-852000000", "interestIncome": "852000000", "interestExpense": "934000000", "nonInterestIncome": "None", "otherNonOperatingIncome": "None", "depreciation": "None", "depreciationAndAmortization": "3234000000", "incomeBeforeTax": "-11042000000", "incomeTaxExpense": "-3400000000", "interestAndDebtExpense": "None", "netIncomeFromContinuingOperations": "-7642000000", "comprehensiveIncomeNetOfTax": "None", "ebit": "-10108000000", "ebitda": "-6874000000", "netIncome": "-7642000000"}, {"fiscalDateEnding": "2018-12-31", "reportedCurrency": "USD", "grossProfit": "5107000000", "totalRevenue": "16759000000", "costOfRevenue": "11652000000", "costofGoodsAndServicesSold": "11652000000", "operatingIncome": "-9700000000", "sellingGeneralAndAdministrative": "52000000", "researchAndDevelopment": "0", "operatingExpenses": "3036000000", "investmentIncomeNet": "None", "netInterestIncome": "-853000000", "interestIncome": "76000000", "interestExpense": "929000000", "nonInterestIncome": "None", "otherNonOperatingIncome": "500000000", "depreciation": "None", "depreciationAndAmortization": "3036000000", "incomeBeforeTax": "-10129000000", "incomeTaxExpense": "-3292000000", "interestAndDebtExpense": "None", "netIncomeFromContinuingOperations": "-6837000000", "comprehensiveIncomeNetOfTax": "None", "ebit": "-9200000000", "ebitda": "-6164000000", "netIncome": "-6837000000"}, {"fiscalDateEnding": "2017-12-31", "reportedCurrency": "USD", "grossProfit": "5810000000", "totalRevenue": "17135000000", "costOfRevenue": "11325000000", "costofGoodsAndServicesSold": "11325000000", "operatingIncome": "2956000000", "sellingGeneralAndAdministrative": "1000000", "researchAndDevelopment": "0", "operatingExpenses": "2854000000", "investmentIncomeNet": "None", "netInterestIncome": "-857000000", "interestIncome": "31000000", "interestExpense": "888000000", "nonInterestIncome": "None", "otherNonOperatingIncome": "103000000", "depreciation": "None", "depreciationAndAmortization": "2854000000", "incomeBeforeTax": "2171000000", "incomeTaxExpense": "511000000", "interestAndDebtExpense": "None", "netIncomeFromContinuingOperations": "1660000000", "comprehensiveIncomeNetOfTax": "None", "ebit": "3059000000", "ebitda": "5913000000", "netIncome": "1660000000"}, {"fiscalDateEnding": "2016-12-31", "reportedCurrency": "USD", "grossProfit": "4932000000", "totalRevenue": "17666000000", "costOfRevenue": "12734000000", "costofGoodsAndServicesSold": "12734000000", "operatingIncome": "2177000000", "sellingGeneralAndAdministrative": "12000000", "researchAndDevelopment": "0", "operatingExpenses": "2755000000", "investmentIncomeNet": "None", "netInterestIncome": "-806000000", "interestIncome": "23000000", "interestExpense": "829000000", "nonInterestIncome": "None", "otherNonOperatingIncome": "114000000", "depreciation": "None", "depreciationAndAmortization": "2755000000", "incomeBeforeTax": "1462000000", "incomeTaxExpense": "55000000", "interestAndDebtExpense": "None", "netIncomeFromContinuingOperations": "1407000000", "comprehensiveIncomeNetOfTax": "None", "ebit": "2291000000", "ebitda": "5046000000", "netIncome": "1407000000"}, {"fiscalDateEnding": "2015-12-31", "reportedCurrency": "USD", "grossProfit": "4120000000", "totalRevenue": "16833000000", "costOfRevenue": "12713000000", "costofGoodsAndServicesSold": "12713000000", "operatingIncome": "1508000000", "sellingGeneralAndAdministrative": "12000000", "researchAndDevelopment": "0", "operatingExpenses": "2612000000", "investmentIncomeNet": "None", "netInterestIncome": "None", "interestIncome": "764000000", "interestExpense": "773000000", "nonInterestIncome": "None", "otherNonOperatingIncome": "126000000", "depreciation": "None", "depreciationAndAmortization": "2612000000", "incomeBeforeTax": "861000000", "incomeTaxExpense": "-27000000", "interestAndDebtExpense": "None", "netIncomeFromContinuingOperations": "874000000", "comprehensiveIncomeNetOfTax": "None", "ebit": "1634000000", "ebitda": "4246000000", "netIncome": "888000000"}, {"fiscalDateEnding": "2014-12-31", "reportedCurrency": "USD", "grossProfit": "4883000000", "totalRevenue": "17090000000", "costOfRevenue": "12207000000", "costofGoodsAndServicesSold": "12207000000", "operatingIncome": "2450000000", "sellingGeneralAndAdministrative": "0", "researchAndDevelopment": "0", "operatingExpenses": "2433000000", "investmentIncomeNet": "None", "netInterestIncome": "None", "interestIncome": "None", "interestExpense": "734000000", "nonInterestIncome": "None", "otherNonOperatingIncome": "79000000", "depreciation": "None", "depreciationAndAmortization": "2433000000", "incomeBeforeTax": "1795000000", "incomeTaxExpense": "345000000", "interestAndDebtExpense": "None", "netIncomeFromContinuingOperations": "1450000000", "comprehensiveIncomeNetOfTax": "None", "ebit": "2450000000", "ebitda": "4883000000", "netIncome": "1450000000"}, {"fiscalDateEnding": "2013-12-31", "reportedCurrency": "USD", "grossProfit": "3839000000", "totalRevenue": "15598000000", "costOfRevenue": "11759000000", "costofGoodsAndServicesSold": "11759000000", "operatingIncome": "1762000000", "sellingGeneralAndAdministrative": "0", "researchAndDevelopment": "0", "operatingExpenses": "2077000000", "investmentIncomeNet": "None", "netInterestIncome": "None", "interestIncome": "None", "interestExpense": "715000000", "nonInterestIncome": "None", "otherNonOperatingIncome": "49000000", "depreciation": "None", "depreciationAndAmortization": "2077000000", "incomeBeforeTax": "1096000000", "incomeTaxExpense": "268000000", "interestAndDebtExpense": "None", "netIncomeFromContinuingOperations": "828000000", "comprehensiveIncomeNetOfTax": "None", "ebit": "1811000000", "ebitda": "3888000000", "netIncome": "828000000"}, {"fiscalDateEnding": "2012-12-31", "reportedCurrency": "USD", "grossProfit": "3965000000", "totalRevenue": "15040000000", "costOfRevenue": "11075000000", "costofGoodsAndServicesSold": "11075000000", "operatingIncome": "1693000000", "sellingGeneralAndAdministrative": "0", "researchAndDevelopment": "0", "operatingExpenses": "2272000000", "investmentIncomeNet": "None", "netInterestIncome": "None", "interestIncome": "None", "interestExpense": "703000000", "nonInterestIncome": "None", "otherNonOperatingIncome": "None", "depreciation": "None", "depreciationAndAmortization": "2272000000", "incomeBeforeTax": "1067000000", "incomeTaxExpense": "237000000", "interestAndDebtExpense": "None", "netIncomeFromContinuingOperations": "None", "comprehensiveIncomeNetOfTax": "None", "ebit": "1585000000", "ebitda": "3857000000", "netIncome": "830000000"}, {"fiscalDateEnding": "2011-12-31", "reportedCurrency": "USD", "grossProfit": "9623000000", "totalRevenue": "14956000000", "costOfRevenue": "5333000000", "costofGoodsAndServicesSold": "5333000000", "operatingIncome": "1942000000", "sellingGeneralAndAdministrative": "0", "researchAndDevelopment": "0", "operatingExpenses": "7681000000", "investmentIncomeNet": "None", "netInterestIncome": "None", "interestIncome": "None", "interestExpense": "700000000", "nonInterestIncome": "None", "otherNonOperatingIncome": "None", "depreciation": "None", "depreciationAndAmortization": "2215000000", "incomeBeforeTax": "1298000000", "incomeTaxExpense": "440000000", "interestAndDebtExpense": "None", "netIncomeFromContinuingOperations": "None", "comprehensiveIncomeNetOfTax": "None", "ebit": "1899000000", "ebitda": "4114000000", "netIncome": "858000000"}, {"fiscalDateEnding": "2010-12-31", "reportedCurrency": "USD", "grossProfit": "8652000000", "totalRevenue": "13841000000", "costOfRevenue": "5189000000", "costofGoodsAndServicesSold": "5189000000", "operatingIncome": "2308000000", "sellingGeneralAndAdministrative": "0", "researchAndDevelopment": "0", "operatingExpenses": "6344000000", "investmentIncomeNet": "None", "netInterestIncome": "None", "interestIncome": "None", "interestExpense": "684000000", "nonInterestIncome": "None", "otherNonOperatingIncome": "36000000", "depreciation": "None", "depreciationAndAmortization": "2151000000", "incomeBeforeTax": "1660000000", "incomeTaxExpense": "547000000", "interestAndDebtExpense": "None", "netIncomeFromContinuingOperations": "1113000000", "comprehensiveIncomeNetOfTax": "None", "ebit": "2098000000", "ebitda": "4249000000", "netIncome": "1113000000"}, {"fiscalDateEnding": "2009-12-31", "reportedCurrency": "USD", "grossProfit": "8397000000", "totalRevenue": "13399000000", "costOfRevenue": "5002000000", "costofGoodsAndServicesSold": "5002000000", "operatingIncome": "2299000000", "sellingGeneralAndAdministrative": "0", "researchAndDevelopment": "0", "operatingExpenses": "6098000000", "investmentIncomeNet": "None", "netInterestIncome": "None", "interestIncome": "None", "interestExpense": "705000000", "nonInterestIncome": "None", "otherNonOperatingIncome": "None", "depreciation": "None", "depreciationAndAmortization": "1947000000", "incomeBeforeTax": "1694000000", "incomeTaxExpense": "460000000", "interestAndDebtExpense": "None", "netIncomeFromContinuingOperations": "None", "comprehensiveIncomeNetOfTax": "None", "ebit": "2204000000", "ebitda": "4151000000", "netIncome": "1234000000"}, {"fiscalDateEnding": "2008-12-31", "reportedCurrency": "USD", "grossProfit": "8113000000", "totalRevenue": "14628000000", "costOfRevenue": "6515000000", "costofGoodsAndServicesSold": "6515000000", "operatingIncome": "2261000000", "sellingGeneralAndAdministrative": "None", "researchAndDevelopment": "None", "operatingExpenses": "5852000000", "investmentIncomeNet": "None", "netInterestIncome": "None", "interestIncome": "None", "interestExpense": "728000000", "nonInterestIncome": "None", "otherNonOperatingIncome": "None", "depreciation": "None", "depreciationAndAmortization": "1863000000", "incomeBeforeTax": "1609000000", "incomeTaxExpense": "425000000", "interestAndDebtExpense": "None", "netIncomeFromContinuingOperations": "None", "comprehensiveIncomeNetOfTax": "None", "ebit": "2351000000", "ebitda": "4214000000", "netIncome": "1338000000"}, {"fiscalDateEnding": "2007-12-31", "reportedCurrency": "USD", "grossProfit": "7765000000", "totalRevenue": "13237000000", "costOfRevenue": "5472000000", "costofGoodsAndServicesSold": "5472000000", "operatingIncome": "2114000000", "sellingGeneralAndAdministrative": "None", "researchAndDevelopment": "None", "operatingExpenses": "5651000000", "investmentIncomeNet": "None", "netInterestIncome": "None", "interestIncome": "None", "interestExpense": "31000000", "nonInterestIncome": "None", "otherNonOperatingIncome": "None", "depreciation": "None", "depreciationAndAmortization": "1895000000", "incomeBeforeTax": "1545000000", "incomeTaxExpense": "539000000", "interestAndDebtExpense": "None", "netIncomeFromContinuingOperations": "None", "comprehensiveIncomeNetOfTax": "None", "ebit": "2114000000", "ebitda": "4009000000", "netIncome": "1006000000"}, {"fiscalDateEnding": "2006-12-31", "reportedCurrency": "USD", "grossProfit": "7520000000", "totalRevenue": "12539000000", "costOfRevenue": "5019000000", "costofGoodsAndServicesSold": "5019000000", "operatingIncome": "2108000000", "sellingGeneralAndAdministrative": "None", "researchAndDevelopment": "None", "operatingExpenses": "5412000000", "investmentIncomeNet": "None", "netInterestIncome": "None", "interestIncome": "None", "interestExpense": "30000000", "nonInterestIncome": "None", "otherNonOperatingIncome": "None", "depreciation": "None", "depreciationAndAmortization": "1756000000", "incomeBeforeTax": "1545000000", "incomeTaxExpense": "554000000", "interestAndDebtExpense": "None", "netIncomeFromContinuingOperations": "None", "comprehensiveIncomeNetOfTax": "None", "ebit": "2108000000", "ebitda": "3864000000", "netIncome": "991000000"}, {"fiscalDateEnding": "2005-12-31", "reportedCurrency": "USD", "grossProfit": "7102000000", "totalRevenue": "11703000000", "costOfRevenue": "4601000000", "costofGoodsAndServicesSold": "4601000000", "operatingIncome": "1970000000", "sellingGeneralAndAdministrative": "None", "researchAndDevelopment": "None", "operatingExpenses": "5132000000", "investmentIncomeNet": "None", "netInterestIncome": "None", "interestIncome": "None", "interestExpense": "35000000", "nonInterestIncome": "None", "otherNonOperatingIncome": "None", "depreciation": "None", "depreciationAndAmortization": "1698000000", "incomeBeforeTax": "1448000000", "incomeTaxExpense": "544000000", "interestAndDebtExpense": "None", "netIncomeFromContinuingOperations": "None", "comprehensiveIncomeNetOfTax": "None", "ebit": "2007000000", "ebitda": "3705000000", "netIncome": "917000000"}], "quarterlyReports": [{"fiscalDateEnding": "2024-12-31", "reportedCurrency": "USD", "grossProfit": "2187000000", "totalRevenue": "6631000000", "costOfRevenue": "4444000000", "costofGoodsAndServicesSold": "4444000000", "operatingIncome": "1020000000", "sellingGeneralAndAdministrative": "None", "researchAndDevelopment": "None", "operatingExpenses": "1167000000", "investmentIncomeNet": "None", "netInterestIncome": "-620000000", "interestIncome": "109000000", "interestExpense": "729000000", "nonInterestIncome": "None", "otherNonOperatingIncome": "None", "depreciation": "None", "depreciationAndAmortization": "1055000000", "incomeBeforeTax": "459000000", "incomeTaxExpense": "-215000000", "interestAndDebtExpense": "None", "netIncomeFromContinuingOperations": "674000000", "comprehensiveIncomeNetOfTax": "None", "ebit": "1188000000", "ebitda": "2243000000", "netIncome": "674000000"}, {"fiscalDateEnding": "2024-09-30", "reportedCurrency": "USD", "grossProfit": "2334000000", "totalRevenue": "5941000000", "costOfRevenue": "3607000000", "costofGoodsAndServicesSold": "3607000000", "operatingIncome": "1029000000", "sellingGeneralAndAdministrative": "None", "researchAndDevelopment": "None", "operatingExpenses": "4912000000", "investmentIncomeNet": "None", "netInterestIncome": "-639000000", "interestIncome": "156000000", "interestExpense": "795000000", "nonInterestIncome": "None", "otherNonOperatingIncome": "None", "depreciation": "None", "depreciationAndAmortization": "1059000000", "incomeBeforeTax": "473000000", "incomeTaxExpense": "-106000000", "interestAndDebtExpense": "None", "netIncomeFromContinuingOperations": "579000000", "comprehensiveIncomeNetOfTax": "None", "ebit": "1268000000", "ebitda": "2327000000", "netIncome": "579000000"}, {"fiscalDateEnding": "2024-06-30", "reportedCurrency": "USD", "grossProfit": "2262000000", "totalRevenue": "5986000000", "costOfRevenue": "3724000000", "costofGoodsAndServicesSold": "3724000000", "operatingIncome": "1134000000", "sellingGeneralAndAdministrative": "None", "researchAndDevelopment": "None", "operatingExpenses": "1128000000", "investmentIncomeNet": "None", "netInterestIncome": "-610000000", "interestIncome": "202000000", "interestExpense": "812000000", "nonInterestIncome": "None", "otherNonOperatingIncome": "None", "depreciation": "None", "depreciationAndAmortization": "1053000000", "incomeBeforeTax": "606000000", "incomeTaxExpense": "82000000", "interestAndDebtExpense": "None", "netIncomeFromContinuingOperations": "524000000", "comprehensiveIncomeNetOfTax": "None", "ebit": "1496000000", "ebitda": "2549000000", "netIncome": "524000000"}, {"fiscalDateEnding": "2024-03-31", "reportedCurrency": "USD", "grossProfit": "2375000000", "totalRevenue": "5861000000", "costOfRevenue": "3486000000", "costofGoodsAndServicesSold": "3486000000", "operatingIncome": "1276000000", "sellingGeneralAndAdministrative": "None", "researchAndDevelopment": "None", "operatingExpenses": "1099000000", "investmentIncomeNet": "None", "netInterestIncome": "-578000000", "interestIncome": "137000000", "interestExpense": "715000000", "nonInterestIncome": "None", "otherNonOperatingIncome": "None", "depreciation": "None", "depreciationAndAmortization": "1022000000", "incomeBeforeTax": "774000000", "incomeTaxExpense": "39000000", "interestAndDebtExpense": "None", "netIncomeFromContinuingOperations": "735000000", "comprehensiveIncomeNetOfTax": "None", "ebit": "1567000000", "ebitda": "2589000000", "netIncome": "735000000"}, {"fiscalDateEnding": "2023-12-31", "reportedCurrency": "USD", "grossProfit": "2560000000", "totalRevenue": "7041000000", "costOfRevenue": "4481000000", "costofGoodsAndServicesSold": "4481000000", "operatingIncome": "1135000000", "sellingGeneralAndAdministrative": "None", "researchAndDevelopment": "None", "operatingExpenses": "967000000", "investmentIncomeNet": "None", "netInterestIncome": "-729000000", "interestIncome": "197000000", "interestExpense": "926000000", "nonInterestIncome": "None", "otherNonOperatingIncome": "None", "depreciation": "None", "depreciationAndAmortization": "967000000", "incomeBeforeTax": "465000000", "incomeTaxExpense": "-458000000", "interestAndDebtExpense": "None", "netIncomeFromContinuingOperations": "923000000", "comprehensiveIncomeNetOfTax": "None", "ebit": "1391000000", "ebitda": "2358000000", "netIncome": "923000000"}, {"fiscalDateEnding": "2023-09-30", "reportedCurrency": "USD", "grossProfit": "1745000000", "totalRevenue": "5888000000", "costOfRevenue": "4143000000", "costofGoodsAndServicesSold": "4143000000", "operatingIncome": "401000000", "sellingGeneralAndAdministrative": "259000000", "researchAndDevelopment": "None", "operatingExpenses": "1376000000", "investmentIncomeNet": "None", "netInterestIncome": "-528000000", "interestIncome": "154000000", "interestExpense": "682000000", "nonInterestIncome": "None", "otherNonOperatingIncome": "None", "depreciation": "None", "depreciationAndAmortization": "1030000000", "incomeBeforeTax": "-65000000", "incomeTaxExpense": "-416000000", "interestAndDebtExpense": "None", "netIncomeFromContinuingOperations": "351000000", "comprehensiveIncomeNetOfTax": "None", "ebit": "405000000", "ebitda": "1435000000", "netIncome": "351000000"}, {"fiscalDateEnding": "2023-06-30", "reportedCurrency": "USD", "grossProfit": "1908000000", "totalRevenue": "5290000000", "costOfRevenue": "3382000000", "costofGoodsAndServicesSold": "3382000000", "operatingIncome": "506000000", "sellingGeneralAndAdministrative": "154000000", "researchAndDevelopment": "None", "operatingExpenses": "1403000000", "investmentIncomeNet": "None", "netInterestIncome": "-497000000", "interestIncome": "143000000", "interestExpense": "640000000", "nonInterestIncome": "None", "otherNonOperatingIncome": "143000000", "depreciation": "None", "depreciationAndAmortization": "1114000000", "incomeBeforeTax": "75000000", "incomeTaxExpense": "-335000000", "interestAndDebtExpense": "None", "netIncomeFromContinuingOperations": "-260000000", "comprehensiveIncomeNetOfTax": "None", "ebit": "541000000", "ebitda": "1655000000", "netIncome": "410000000"}, {"fiscalDateEnding": "2023-03-31", "reportedCurrency": "USD", "grossProfit": "2094000000", "totalRevenue": "6209000000", "costOfRevenue": "4115000000", "costofGoodsAndServicesSold": "4115000000", "operatingIncome": "629000000", "sellingGeneralAndAdministrative": "139000000", "researchAndDevelopment": "None", "operatingExpenses": "1465000000", "investmentIncomeNet": "None", "netInterestIncome": "-490000000", "interestIncome": "112000000", "interestExpense": "602000000", "nonInterestIncome": "None", "otherNonOperatingIncome": "112000000", "depreciation": "None", "depreciationAndAmortization": "1077000000", "incomeBeforeTax": "224000000", "incomeTaxExpense": "-348000000", "interestAndDebtExpense": "None", "netIncomeFromContinuingOperations": "-124000000", "comprehensiveIncomeNetOfTax": "None", "ebit": "826000000", "ebitda": "1903000000", "netIncome": "572000000"}, {"fiscalDateEnding": "2022-12-31", "reportedCurrency": "USD", "grossProfit": "1847000000", "totalRevenue": "5370000000", "costOfRevenue": "3523000000", "costofGoodsAndServicesSold": "3523000000", "operatingIncome": "454000000", "sellingGeneralAndAdministrative": "145000000", "researchAndDevelopment": "None", "operatingExpenses": "1633000000", "investmentIncomeNet": "None", "netInterestIncome": "-470000000", "interestIncome": "92000000", "interestExpense": "562000000", "nonInterestIncome": "None", "otherNonOperatingIncome": "92000000", "depreciation": "None", "depreciationAndAmortization": "1065000000", "incomeBeforeTax": "-192000000", "incomeTaxExpense": "-709000000", "interestAndDebtExpense": "None", "netIncomeFromContinuingOperations": "517000000", "comprehensiveIncomeNetOfTax": "None", "ebit": "370000000", "ebitda": "1435000000", "netIncome": "517000000"}, {"fiscalDateEnding": "2022-09-30", "reportedCurrency": "USD", "grossProfit": "1855000000", "totalRevenue": "5394000000", "costOfRevenue": "3539000000", "costofGoodsAndServicesSold": "3539000000", "operatingIncome": "726000000", "sellingGeneralAndAdministrative": "50000000", "researchAndDevelopment": "None", "operatingExpenses": "1120000000", "investmentIncomeNet": "None", "netInterestIncome": "-482000000", "interestIncome": "482000000", "interestExpense": "525000000", "nonInterestIncome": "None", "otherNonOperatingIncome": "43000000", "depreciation": "None", "depreciationAndAmortization": "1120000000", "incomeBeforeTax": "362000000", "incomeTaxExpense": "-97000000", "interestAndDebtExpense": "None", "netIncomeFromContinuingOperations": "265000000", "comprehensiveIncomeNetOfTax": "None", "ebit": "964000000", "ebitda": "2084000000", "netIncome": "456000000"}, {"fiscalDateEnding": "2022-06-30", "reportedCurrency": "USD", "grossProfit": "1688000000", "totalRevenue": "5118000000", "costOfRevenue": "3430000000", "costofGoodsAndServicesSold": "3430000000", "operatingIncome": "445000000", "sellingGeneralAndAdministrative": "145000000", "researchAndDevelopment": "None", "operatingExpenses": "1098000000", "investmentIncomeNet": "None", "netInterestIncome": "-392000000", "interestIncome": "19000000", "interestExpense": "411000000", "nonInterestIncome": "None", "otherNonOperatingIncome": "19000000", "depreciation": "None", "depreciationAndAmortization": "1058000000", "incomeBeforeTax": "32000000", "incomeTaxExpense": "-328000000", "interestAndDebtExpense": "None", "netIncomeFromContinuingOperations": "-296000000", "comprehensiveIncomeNetOfTax": "None", "ebit": "743000000", "ebitda": "1801000000", "netIncome": "356000000"}, {"fiscalDateEnding": "2022-03-31", "reportedCurrency": "USD", "grossProfit": "1625000000", "totalRevenue": "5798000000", "costOfRevenue": "4173000000", "costofGoodsAndServicesSold": "4173000000", "operatingIncome": "536000000", "sellingGeneralAndAdministrative": "43000000", "researchAndDevelopment": "None", "operatingExpenses": "1090000000", "investmentIncomeNet": "None", "netInterestIncome": "-411000000", "interestIncome": "8000000", "interestExpense": "419000000", "nonInterestIncome": "None", "otherNonOperatingIncome": "8000000", "depreciation": "None", "depreciationAndAmortization": "1090000000", "incomeBeforeTax": "274000000", "incomeTaxExpense": "-204000000", "interestAndDebtExpense": "None", "netIncomeFromContinuingOperations": "70000000", "comprehensiveIncomeNetOfTax": "None", "ebit": "687000000", "ebitda": "1777000000", "netIncome": "475000000"}, {"fiscalDateEnding": "2021-12-31", "reportedCurrency": "USD", "grossProfit": "1619000000", "totalRevenue": "5246000000", "costOfRevenue": "3627000000", "costofGoodsAndServicesSold": "3627000000", "operatingIncome": "641000000", "sellingGeneralAndAdministrative": "126000000", "researchAndDevelopment": "None", "operatingExpenses": "981000000", "investmentIncomeNet": "None", "netInterestIncome": "-393000000", "interestIncome": "3000000", "interestExpense": "396000000", "nonInterestIncome": "None", "otherNonOperatingIncome": "-373000000", "depreciation": "None", "depreciationAndAmortization": "981000000", "incomeBeforeTax": "318000000", "incomeTaxExpense": "-158000000", "interestAndDebtExpense": "None", "netIncomeFromContinuingOperations": "2148000000", "comprehensiveIncomeNetOfTax": "None", "ebit": "766000000", "ebitda": "1747000000", "netIncome": "472000000"}, {"fiscalDateEnding": "2021-09-30", "reportedCurrency": "USD", "grossProfit": "1361000000", "totalRevenue": "5465000000", "costOfRevenue": "4104000000", "costofGoodsAndServicesSold": "4104000000", "operatingIncome": "304000000", "sellingGeneralAndAdministrative": "91000000", "researchAndDevelopment": "None", "operatingExpenses": "963000000", "investmentIncomeNet": "None", "netInterestIncome": "-399000000", "interestIncome": "399000000", "interestExpense": "399000000", "nonInterestIncome": "None", "otherNonOperatingIncome": "132000000", "depreciation": "None", "depreciationAndAmortization": "963000000", "incomeBeforeTax": "37000000", "incomeTaxExpense": "1125000000", "interestAndDebtExpense": "None", "netIncomeFromContinuingOperations": "-1088000000", "comprehensiveIncomeNetOfTax": "None", "ebit": "523000000", "ebitda": "1486000000", "netIncome": "-1088000000"}, {"fiscalDateEnding": "2021-06-30", "reportedCurrency": "USD", "grossProfit": "1598000000", "totalRevenue": "5215000000", "costOfRevenue": "3617000000", "costofGoodsAndServicesSold": "3617000000", "operatingIncome": "634000000", "sellingGeneralAndAdministrative": "113000000", "researchAndDevelopment": "None", "operatingExpenses": "969000000", "investmentIncomeNet": "None", "netInterestIncome": "-383000000", "interestIncome": "15000000", "interestExpense": "398000000", "nonInterestIncome": "None", "otherNonOperatingIncome": "132000000", "depreciation": "None", "depreciationAndAmortization": "969000000", "incomeBeforeTax": "368000000", "incomeTaxExpense": "-33000000", "interestAndDebtExpense": "None", "netIncomeFromContinuingOperations": "401000000", "comprehensiveIncomeNetOfTax": "None", "ebit": "756000000", "ebitda": "1725000000", "netIncome": "397000000"}, {"fiscalDateEnding": "2021-03-31", "reportedCurrency": "USD", "grossProfit": "1483000000", "totalRevenue": "4716000000", "costOfRevenue": "3233000000", "costofGoodsAndServicesSold": "3233000000", "operatingIncome": "304000000", "sellingGeneralAndAdministrative": "76000000", "researchAndDevelopment": "None", "operatingExpenses": "1007000000", "investmentIncomeNet": "None", "netInterestIncome": "-406000000", "interestIncome": "2000000", "interestExpense": "408000000", "nonInterestIncome": "None", "otherNonOperatingIncome": "129000000", "depreciation": "None", "depreciationAndAmortization": "1007000000", "incomeBeforeTax": "25000000", "incomeTaxExpense": "-98000000", "interestAndDebtExpense": "None", "netIncomeFromContinuingOperations": "123000000", "comprehensiveIncomeNetOfTax": "None", "ebit": "602000000", "ebitda": "1609000000", "netIncome": "120000000"}, {"fiscalDateEnding": "2020-12-31", "reportedCurrency": "USD", "grossProfit": "1490000000", "totalRevenue": "4748000000", "costOfRevenue": "3258000000", "costofGoodsAndServicesSold": "3258000000", "operatingIncome": "420000000", "sellingGeneralAndAdministrative": "170000000", "researchAndDevelopment": "None", "operatingExpenses": "1014000000", "investmentIncomeNet": "None", "netInterestIncome": "-410000000", "interestIncome": "6000000", "interestExpense": "416000000", "nonInterestIncome": "None", "otherNonOperatingIncome": "168000000", "depreciation": "None", "depreciationAndAmortization": "895000000", "incomeBeforeTax": "172000000", "incomeTaxExpense": "-32000000", "interestAndDebtExpense": "None", "netIncomeFromContinuingOperations": "204000000", "comprehensiveIncomeNetOfTax": "None", "ebit": "707000000", "ebitda": "1602000000", "netIncome": "200000000"}, {"fiscalDateEnding": "2020-09-30", "reportedCurrency": "USD", "grossProfit": "1388000000", "totalRevenue": "4882000000", "costOfRevenue": "3494000000", "costofGoodsAndServicesSold": "3494000000", "operatingIncome": "398000000", "sellingGeneralAndAdministrative": "None", "researchAndDevelopment": "None", "operatingExpenses": "965000000", "investmentIncomeNet": "None", "netInterestIncome": "-386000000", "interestIncome": "386000000", "interestExpense": "391000000", "nonInterestIncome": "None", "otherNonOperatingIncome": "-30000000", "depreciation": "None", "depreciationAndAmortization": "845000000", "incomeBeforeTax": "-23000000", "incomeTaxExpense": "-109000000", "interestAndDebtExpense": "None", "netIncomeFromContinuingOperations": "86000000", "comprehensiveIncomeNetOfTax": "None", "ebit": "646000000", "ebitda": "1491000000", "netIncome": "83000000"}, {"fiscalDateEnding": "2020-06-30", "reportedCurrency": "USD", "grossProfit": "1499000000", "totalRevenue": "4533000000", "costOfRevenue": "3034000000", "costofGoodsAndServicesSold": "3034000000", "operatingIncome": "282000000", "sellingGeneralAndAdministrative": "170000000", "researchAndDevelopment": "None", "operatingExpenses": "1217000000", "investmentIncomeNet": "None", "netInterestIncome": "-187000000", "interestIncome": "12000000", "interestExpense": "199000000", "nonInterestIncome": "None", "otherNonOperatingIncome": "-1512000000", "depreciation": "None", "depreciationAndAmortization": "874000000", "incomeBeforeTax": "-1429000000", "incomeTaxExpense": "539000000", "interestAndDebtExpense": "None", "netIncomeFromContinuingOperations": "-1968000000", "comprehensiveIncomeNetOfTax": "None", "ebit": "-1057000000", "ebitda": "-183000000", "netIncome": "-1968000000"}, {"fiscalDateEnding": "2020-03-31", "reportedCurrency": "USD", "grossProfit": "1510000000", "totalRevenue": "4306000000", "costOfRevenue": "2796000000", "costofGoodsAndServicesSold": "2796000000", "operatingIncome": "655000000", "sellingGeneralAndAdministrative": "None", "researchAndDevelopment": "None", "operatingExpenses": "855000000", "investmentIncomeNet": "None", "netInterestIncome": "-238000000", "interestIncome": "16000000", "interestExpense": "254000000", "nonInterestIncome": "None", "otherNonOperatingIncome": "-63000000", "depreciation": "None", "depreciationAndAmortization": "855000000", "incomeBeforeTax": "338000000", "incomeTaxExpense": "-36000000", "interestAndDebtExpense": "None", "netIncomeFromContinuingOperations": "374000000", "comprehensiveIncomeNetOfTax": "None", "ebit": "758000000", "ebitda": "1613000000", "netIncome": "371000000"}, {"fiscalDateEnding": "2019-12-31", "reportedCurrency": "USD", "grossProfit": "1445000000", "totalRevenue": "4743000000", "costOfRevenue": "3298000000", "costofGoodsAndServicesSold": "3298000000", "operatingIncome": "-4343000000", "sellingGeneralAndAdministrative": "104000000", "researchAndDevelopment": "None", "operatingExpenses": "801000000", "investmentIncomeNet": "None", "netInterestIncome": "-699000000", "interestIncome": "699000000", "interestExpense": "719000000", "nonInterestIncome": "None", "otherNonOperatingIncome": "None", "depreciation": "None", "depreciationAndAmortization": "801000000", "incomeBeforeTax": "-5081000000", "incomeTaxExpense": "-1468000000", "interestAndDebtExpense": "None", "netIncomeFromContinuingOperations": "-3613000000", "comprehensiveIncomeNetOfTax": "None", "ebit": "-4362000000", "ebitda": "-3561000000", "netIncome": "-3613000000"}, {"fiscalDateEnding": "2019-09-30", "reportedCurrency": "USD", "grossProfit": "1088000000", "totalRevenue": "4432000000", "costOfRevenue": "3344000000", "costofGoodsAndServicesSold": "3344000000", "operatingIncome": "-2300000000", "sellingGeneralAndAdministrative": "46000000", "researchAndDevelopment": "None", "operatingExpenses": "840000000", "investmentIncomeNet": "None", "netInterestIncome": "-34000000", "interestIncome": "18000000", "interestExpense": "52000000", "nonInterestIncome": "None", "otherNonOperatingIncome": "7000000", "depreciation": "None", "depreciationAndAmortization": "840000000", "incomeBeforeTax": "-2345000000", "incomeTaxExpense": "-729000000", "interestAndDebtExpense": "None", "netIncomeFromContinuingOperations": "-1616000000", "comprehensiveIncomeNetOfTax": "None", "ebit": "-2293000000", "ebitda": "-1453000000", "netIncome": "-1616000000"}, {"fiscalDateEnding": "2019-06-30", "reportedCurrency": "USD", "grossProfit": "1056000000", "totalRevenue": "3943000000", "costOfRevenue": "2887000000", "costofGoodsAndServicesSold": "2887000000", "operatingIncome": "-3640000000", "sellingGeneralAndAdministrative": "3900000000", "researchAndDevelopment": "None", "operatingExpenses": "796000000", "investmentIncomeNet": "None", "netInterestIncome": "-38000000", "interestIncome": "22000000", "interestExpense": "60000000", "nonInterestIncome": "None", "otherNonOperatingIncome": "32000000", "depreciation": "None", "depreciationAndAmortization": "796000000", "incomeBeforeTax": "-3668000000", "incomeTaxExpense": "-1119000000", "interestAndDebtExpense": "None", "netIncomeFromContinuingOperations": "-2549000000", "comprehensiveIncomeNetOfTax": "None", "ebit": "-3608000000", "ebitda": "-2812000000", "netIncome": "-2549000000"}, {"fiscalDateEnding": "2019-03-31", "reportedCurrency": "USD", "grossProfit": "986000000", "totalRevenue": "4011000000", "costOfRevenue": "3025000000", "costofGoodsAndServicesSold": "3025000000", "operatingIncome": "189000000", "sellingGeneralAndAdministrative": "47000000", "researchAndDevelopment": "None", "operatingExpenses": "797000000", "investmentIncomeNet": "None", "netInterestIncome": "-81000000", "interestIncome": "81000000", "interestExpense": "103000000", "nonInterestIncome": "None", "otherNonOperatingIncome": "-34000000", "depreciation": "None", "depreciationAndAmortization": "797000000", "incomeBeforeTax": "52000000", "incomeTaxExpense": "-84000000", "interestAndDebtExpense": "None", "netIncomeFromContinuingOperations": "136000000", "comprehensiveIncomeNetOfTax": "None", "ebit": "236000000", "ebitda": "1033000000", "netIncome": "133000000"}, {"fiscalDateEnding": "2018-12-31", "reportedCurrency": "USD", "grossProfit": "912000000", "totalRevenue": "4088000000", "costOfRevenue": "3176000000", "costofGoodsAndServicesSold": "3176000000", "operatingIncome": "-9530000000", "sellingGeneralAndAdministrative": "13000000", "researchAndDevelopment": "0", "operatingExpenses": "779000000", "investmentIncomeNet": "None", "netInterestIncome": "None", "interestIncome": "None", "interestExpense": "251000000", "nonInterestIncome": "None", "otherNonOperatingIncome": "147000000", "depreciation": "None", "depreciationAndAmortization": "779000000", "incomeBeforeTax": "-9634000000", "incomeTaxExpense": "-2765000000", "interestAndDebtExpense": "None", "netIncomeFromContinuingOperations": "-6869000000", "comprehensiveIncomeNetOfTax": "None", "ebit": "280000000", "ebitda": "1059000000", "netIncome": "-6869000000"}, {"fiscalDateEnding": "2018-09-30", "reportedCurrency": "USD", "grossProfit": "1445000000", "totalRevenue": "4381000000", "costOfRevenue": "2936000000", "costofGoodsAndServicesSold": "2936000000", "operatingIncome": "696000000", "sellingGeneralAndAdministrative": "251000000", "researchAndDevelopment": "0", "operatingExpenses": "759000000", "investmentIncomeNet": "None", "netInterestIncome": "None", "interestIncome": "None", "interestExpense": "232000000", "nonInterestIncome": "None", "otherNonOperatingIncome": "118000000", "depreciation": "None", "depreciationAndAmortization": "759000000", "incomeBeforeTax": "582000000", "incomeTaxExpense": "15000000", "interestAndDebtExpense": "None", "netIncomeFromContinuingOperations": "567000000", "comprehensiveIncomeNetOfTax": "None", "ebit": "783000000", "ebitda": "1542000000", "netIncome": "564000000"}, {"fiscalDateEnding": "2018-06-30", "reportedCurrency": "USD", "grossProfit": "1406000000", "totalRevenue": "4234000000", "costOfRevenue": "2828000000", "costofGoodsAndServicesSold": "2828000000", "operatingIncome": "-1465000000", "sellingGeneralAndAdministrative": "251000000", "researchAndDevelopment": "0", "operatingExpenses": "746000000", "investmentIncomeNet": "None", "netInterestIncome": "None", "interestIncome": "None", "interestExpense": "226000000", "nonInterestIncome": "None", "otherNonOperatingIncome": "118000000", "depreciation": "None", "depreciationAndAmortization": "746000000", "incomeBeforeTax": "-1573000000", "incomeTaxExpense": "-593000000", "interestAndDebtExpense": "None", "netIncomeFromContinuingOperations": "-980000000", "comprehensiveIncomeNetOfTax": "None", "ebit": "-1347000000", "ebitda": "-601000000", "netIncome": "-980000000"}, {"fiscalDateEnding": "2018-03-31", "reportedCurrency": "USD", "grossProfit": "1351000000", "totalRevenue": "4056000000", "costOfRevenue": "2705000000", "costofGoodsAndServicesSold": "2705000000", "operatingIncome": "599000000", "sellingGeneralAndAdministrative": "251000000", "researchAndDevelopment": "0", "operatingExpenses": "752000000", "investmentIncomeNet": "None", "netInterestIncome": "None", "interestIncome": "None", "interestExpense": "220000000", "nonInterestIncome": "None", "otherNonOperatingIncome": "117000000", "depreciation": "None", "depreciationAndAmortization": "752000000", "incomeBeforeTax": "496000000", "incomeTaxExpense": "51000000", "interestAndDebtExpense": "None", "netIncomeFromContinuingOperations": "445000000", "comprehensiveIncomeNetOfTax": "None", "ebit": "716000000", "ebitda": "1468000000", "netIncome": "442000000"}, {"fiscalDateEnding": "2017-12-31", "reportedCurrency": "USD", "grossProfit": "1149000000", "totalRevenue": "4100000000", "costOfRevenue": "2951000000", "costofGoodsAndServicesSold": "2951000000", "operatingIncome": "429000000", "sellingGeneralAndAdministrative": "0", "researchAndDevelopment": "0", "operatingExpenses": "720000000", "investmentIncomeNet": "None", "netInterestIncome": "None", "interestIncome": "None", "interestExpense": "225000000", "nonInterestIncome": "None", "otherNonOperatingIncome": "None", "depreciation": "None", "depreciationAndAmortization": "720000000", "incomeBeforeTax": "226000000", "incomeTaxExpense": "108000000", "interestAndDebtExpense": "None", "netIncomeFromContinuingOperations": "1329000000", "comprehensiveIncomeNetOfTax": "None", "ebit": "451000000", "ebitda": "1171000000", "netIncome": "114000000"}, {"fiscalDateEnding": "2017-09-30", "reportedCurrency": "USD", "grossProfit": "1609000000", "totalRevenue": "4517000000", "costOfRevenue": "2908000000", "costofGoodsAndServicesSold": "2908000000", "operatingIncome": "899000000", "sellingGeneralAndAdministrative": "0", "researchAndDevelopment": "0", "operatingExpenses": "710000000", "investmentIncomeNet": "None", "netInterestIncome": "None", "interestIncome": "None", "interestExpense": "220000000", "nonInterestIncome": "None", "otherNonOperatingIncome": "34000000", "depreciation": "None", "depreciationAndAmortization": "710000000", "incomeBeforeTax": "713000000", "incomeTaxExpense": "160000000", "interestAndDebtExpense": "None", "netIncomeFromContinuingOperations": "553000000", "comprehensiveIncomeNetOfTax": "None", "ebit": "933000000", "ebitda": "1643000000", "netIncome": "550000000"}, {"fiscalDateEnding": "2017-06-30", "reportedCurrency": "USD", "grossProfit": "1460000000", "totalRevenue": "4250000000", "costOfRevenue": "2790000000", "costofGoodsAndServicesSold": "2790000000", "operatingIncome": "748000000", "sellingGeneralAndAdministrative": "0", "researchAndDevelopment": "0", "operatingExpenses": "712000000", "investmentIncomeNet": "None", "netInterestIncome": "None", "interestIncome": "None", "interestExpense": "225000000", "nonInterestIncome": "None", "otherNonOperatingIncome": "21000000", "depreciation": "None", "depreciationAndAmortization": "712000000", "incomeBeforeTax": "544000000", "incomeTaxExpense": "134000000", "interestAndDebtExpense": "None", "netIncomeFromContinuingOperations": "410000000", "comprehensiveIncomeNetOfTax": "None", "ebit": "769000000", "ebitda": "1481000000", "netIncome": "406000000"}, {"fiscalDateEnding": "2017-03-31", "reportedCurrency": "USD", "grossProfit": "1592000000", "totalRevenue": "4268000000", "costOfRevenue": "2676000000", "costofGoodsAndServicesSold": "2676000000", "operatingIncome": "880000000", "sellingGeneralAndAdministrative": "0", "researchAndDevelopment": "0", "operatingExpenses": "712000000", "investmentIncomeNet": "None", "netInterestIncome": "None", "interestIncome": "None", "interestExpense": "218000000", "nonInterestIncome": "None", "otherNonOperatingIncome": "None", "depreciation": "None", "depreciationAndAmortization": "712000000", "incomeBeforeTax": "688000000", "incomeTaxExpense": "109000000", "interestAndDebtExpense": "None", "netIncomeFromContinuingOperations": "579000000", "comprehensiveIncomeNetOfTax": "None", "ebit": "906000000", "ebitda": "1618000000", "netIncome": "576000000"}, {"fiscalDateEnding": "2016-12-31", "reportedCurrency": "USD", "grossProfit": "1706000000", "totalRevenue": "4713000000", "costOfRevenue": "3007000000", "costofGoodsAndServicesSold": "3007000000", "operatingIncome": "1041000000", "sellingGeneralAndAdministrative": "0", "researchAndDevelopment": "0", "operatingExpenses": "665000000", "investmentIncomeNet": "None", "netInterestIncome": "None", "interestIncome": "None", "interestExpense": "208000000", "nonInterestIncome": "None", "otherNonOperatingIncome": "23000000", "depreciation": "None", "depreciationAndAmortization": "665000000", "incomeBeforeTax": "856000000", "incomeTaxExpense": "160000000", "interestAndDebtExpense": "None", "netIncomeFromContinuingOperations": "696000000", "comprehensiveIncomeNetOfTax": "None", "ebit": "1064000000", "ebitda": "1729000000", "netIncome": "692000000"}, {"fiscalDateEnding": "2016-09-30", "reportedCurrency": "USD", "grossProfit": "1334000000", "totalRevenue": "4810000000", "costOfRevenue": "3476000000", "costofGoodsAndServicesSold": "3476000000", "operatingIncome": "640000000", "sellingGeneralAndAdministrative": "0", "researchAndDevelopment": "0", "operatingExpenses": "694000000", "investmentIncomeNet": "None", "netInterestIncome": "None", "interestIncome": "None", "interestExpense": "211000000", "nonInterestIncome": "None", "otherNonOperatingIncome": "32000000", "depreciation": "None", "depreciationAndAmortization": "694000000", "incomeBeforeTax": "461000000", "incomeTaxExpense": "70000000", "interestAndDebtExpense": "None", "netIncomeFromContinuingOperations": "391000000", "comprehensiveIncomeNetOfTax": "None", "ebit": "672000000", "ebitda": "1366000000", "netIncome": "388000000"}, {"fiscalDateEnding": "2016-06-30", "reportedCurrency": "USD", "grossProfit": "1100000000", "totalRevenue": "4169000000", "costOfRevenue": "3069000000", "costofGoodsAndServicesSold": "3069000000", "operatingIncome": "401000000", "sellingGeneralAndAdministrative": "0", "researchAndDevelopment": "0", "operatingExpenses": "699000000", "investmentIncomeNet": "None", "netInterestIncome": "None", "interestIncome": "None", "interestExpense": "207000000", "nonInterestIncome": "None", "otherNonOperatingIncome": "28000000", "depreciation": "None", "depreciationAndAmortization": "699000000", "incomeBeforeTax": "222000000", "incomeTaxExpense": "12000000", "interestAndDebtExpense": "None", "netIncomeFromContinuingOperations": "210000000", "comprehensiveIncomeNetOfTax": "None", "ebit": "141000000", "ebitda": "840000000", "netIncome": "206000000"}, {"fiscalDateEnding": "2016-03-31", "reportedCurrency": "USD", "grossProfit": "792000000", "totalRevenue": "3974000000", "costOfRevenue": "3182000000", "costofGoodsAndServicesSold": "3182000000", "operatingIncome": "95000000", "sellingGeneralAndAdministrative": "0", "researchAndDevelopment": "0", "operatingExpenses": "697000000", "investmentIncomeNet": "None", "netInterestIncome": "None", "interestIncome": "None", "interestExpense": "203000000", "nonInterestIncome": "None", "otherNonOperatingIncome": "31000000", "depreciation": "None", "depreciationAndAmortization": "697000000", "incomeBeforeTax": "-77000000", "incomeTaxExpense": "-187000000", "interestAndDebtExpense": "None", "netIncomeFromContinuingOperations": "110000000", "comprehensiveIncomeNetOfTax": "None", "ebit": "95000000", "ebitda": "792000000", "netIncome": "107000000"}, {"fiscalDateEnding": "2015-12-31", "reportedCurrency": "USD", "grossProfit": "882000000", "totalRevenue": "4167000000", "costOfRevenue": "3285000000", "costofGoodsAndServicesSold": "3285000000", "operatingIncome": "205000000", "sellingGeneralAndAdministrative": "0", "researchAndDevelopment": "0", "operatingExpenses": "677000000", "investmentIncomeNet": "None", "netInterestIncome": "None", "interestIncome": "None", "interestExpense": "198000000", "nonInterestIncome": "None", "otherNonOperatingIncome": "20000000", "depreciation": "None", "depreciationAndAmortization": "677000000", "incomeBeforeTax": "27000000", "incomeTaxExpense": "-111000000", "interestAndDebtExpense": "None", "netIncomeFromContinuingOperations": "138000000", "comprehensiveIncomeNetOfTax": "None", "ebit": "205000000", "ebitda": "882000000", "netIncome": "134000000"}, {"fiscalDateEnding": "2015-09-30", "reportedCurrency": "USD", "grossProfit": "1198000000", "totalRevenue": "4550000000", "costOfRevenue": "3352000000", "costofGoodsAndServicesSold": "3352000000", "operatingIncome": "545000000", "sellingGeneralAndAdministrative": "0", "researchAndDevelopment": "0", "operatingExpenses": "653000000", "investmentIncomeNet": "None", "netInterestIncome": "None", "interestIncome": "None", "interestExpense": "194000000", "nonInterestIncome": "None", "otherNonOperatingIncome": "26000000", "depreciation": "None", "depreciationAndAmortization": "653000000", "incomeBeforeTax": "377000000", "incomeTaxExpense": "67000000", "interestAndDebtExpense": "None", "netIncomeFromContinuingOperations": "310000000", "comprehensiveIncomeNetOfTax": "None", "ebit": "545000000", "ebitda": "1198000000", "netIncome": "307000000"}, {"fiscalDateEnding": "2015-06-30", "reportedCurrency": "USD", "grossProfit": "1338000000", "totalRevenue": "4217000000", "costOfRevenue": "2879000000", "costofGoodsAndServicesSold": "2879000000", "operatingIncome": "687000000", "sellingGeneralAndAdministrative": "0", "researchAndDevelopment": "0", "operatingExpenses": "651000000", "investmentIncomeNet": "None", "netInterestIncome": "None", "interestIncome": "None", "interestExpense": "192000000", "nonInterestIncome": "None", "otherNonOperatingIncome": "21000000", "depreciation": "None", "depreciationAndAmortization": "651000000", "incomeBeforeTax": "516000000", "incomeTaxExpense": "110000000", "interestAndDebtExpense": "None", "netIncomeFromContinuingOperations": "406000000", "comprehensiveIncomeNetOfTax": "None", "ebit": "687000000", "ebitda": "1338000000", "netIncome": "402000000"}, {"fiscalDateEnding": "2015-03-31", "reportedCurrency": "USD", "grossProfit": "702000000", "totalRevenue": "3899000000", "costOfRevenue": "3197000000", "costofGoodsAndServicesSold": "3197000000", "operatingIncome": "71000000", "sellingGeneralAndAdministrative": "0", "researchAndDevelopment": "0", "operatingExpenses": "631000000", "investmentIncomeNet": "None", "netInterestIncome": "None", "interestIncome": "None", "interestExpense": "189000000", "nonInterestIncome": "None", "otherNonOperatingIncome": "59000000", "depreciation": "None", "depreciationAndAmortization": "631000000", "incomeBeforeTax": "-59000000", "incomeTaxExpense": "-93000000", "interestAndDebtExpense": "None", "netIncomeFromContinuingOperations": "34000000", "comprehensiveIncomeNetOfTax": "None", "ebit": "71000000", "ebitda": "702000000", "netIncome": "31000000"}, {"fiscalDateEnding": "2014-12-31", "reportedCurrency": "USD", "grossProfit": "1050000000", "totalRevenue": "4308000000", "costOfRevenue": "3258000000", "costofGoodsAndServicesSold": "3258000000", "operatingIncome": "383000000", "sellingGeneralAndAdministrative": "0", "researchAndDevelopment": "0", "operatingExpenses": "667000000", "investmentIncomeNet": "None", "netInterestIncome": "None", "interestIncome": "None", "interestExpense": "187000000", "nonInterestIncome": "None", "otherNonOperatingIncome": "-26000000", "depreciation": "None", "depreciationAndAmortization": "667000000", "incomeBeforeTax": "170000000", "incomeTaxExpense": "35000000", "interestAndDebtExpense": "None", "netIncomeFromContinuingOperations": "135000000", "comprehensiveIncomeNetOfTax": "None", "ebit": "383000000", "ebitda": "1050000000", "netIncome": "131000000"}, {"fiscalDateEnding": "2014-09-30", "reportedCurrency": "USD", "grossProfit": "1736000000", "totalRevenue": "4939000000", "costOfRevenue": "3203000000", "costofGoodsAndServicesSold": "3203000000", "operatingIncome": "1065000000", "sellingGeneralAndAdministrative": "0", "researchAndDevelopment": "0", "operatingExpenses": "671000000", "investmentIncomeNet": "None", "netInterestIncome": "None", "interestIncome": "None", "interestExpense": "174000000", "nonInterestIncome": "None", "otherNonOperatingIncome": "38000000", "depreciation": "None", "depreciationAndAmortization": "671000000", "incomeBeforeTax": "929000000", "incomeTaxExpense": "115000000", "interestAndDebtExpense": "None", "netIncomeFromContinuingOperations": "814000000", "comprehensiveIncomeNetOfTax": "None", "ebit": "1065000000", "ebitda": "1736000000", "netIncome": "811000000"}, {"fiscalDateEnding": "2014-06-30", "reportedCurrency": "USD", "grossProfit": "1075000000", "totalRevenue": "3952000000", "costOfRevenue": "2877000000", "costofGoodsAndServicesSold": "2877000000", "operatingIncome": "518000000", "sellingGeneralAndAdministrative": "0", "researchAndDevelopment": "0", "operatingExpenses": "557000000", "investmentIncomeNet": "None", "netInterestIncome": "None", "interestIncome": "None", "interestExpense": "188000000", "nonInterestIncome": "None", "otherNonOperatingIncome": "45000000", "depreciation": "None", "depreciationAndAmortization": "557000000", "incomeBeforeTax": "375000000", "incomeTaxExpense": "104000000", "interestAndDebtExpense": "None", "netIncomeFromContinuingOperations": "271000000", "comprehensiveIncomeNetOfTax": "None", "ebit": "518000000", "ebitda": "1075000000", "netIncome": "267000000"}, {"fiscalDateEnding": "2014-03-31", "reportedCurrency": "USD", "grossProfit": "1022000000", "totalRevenue": "3891000000", "costOfRevenue": "2869000000", "costofGoodsAndServicesSold": "2869000000", "operatingIncome": "484000000", "sellingGeneralAndAdministrative": "0", "researchAndDevelopment": "0", "operatingExpenses": "538000000", "investmentIncomeNet": "None", "netInterestIncome": "None", "interestIncome": "None", "interestExpense": "185000000", "nonInterestIncome": "None", "otherNonOperatingIncome": "22000000", "depreciation": "None", "depreciationAndAmortization": "538000000", "incomeBeforeTax": "321000000", "incomeTaxExpense": "91000000", "interestAndDebtExpense": "None", "netIncomeFromContinuingOperations": "230000000", "comprehensiveIncomeNetOfTax": "None", "ebit": "484000000", "ebitda": "1022000000", "netIncome": "227000000"}, {"fiscalDateEnding": "2013-12-31", "reportedCurrency": "USD", "grossProfit": "868000000", "totalRevenue": "3975000000", "costOfRevenue": "3107000000", "costofGoodsAndServicesSold": "3107000000", "operatingIncome": "333000000", "sellingGeneralAndAdministrative": "0", "researchAndDevelopment": "0", "operatingExpenses": "535000000", "investmentIncomeNet": "None", "netInterestIncome": "None", "interestIncome": "None", "interestExpense": "183000000", "nonInterestIncome": "None", "otherNonOperatingIncome": "None", "depreciation": "None", "depreciationAndAmortization": "535000000", "incomeBeforeTax": "115000000", "incomeTaxExpense": "25000000", "interestAndDebtExpense": "None", "netIncomeFromContinuingOperations": "0", "comprehensiveIncomeNetOfTax": "None", "ebit": "333000000", "ebitda": "868000000", "netIncome": "86000000"}, {"fiscalDateEnding": "2013-09-30", "reportedCurrency": "USD", "grossProfit": "814000000", "totalRevenue": "4175000000", "costOfRevenue": "3361000000", "costofGoodsAndServicesSold": "3361000000", "operatingIncome": "291000000", "sellingGeneralAndAdministrative": "0", "researchAndDevelopment": "0", "operatingExpenses": "523000000", "investmentIncomeNet": "None", "netInterestIncome": "None", "interestIncome": "None", "interestExpense": "179000000", "nonInterestIncome": "None", "otherNonOperatingIncome": "28000000", "depreciation": "None", "depreciationAndAmortization": "523000000", "incomeBeforeTax": "140000000", "incomeTaxExpense": "-24000000", "interestAndDebtExpense": "None", "netIncomeFromContinuingOperations": "164000000", "comprehensiveIncomeNetOfTax": "None", "ebit": "376000000", "ebitda": "899000000", "netIncome": "161000000"}, {"fiscalDateEnding": "2013-06-30", "reportedCurrency": "USD", "grossProfit": "1152000000", "totalRevenue": "3776000000", "costOfRevenue": "2624000000", "costofGoodsAndServicesSold": "2624000000", "operatingIncome": "636000000", "sellingGeneralAndAdministrative": "0", "researchAndDevelopment": "0", "operatingExpenses": "516000000", "investmentIncomeNet": "None", "netInterestIncome": "None", "interestIncome": "None", "interestExpense": "177000000", "nonInterestIncome": "None", "otherNonOperatingIncome": "26000000", "depreciation": "None", "depreciationAndAmortization": "516000000", "incomeBeforeTax": "485000000", "incomeTaxExpense": "153000000", "interestAndDebtExpense": "None", "netIncomeFromContinuingOperations": "332000000", "comprehensiveIncomeNetOfTax": "None", "ebit": "662000000", "ebitda": "1178000000", "netIncome": "328000000"}, {"fiscalDateEnding": "2013-03-31", "reportedCurrency": "USD", "grossProfit": "1005000000", "totalRevenue": "3672000000", "costOfRevenue": "2667000000", "costofGoodsAndServicesSold": "2667000000", "operatingIncome": "502000000", "sellingGeneralAndAdministrative": "0", "researchAndDevelopment": "0", "operatingExpenses": "503000000", "investmentIncomeNet": "None", "netInterestIncome": "None", "interestIncome": "None", "interestExpense": "176000000", "nonInterestIncome": "None", "otherNonOperatingIncome": "None", "depreciation": "None", "depreciationAndAmortization": "503000000", "incomeBeforeTax": "356000000", "incomeTaxExpense": "114000000", "interestAndDebtExpense": "None", "netIncomeFromContinuingOperations": "0", "comprehensiveIncomeNetOfTax": "None", "ebit": "532000000", "ebitda": "1035000000", "netIncome": "239000000"}, {"fiscalDateEnding": "2012-12-31", "reportedCurrency": "USD", "grossProfit": "-3548000000", "totalRevenue": "3830000000", "costOfRevenue": "7378000000", "costofGoodsAndServicesSold": "7378000000", "operatingIncome": "125000000", "sellingGeneralAndAdministrative": "0", "researchAndDevelopment": "0", "operatingExpenses": "-3673000000", "investmentIncomeNet": "None", "netInterestIncome": "None", "interestIncome": "None", "interestExpense": "175000000", "nonInterestIncome": "None", "otherNonOperatingIncome": "None", "depreciation": "None", "depreciationAndAmortization": "465000000", "incomeBeforeTax": "-63000000", "incomeTaxExpense": "-54000000", "interestAndDebtExpense": "None", "netIncomeFromContinuingOperations": "0", "comprehensiveIncomeNetOfTax": "None", "ebit": "112000000", "ebitda": "577000000", "netIncome": "-9000000"}, {"fiscalDateEnding": "2012-09-30", "reportedCurrency": "USD", "grossProfit": "2575000000", "totalRevenue": "3976000000", "costOfRevenue": "1401000000", "costofGoodsAndServicesSold": "1401000000", "operatingIncome": "614000000", "sellingGeneralAndAdministrative": "0", "researchAndDevelopment": "0", "operatingExpenses": "1961000000", "investmentIncomeNet": "None", "netInterestIncome": "None", "interestIncome": "None", "interestExpense": "178000000", "nonInterestIncome": "None", "otherNonOperatingIncome": "None", "depreciation": "None", "depreciationAndAmortization": "617000000", "incomeBeforeTax": "464000000", "incomeTaxExpense": "100000000", "interestAndDebtExpense": "None", "netIncomeFromContinuingOperations": "0", "comprehensiveIncomeNetOfTax": "None", "ebit": "642000000", "ebitda": "1259000000", "netIncome": "361000000"}, {"fiscalDateEnding": "2012-06-30", "reportedCurrency": "USD", "grossProfit": "2499000000", "totalRevenue": "3593000000", "costOfRevenue": "1094000000", "costofGoodsAndServicesSold": "1094000000", "operatingIncome": "467000000", "sellingGeneralAndAdministrative": "0", "researchAndDevelopment": "0", "operatingExpenses": "2032000000", "investmentIncomeNet": "None", "netInterestIncome": "None", "interestIncome": "None", "interestExpense": "176000000", "nonInterestIncome": "None", "otherNonOperatingIncome": "None", "depreciation": "None", "depreciationAndAmortization": "606000000", "incomeBeforeTax": "326000000", "incomeTaxExpense": "87000000", "interestAndDebtExpense": "None", "netIncomeFromContinuingOperations": "0", "comprehensiveIncomeNetOfTax": "None", "ebit": "502000000", "ebitda": "1108000000", "netIncome": "235000000"}, {"fiscalDateEnding": "2012-03-31", "reportedCurrency": "USD", "grossProfit": "2439000000", "totalRevenue": "3641000000", "costOfRevenue": "1202000000", "costofGoodsAndServicesSold": "1202000000", "operatingIncome": "487000000", "sellingGeneralAndAdministrative": "0", "researchAndDevelopment": "0", "operatingExpenses": "1952000000", "investmentIncomeNet": "None", "netInterestIncome": "None", "interestIncome": "None", "interestExpense": "174000000", "nonInterestIncome": "None", "otherNonOperatingIncome": "None", "depreciation": "None", "depreciationAndAmortization": "584000000", "incomeBeforeTax": "340000000", "incomeTaxExpense": "104000000", "interestAndDebtExpense": "None", "netIncomeFromContinuingOperations": "0", "comprehensiveIncomeNetOfTax": "None", "ebit": "514000000", "ebitda": "1098000000", "netIncome": "233000000"}, {"fiscalDateEnding": "2011-12-31", "reportedCurrency": "USD", "grossProfit": "2436000000", "totalRevenue": "3815000000", "costOfRevenue": "1379000000", "costofGoodsAndServicesSold": "1379000000", "operatingIncome": "358000000", "sellingGeneralAndAdministrative": "0", "researchAndDevelopment": "0", "operatingExpenses": "2078000000", "investmentIncomeNet": "None", "netInterestIncome": "None", "interestIncome": "None", "interestExpense": "173000000", "nonInterestIncome": "None", "otherNonOperatingIncome": "None", "depreciation": "None", "depreciationAndAmortization": "567000000", "incomeBeforeTax": "178000000", "incomeTaxExpense": "91000000", "interestAndDebtExpense": "None", "netIncomeFromContinuingOperations": "0", "comprehensiveIncomeNetOfTax": "None", "ebit": "351000000", "ebitda": "918000000", "netIncome": "83000000"}, {"fiscalDateEnding": "2011-09-30", "reportedCurrency": "USD", "grossProfit": "2466000000", "totalRevenue": "3860000000", "costOfRevenue": "1394000000", "costofGoodsAndServicesSold": "1394000000", "operatingIncome": "408000000", "sellingGeneralAndAdministrative": "0", "researchAndDevelopment": "0", "operatingExpenses": "2058000000", "investmentIncomeNet": "None", "netInterestIncome": "None", "interestIncome": "None", "interestExpense": "176000000", "nonInterestIncome": "None", "otherNonOperatingIncome": "None", "depreciation": "None", "depreciationAndAmortization": "450000000", "incomeBeforeTax": "252000000", "incomeTaxExpense": "49000000", "interestAndDebtExpense": "None", "netIncomeFromContinuingOperations": "0", "comprehensiveIncomeNetOfTax": "None", "ebit": "544000000", "ebitda": "994000000", "netIncome": "200000000"}, {"fiscalDateEnding": "2011-06-30", "reportedCurrency": "USD", "grossProfit": "2520000000", "totalRevenue": "3684000000", "costOfRevenue": "1164000000", "costofGoodsAndServicesSold": "1164000000", "operatingIncome": "692000000", "sellingGeneralAndAdministrative": "0", "researchAndDevelopment": "0", "operatingExpenses": "1828000000", "investmentIncomeNet": "None", "netInterestIncome": "None", "interestIncome": "None", "interestExpense": "174000000", "nonInterestIncome": "None", "otherNonOperatingIncome": "None", "depreciation": "None", "depreciationAndAmortization": "648000000", "incomeBeforeTax": "542000000", "incomeTaxExpense": "176000000", "interestAndDebtExpense": "None", "netIncomeFromContinuingOperations": "0", "comprehensiveIncomeNetOfTax": "None", "ebit": "659000000", "ebitda": "1307000000", "netIncome": "362000000"}, {"fiscalDateEnding": "2011-03-31", "reportedCurrency": "USD", "grossProfit": "2201000000", "totalRevenue": "3597000000", "costOfRevenue": "1396000000", "costofGoodsAndServicesSold": "1396000000", "operatingIncome": "484000000", "sellingGeneralAndAdministrative": "0", "researchAndDevelopment": "0", "operatingExpenses": "1717000000", "investmentIncomeNet": "None", "netInterestIncome": "None", "interestIncome": "None", "interestExpense": "177000000", "nonInterestIncome": "None", "otherNonOperatingIncome": "19000000", "depreciation": "None", "depreciationAndAmortization": "550000000", "incomeBeforeTax": "326000000", "incomeTaxExpense": "124000000", "interestAndDebtExpense": "None", "netIncomeFromContinuingOperations": "202000000", "comprehensiveIncomeNetOfTax": "None", "ebit": "444000000", "ebitda": "994000000", "netIncome": "199000000"}, {"fiscalDateEnding": "2010-12-31", "reportedCurrency": "USD", "grossProfit": "2241000000", "totalRevenue": "3621000000", "costOfRevenue": "1380000000", "costofGoodsAndServicesSold": "1380000000", "operatingIncome": "492000000", "sellingGeneralAndAdministrative": "0", "researchAndDevelopment": "0", "operatingExpenses": "1749000000", "investmentIncomeNet": "None", "netInterestIncome": "None", "interestIncome": "None", "interestExpense": "174000000", "nonInterestIncome": "None", "otherNonOperatingIncome": "None", "depreciation": "None", "depreciationAndAmortization": "542000000", "incomeBeforeTax": "322000000", "incomeTaxExpense": "68000000", "interestAndDebtExpense": "None", "netIncomeFromContinuingOperations": "0", "comprehensiveIncomeNetOfTax": "None", "ebit": "496000000", "ebitda": "1038000000", "netIncome": "250000000"}, {"fiscalDateEnding": "2010-09-30", "reportedCurrency": "USD", "grossProfit": "2229000000", "totalRevenue": "3513000000", "costOfRevenue": "1284000000", "costofGoodsAndServicesSold": "1284000000", "operatingIncome": "503000000", "sellingGeneralAndAdministrative": "0", "researchAndDevelopment": "0", "operatingExpenses": "1726000000", "investmentIncomeNet": "None", "netInterestIncome": "None", "interestIncome": "None", "interestExpense": "167000000", "nonInterestIncome": "None", "otherNonOperatingIncome": "None", "depreciation": "None", "depreciationAndAmortization": "571000000", "incomeBeforeTax": "368000000", "incomeTaxExpense": "107000000", "interestAndDebtExpense": "None", "netIncomeFromContinuingOperations": "0", "comprehensiveIncomeNetOfTax": "None", "ebit": "465000000", "ebitda": "1036000000", "netIncome": "258000000"}, {"fiscalDateEnding": "2010-06-30", "reportedCurrency": "USD", "grossProfit": "2122000000", "totalRevenue": "3232000000", "costOfRevenue": "1110000000", "costofGoodsAndServicesSold": "1110000000", "operatingIncome": "695000000", "sellingGeneralAndAdministrative": "0", "researchAndDevelopment": "0", "operatingExpenses": "1427000000", "investmentIncomeNet": "None", "netInterestIncome": "None", "interestIncome": "None", "interestExpense": "175000000", "nonInterestIncome": "None", "otherNonOperatingIncome": "None", "depreciation": "None", "depreciationAndAmortization": "532000000", "incomeBeforeTax": "524000000", "incomeTaxExpense": "187000000", "interestAndDebtExpense": "None", "netIncomeFromContinuingOperations": "0", "comprehensiveIncomeNetOfTax": "None", "ebit": "699000000", "ebitda": "1231000000", "netIncome": "333000000"}, {"fiscalDateEnding": "2010-03-31", "reportedCurrency": "USD", "grossProfit": "2060000000", "totalRevenue": "3475000000", "costOfRevenue": "1415000000", "costofGoodsAndServicesSold": "1415000000", "operatingIncome": "618000000", "sellingGeneralAndAdministrative": "0", "researchAndDevelopment": "0", "operatingExpenses": "1442000000", "investmentIncomeNet": "None", "netInterestIncome": "None", "interestIncome": "None", "interestExpense": "168000000", "nonInterestIncome": "None", "otherNonOperatingIncome": "None", "depreciation": "None", "depreciationAndAmortization": "506000000", "incomeBeforeTax": "446000000", "incomeTaxExpense": "185000000", "interestAndDebtExpense": "None", "netIncomeFromContinuingOperations": "0", "comprehensiveIncomeNetOfTax": "None", "ebit": "614000000", "ebitda": "1120000000", "netIncome": "258000000"}, {"fiscalDateEnding": "2009-12-31", "reportedCurrency": "USD", "grossProfit": "2179000000", "totalRevenue": "3539000000", "costOfRevenue": "1360000000", "costofGoodsAndServicesSold": "1360000000", "operatingIncome": "523000000", "sellingGeneralAndAdministrative": "0", "researchAndDevelopment": "0", "operatingExpenses": "1656000000", "investmentIncomeNet": "None", "netInterestIncome": "None", "interestIncome": "None", "interestExpense": "172000000", "nonInterestIncome": "None", "otherNonOperatingIncome": "None", "depreciation": "None", "depreciationAndAmortization": "492000000", "incomeBeforeTax": "361000000", "incomeTaxExpense": "84000000", "interestAndDebtExpense": "None", "netIncomeFromContinuingOperations": "0", "comprehensiveIncomeNetOfTax": "None", "ebit": "533000000", "ebitda": "1025000000", "netIncome": "273000000"}, {"fiscalDateEnding": "2009-09-30", "reportedCurrency": "USD", "grossProfit": "2104000000", "totalRevenue": "3235000000", "costOfRevenue": "1131000000", "costofGoodsAndServicesSold": "1131000000", "operatingIncome": "607000000", "sellingGeneralAndAdministrative": "0", "researchAndDevelopment": "0", "operatingExpenses": "1497000000", "investmentIncomeNet": "None", "netInterestIncome": "None", "interestIncome": "None", "interestExpense": "174000000", "nonInterestIncome": "None", "otherNonOperatingIncome": "None", "depreciation": "None", "depreciationAndAmortization": "511000000", "incomeBeforeTax": "457000000", "incomeTaxExpense": "136000000", "interestAndDebtExpense": "None", "netIncomeFromContinuingOperations": "0", "comprehensiveIncomeNetOfTax": "None", "ebit": "631000000", "ebitda": "1142000000", "netIncome": "318000000"}, {"fiscalDateEnding": "2009-06-30", "reportedCurrency": "USD", "grossProfit": "2123000000", "totalRevenue": "3194000000", "costOfRevenue": "1071000000", "costofGoodsAndServicesSold": "1071000000", "operatingIncome": "656000000", "sellingGeneralAndAdministrative": "0", "researchAndDevelopment": "0", "operatingExpenses": "1467000000", "investmentIncomeNet": "None", "netInterestIncome": "None", "interestIncome": "None", "interestExpense": "178000000", "nonInterestIncome": "None", "otherNonOperatingIncome": "None", "depreciation": "None", "depreciationAndAmortization": "481000000", "incomeBeforeTax": "517000000", "incomeTaxExpense": "125000000", "interestAndDebtExpense": "None", "netIncomeFromContinuingOperations": "0", "comprehensiveIncomeNetOfTax": "None", "ebit": "621000000", "ebitda": "1102000000", "netIncome": "388000000"}, {"fiscalDateEnding": "2009-03-31", "reportedCurrency": "USD", "grossProfit": "1991000000", "totalRevenue": "3431000000", "costOfRevenue": "1440000000", "costofGoodsAndServicesSold": "1440000000", "operatingIncome": "513000000", "sellingGeneralAndAdministrative": "0", "researchAndDevelopment": "0", "operatingExpenses": "1478000000", "investmentIncomeNet": "None", "netInterestIncome": "None", "interestIncome": "None", "interestExpense": "181000000", "nonInterestIncome": "None", "otherNonOperatingIncome": "None", "depreciation": "None", "depreciationAndAmortization": "463000000", "incomeBeforeTax": "359000000", "incomeTaxExpense": "115000000", "interestAndDebtExpense": "None", "netIncomeFromContinuingOperations": "0", "comprehensiveIncomeNetOfTax": "None", "ebit": "540000000", "ebitda": "1003000000", "netIncome": "241000000"}, {"fiscalDateEnding": "2008-12-31", "reportedCurrency": "USD", "grossProfit": "2147000000", "totalRevenue": "3643000000", "costOfRevenue": "1496000000", "costofGoodsAndServicesSold": "1496000000", "operatingIncome": "545000000", "sellingGeneralAndAdministrative": "0", "researchAndDevelopment": "0", "operatingExpenses": "1602000000", "investmentIncomeNet": "None", "netInterestIncome": "None", "interestIncome": "None", "interestExpense": "30000000", "nonInterestIncome": "None", "otherNonOperatingIncome": "None", "depreciation": "None", "depreciationAndAmortization": "526000000", "incomeBeforeTax": "375000000", "incomeTaxExpense": "12000000", "interestAndDebtExpense": "None", "netIncomeFromContinuingOperations": "0", "comprehensiveIncomeNetOfTax": "None", "ebit": "621000000", "ebitda": "1147000000", "netIncome": "517000000"}, {"fiscalDateEnding": "2008-09-30", "reportedCurrency": "USD", "grossProfit": "2041000000", "totalRevenue": "3674000000", "costOfRevenue": "1633000000", "costofGoodsAndServicesSold": "1633000000", "operatingIncome": "639000000", "sellingGeneralAndAdministrative": "0", "researchAndDevelopment": "0", "operatingExpenses": "1402000000", "investmentIncomeNet": "None", "netInterestIncome": "None", "interestIncome": "None", "interestExpense": "178000000", "nonInterestIncome": "None", "otherNonOperatingIncome": "None", "depreciation": "None", "depreciationAndAmortization": "467000000", "incomeBeforeTax": "467000000", "incomeTaxExpense": "163000000", "interestAndDebtExpense": "None", "netIncomeFromContinuingOperations": "0", "comprehensiveIncomeNetOfTax": "None", "ebit": "607000000", "ebitda": "1074000000", "netIncome": "304000000"}, {"fiscalDateEnding": "2008-06-30", "reportedCurrency": "USD", "grossProfit": "1994000000", "totalRevenue": "3578000000", "costOfRevenue": "1584000000", "costofGoodsAndServicesSold": "1584000000", "operatingIncome": "584000000", "sellingGeneralAndAdministrative": "0", "researchAndDevelopment": "0", "operatingExpenses": "1410000000", "investmentIncomeNet": "None", "netInterestIncome": "None", "interestIncome": "None", "interestExpense": "185000000", "nonInterestIncome": "None", "otherNonOperatingIncome": "None", "depreciation": "None", "depreciationAndAmortization": "453000000", "incomeBeforeTax": "433000000", "incomeTaxExpense": "140000000", "interestAndDebtExpense": "None", "netIncomeFromContinuingOperations": "0", "comprehensiveIncomeNetOfTax": "None", "ebit": "583000000", "ebitda": "1036000000", "netIncome": "293000000"}, {"fiscalDateEnding": "2008-03-31", "reportedCurrency": "USD", "grossProfit": "1931000000", "totalRevenue": "3733000000", "costOfRevenue": "1802000000", "costofGoodsAndServicesSold": "1802000000", "operatingIncome": "493000000", "sellingGeneralAndAdministrative": "0", "researchAndDevelopment": "0", "operatingExpenses": "1438000000", "investmentIncomeNet": "None", "netInterestIncome": "None", "interestIncome": "None", "interestExpense": "187000000", "nonInterestIncome": "None", "otherNonOperatingIncome": "None", "depreciation": "None", "depreciationAndAmortization": "417000000", "incomeBeforeTax": "334000000", "incomeTaxExpense": "110000000", "interestAndDebtExpense": "None", "netIncomeFromContinuingOperations": "0", "comprehensiveIncomeNetOfTax": "None", "ebit": "491000000", "ebitda": "908000000", "netIncome": "224000000"}, {"fiscalDateEnding": "2007-12-31", "reportedCurrency": "USD", "grossProfit": "1981000000", "totalRevenue": "3416000000", "costOfRevenue": "1435000000", "costofGoodsAndServicesSold": "1435000000", "operatingIncome": "449000000", "sellingGeneralAndAdministrative": "0", "researchAndDevelopment": "0", "operatingExpenses": "1532000000", "investmentIncomeNet": "None", "netInterestIncome": "None", "interestIncome": "None", "interestExpense": "30000000", "nonInterestIncome": "None", "otherNonOperatingIncome": "None", "depreciation": "None", "depreciationAndAmortization": "476000000", "incomeBeforeTax": "304000000", "incomeTaxExpense": "101000000", "interestAndDebtExpense": "None", "netIncomeFromContinuingOperations": "0", "comprehensiveIncomeNetOfTax": "None", "ebit": "449000000", "ebitda": "925000000", "netIncome": "203000000"}, {"fiscalDateEnding": "2007-09-30", "reportedCurrency": "USD", "grossProfit": "2000000000", "totalRevenue": "3279000000", "costOfRevenue": "1279000000", "costofGoodsAndServicesSold": "1279000000", "operatingIncome": "582000000", "sellingGeneralAndAdministrative": "0", "researchAndDevelopment": "0", "operatingExpenses": "1418000000", "investmentIncomeNet": "None", "netInterestIncome": "None", "interestIncome": "None", "interestExpense": "196000000", "nonInterestIncome": "None", "otherNonOperatingIncome": "None", "depreciation": "None", "depreciationAndAmortization": "505000000", "incomeBeforeTax": "429000000", "incomeTaxExpense": "151000000", "interestAndDebtExpense": "None", "netIncomeFromContinuingOperations": "0", "comprehensiveIncomeNetOfTax": "None", "ebit": "582000000", "ebitda": "1087000000", "netIncome": "278000000"}, {"fiscalDateEnding": "2007-06-30", "reportedCurrency": "USD", "grossProfit": "1907000000", "totalRevenue": "3187000000", "costOfRevenue": "1280000000", "costofGoodsAndServicesSold": "1280000000", "operatingIncome": "555000000", "sellingGeneralAndAdministrative": "0", "researchAndDevelopment": "0", "operatingExpenses": "1352000000", "investmentIncomeNet": "None", "netInterestIncome": "None", "interestIncome": "None", "interestExpense": "185000000", "nonInterestIncome": "None", "otherNonOperatingIncome": "None", "depreciation": "None", "depreciationAndAmortization": "460000000", "incomeBeforeTax": "417000000", "incomeTaxExpense": "148000000", "interestAndDebtExpense": "None", "netIncomeFromContinuingOperations": "0", "comprehensiveIncomeNetOfTax": "None", "ebit": "555000000", "ebitda": "1015000000", "netIncome": "269000000"}, {"fiscalDateEnding": "2007-03-31", "reportedCurrency": "USD", "grossProfit": "1879000000", "totalRevenue": "3356000000", "costOfRevenue": "1477000000", "costofGoodsAndServicesSold": "1477000000", "operatingIncome": "529000000", "sellingGeneralAndAdministrative": "0", "researchAndDevelopment": "0", "operatingExpenses": "1350000000", "investmentIncomeNet": "None", "netInterestIncome": "None", "interestIncome": "None", "interestExpense": "190000000", "nonInterestIncome": "None", "otherNonOperatingIncome": "None", "depreciation": "None", "depreciationAndAmortization": "454000000", "incomeBeforeTax": "395000000", "incomeTaxExpense": "139000000", "interestAndDebtExpense": "None", "netIncomeFromContinuingOperations": "0", "comprehensiveIncomeNetOfTax": "None", "ebit": "529000000", "ebitda": "983000000", "netIncome": "256000000"}, {"fiscalDateEnding": "2006-12-31", "reportedCurrency": "USD", "grossProfit": "1921000000", "totalRevenue": "3206000000", "costOfRevenue": "1285000000", "costofGoodsAndServicesSold": "1285000000", "operatingIncome": "439000000", "sellingGeneralAndAdministrative": "0", "researchAndDevelopment": "0", "operatingExpenses": "1482000000", "investmentIncomeNet": "None", "netInterestIncome": "None", "interestIncome": "None", "interestExpense": "30000000", "nonInterestIncome": "None", "otherNonOperatingIncome": "None", "depreciation": "None", "depreciationAndAmortization": "413000000", "incomeBeforeTax": "236000000", "incomeTaxExpense": "84000000", "interestAndDebtExpense": "None", "netIncomeFromContinuingOperations": "0", "comprehensiveIncomeNetOfTax": "None", "ebit": "444000000", "ebitda": "857000000", "netIncome": "152000000"}, {"fiscalDateEnding": "2006-09-30", "reportedCurrency": "USD", "grossProfit": "1986000000", "totalRevenue": "3168000000", "costOfRevenue": "1182000000", "costofGoodsAndServicesSold": "1182000000", "operatingIncome": "735000000", "sellingGeneralAndAdministrative": "0", "researchAndDevelopment": "0", "operatingExpenses": "1251000000", "investmentIncomeNet": "None", "netInterestIncome": "None", "interestIncome": "None", "interestExpense": "152000000", "nonInterestIncome": "None", "otherNonOperatingIncome": "None", "depreciation": "None", "depreciationAndAmortization": "475000000", "incomeBeforeTax": "601000000", "incomeTaxExpense": "208000000", "interestAndDebtExpense": "None", "netIncomeFromContinuingOperations": "0", "comprehensiveIncomeNetOfTax": "None", "ebit": "735000000", "ebitda": "1210000000", "netIncome": "393000000"}, {"fiscalDateEnding": "2006-06-30", "reportedCurrency": "USD", "grossProfit": "1868000000", "totalRevenue": "3017000000", "costOfRevenue": "1149000000", "costofGoodsAndServicesSold": "1149000000", "operatingIncome": "465000000", "sellingGeneralAndAdministrative": "0", "researchAndDevelopment": "0", "operatingExpenses": "1403000000", "investmentIncomeNet": "None", "netInterestIncome": "None", "interestIncome": "None", "interestExpense": "164000000", "nonInterestIncome": "None", "otherNonOperatingIncome": "None", "depreciation": "None", "depreciationAndAmortization": "466000000", "incomeBeforeTax": "370000000", "incomeTaxExpense": "138000000", "interestAndDebtExpense": "None", "netIncomeFromContinuingOperations": "0", "comprehensiveIncomeNetOfTax": "None", "ebit": "466000000", "ebitda": "932000000", "netIncome": "232000000"}, {"fiscalDateEnding": "2006-03-31", "reportedCurrency": "USD", "grossProfit": "1745000000", "totalRevenue": "3148000000", "costOfRevenue": "1403000000", "costofGoodsAndServicesSold": "1403000000", "operatingIncome": "469000000", "sellingGeneralAndAdministrative": "0", "researchAndDevelopment": "0", "operatingExpenses": "1276000000", "investmentIncomeNet": "None", "netInterestIncome": "None", "interestIncome": "None", "interestExpense": "146000000", "nonInterestIncome": "None", "otherNonOperatingIncome": "None", "depreciation": "None", "depreciationAndAmortization": "402000000", "incomeBeforeTax": "338000000", "incomeTaxExpense": "124000000", "interestAndDebtExpense": "None", "netIncomeFromContinuingOperations": "0", "comprehensiveIncomeNetOfTax": "None", "ebit": "481000000", "ebitda": "883000000", "netIncome": "214000000"}, {"fiscalDateEnding": "2005-12-31", "reportedCurrency": "USD", "grossProfit": "2051000000", "totalRevenue": "3733000000", "costOfRevenue": "1682000000", "costofGoodsAndServicesSold": "1682000000", "operatingIncome": "416000000", "sellingGeneralAndAdministrative": "0", "researchAndDevelopment": "0", "operatingExpenses": "1635000000", "investmentIncomeNet": "None", "netInterestIncome": "None", "interestIncome": "None", "interestExpense": "35000000", "nonInterestIncome": "None", "otherNonOperatingIncome": "None", "depreciation": "None", "depreciationAndAmortization": "403000000", "incomeBeforeTax": "288000000", "incomeTaxExpense": "108000000", "interestAndDebtExpense": "None", "netIncomeFromContinuingOperations": "0", "comprehensiveIncomeNetOfTax": "None", "ebit": "428000000", "ebitda": "831000000", "netIncome": "180000000"}, {"fiscalDateEnding": "2005-09-30", "reportedCurrency": "USD", "grossProfit": "1736000000", "totalRevenue": "2804000000", "costOfRevenue": "1068000000", "costofGoodsAndServicesSold": "1068000000", "operatingIncome": "515000000", "sellingGeneralAndAdministrative": "0", "researchAndDevelopment": "0", "operatingExpenses": "1221000000", "investmentIncomeNet": "None", "netInterestIncome": "None", "interestIncome": "None", "interestExpense": "145000000", "nonInterestIncome": "None", "otherNonOperatingIncome": "None", "depreciation": "None", "depreciationAndAmortization": "456000000", "incomeBeforeTax": "378000000", "incomeTaxExpense": "139000000", "interestAndDebtExpense": "None", "netIncomeFromContinuingOperations": "0", "comprehensiveIncomeNetOfTax": "None", "ebit": "540000000", "ebitda": "996000000", "netIncome": "252000000"}, {"fiscalDateEnding": "2005-06-30", "reportedCurrency": "USD", "grossProfit": "1664000000", "totalRevenue": "2498000000", "costOfRevenue": "834000000", "costofGoodsAndServicesSold": "834000000", "operatingIncome": "538000000", "sellingGeneralAndAdministrative": "0", "researchAndDevelopment": "0", "operatingExpenses": "1126000000", "investmentIncomeNet": "None", "netInterestIncome": "None", "interestIncome": "None", "interestExpense": "131000000", "nonInterestIncome": "None", "otherNonOperatingIncome": "None", "depreciation": "None", "depreciationAndAmortization": "454000000", "incomeBeforeTax": "423000000", "incomeTaxExpense": "156000000", "interestAndDebtExpense": "None", "netIncomeFromContinuingOperations": "0", "comprehensiveIncomeNetOfTax": "None", "ebit": "538000000", "ebitda": "992000000", "netIncome": "267000000"}, {"fiscalDateEnding": "2005-03-31", "reportedCurrency": "USD", "grossProfit": "1653000000", "totalRevenue": "2669000000", "costOfRevenue": "1016000000", "costofGoodsAndServicesSold": "1016000000", "operatingIncome": "501000000", "sellingGeneralAndAdministrative": "0", "researchAndDevelopment": "0", "operatingExpenses": "1152000000", "investmentIncomeNet": "None", "netInterestIncome": "None", "interestIncome": "None", "interestExpense": "161000000", "nonInterestIncome": "None", "otherNonOperatingIncome": "None", "depreciation": "None", "depreciationAndAmortization": "385000000", "incomeBeforeTax": "360000000", "incomeTaxExpense": "142000000", "interestAndDebtExpense": "None", "netIncomeFromContinuingOperations": "0", "comprehensiveIncomeNetOfTax": "None", "ebit": "501000000", "ebitda": "886000000", "netIncome": "218000000"}, {"fiscalDateEnding": "2004-12-31", "reportedCurrency": "USD", "grossProfit": "1585000000", "totalRevenue": "2980000000", "costOfRevenue": "1395000000", "costofGoodsAndServicesSold": "1395000000", "operatingIncome": "568000000", "sellingGeneralAndAdministrative": "0", "researchAndDevelopment": "0", "operatingExpenses": "1017000000", "investmentIncomeNet": "None", "netInterestIncome": "None", "interestIncome": "None", "interestExpense": "232000000", "nonInterestIncome": "None", "otherNonOperatingIncome": "None", "depreciation": "None", "depreciationAndAmortization": "441000000", "incomeBeforeTax": "301000000", "incomeTaxExpense": "114000000", "interestAndDebtExpense": "None", "netIncomeFromContinuingOperations": "0", "comprehensiveIncomeNetOfTax": "None", "ebit": "568000000", "ebitda": "1009000000", "netIncome": "871000000"}]}