{"symbol": "CINF", "annualReports": [{"fiscalDateEnding": "2024-12-31", "reportedCurrency": "USD", "grossProfit": "11337000000", "totalRevenue": "11337000000", "costOfRevenue": "None", "costofGoodsAndServicesSold": "None", "operatingIncome": "2858000000", "sellingGeneralAndAdministrative": "None", "researchAndDevelopment": "None", "operatingExpenses": "8479000000", "investmentIncomeNet": "None", "netInterestIncome": "-53000000", "interestIncome": "1016000000", "interestExpense": "53000000", "nonInterestIncome": "None", "otherNonOperatingIncome": "None", "depreciation": "None", "depreciationAndAmortization": "130000000", "incomeBeforeTax": "2858000000", "incomeTaxExpense": "566000000", "interestAndDebtExpense": "None", "netIncomeFromContinuingOperations": "2292000000", "comprehensiveIncomeNetOfTax": "None", "ebit": "2911000000", "ebitda": "3041000000", "netIncome": "2292000000"}, {"fiscalDateEnding": "2023-12-31", "reportedCurrency": "USD", "grossProfit": "9988000000", "totalRevenue": "10013000000", "costOfRevenue": "25000000", "costofGoodsAndServicesSold": "25000000", "operatingIncome": "2276000000", "sellingGeneralAndAdministrative": "None", "researchAndDevelopment": "None", "operatingExpenses": "7692000000", "investmentIncomeNet": "None", "netInterestIncome": "-53000000", "interestIncome": "852000000", "interestExpense": "54000000", "nonInterestIncome": "None", "otherNonOperatingIncome": "None", "depreciation": "None", "depreciationAndAmortization": "112000000", "incomeBeforeTax": "2276000000", "incomeTaxExpense": "433000000", "interestAndDebtExpense": "None", "netIncomeFromContinuingOperations": "1674000000", "comprehensiveIncomeNetOfTax": "None", "ebit": "2276000000", "ebitda": "2276000000", "netIncome": "1843000000"}, {"fiscalDateEnding": "2022-12-31", "reportedCurrency": "USD", "grossProfit": "6563000000", "totalRevenue": "6563000000", "costOfRevenue": "23000000", "costofGoodsAndServicesSold": "23000000", "operatingIncome": "-641000000", "sellingGeneralAndAdministrative": "None", "researchAndDevelopment": "None", "operatingExpenses": "7204000000", "investmentIncomeNet": "None", "netInterestIncome": "-53000000", "interestIncome": "785000000", "interestExpense": "53000000", "nonInterestIncome": "None", "otherNonOperatingIncome": "None", "depreciation": "None", "depreciationAndAmortization": "127000000", "incomeBeforeTax": "-694000000", "incomeTaxExpense": "-207000000", "interestAndDebtExpense": "None", "netIncomeFromContinuingOperations": "-486000000", "comprehensiveIncomeNetOfTax": "None", "ebit": "-641000000", "ebitda": "-514000000", "netIncome": "-487000000"}, {"fiscalDateEnding": "2021-12-31", "reportedCurrency": "USD", "grossProfit": "9626000000", "totalRevenue": "9626000000", "costOfRevenue": "20000000", "costofGoodsAndServicesSold": "20000000", "operatingIncome": "3723000000", "sellingGeneralAndAdministrative": "None", "researchAndDevelopment": "None", "operatingExpenses": "5903000000", "investmentIncomeNet": "None", "netInterestIncome": "-53000000", "interestIncome": "723000000", "interestExpense": "53000000", "nonInterestIncome": "None", "otherNonOperatingIncome": "None", "depreciation": "None", "depreciationAndAmortization": "118000000", "incomeBeforeTax": "3670000000", "incomeTaxExpense": "724000000", "interestAndDebtExpense": "None", "netIncomeFromContinuingOperations": "2946000000", "comprehensiveIncomeNetOfTax": "None", "ebit": "3698000000", "ebitda": "3816000000", "netIncome": "2968000000"}, {"fiscalDateEnding": "2020-12-31", "reportedCurrency": "USD", "grossProfit": "7536000000", "totalRevenue": "7536000000", "costOfRevenue": "20000000", "costofGoodsAndServicesSold": "20000000", "operatingIncome": "1553000000", "sellingGeneralAndAdministrative": "None", "researchAndDevelopment": "None", "operatingExpenses": "5983000000", "investmentIncomeNet": "None", "netInterestIncome": "-54000000", "interestIncome": "675000000", "interestExpense": "54000000", "nonInterestIncome": "None", "otherNonOperatingIncome": "None", "depreciation": "None", "depreciationAndAmortization": "81000000", "incomeBeforeTax": "1499000000", "incomeTaxExpense": "283000000", "interestAndDebtExpense": "None", "netIncomeFromContinuingOperations": "1216000000", "comprehensiveIncomeNetOfTax": "None", "ebit": "1553000000", "ebitda": "1634000000", "netIncome": "1216000000"}, {"fiscalDateEnding": "2019-12-31", "reportedCurrency": "USD", "grossProfit": "7924000000", "totalRevenue": "7924000000", "costOfRevenue": "23000000", "costofGoodsAndServicesSold": "23000000", "operatingIncome": "2525000000", "sellingGeneralAndAdministrative": "None", "researchAndDevelopment": "None", "operatingExpenses": "5399000000", "investmentIncomeNet": "None", "netInterestIncome": "-53000000", "interestIncome": "647000000", "interestExpense": "53000000", "nonInterestIncome": "None", "otherNonOperatingIncome": "None", "depreciation": "None", "depreciationAndAmortization": "72000000", "incomeBeforeTax": "2472000000", "incomeTaxExpense": "475000000", "interestAndDebtExpense": "None", "netIncomeFromContinuingOperations": "2947000000", "comprehensiveIncomeNetOfTax": "None", "ebit": "2525000000", "ebitda": "2597000000", "netIncome": "1997000000"}, {"fiscalDateEnding": "2018-12-31", "reportedCurrency": "USD", "grossProfit": "5407000000", "totalRevenue": "5407000000", "costOfRevenue": "16000000", "costofGoodsAndServicesSold": "16000000", "operatingIncome": "304000000", "sellingGeneralAndAdministrative": "0", "researchAndDevelopment": "0", "operatingExpenses": "5103000000", "investmentIncomeNet": "None", "netInterestIncome": "-53000000", "interestIncome": "53000000", "interestExpense": "53000000", "nonInterestIncome": "None", "otherNonOperatingIncome": "None", "depreciation": "None", "depreciationAndAmortization": "63000000", "incomeBeforeTax": "251000000", "incomeTaxExpense": "-36000000", "interestAndDebtExpense": "None", "netIncomeFromContinuingOperations": "215000000", "comprehensiveIncomeNetOfTax": "None", "ebit": "304000000", "ebitda": "367000000", "netIncome": "287000000"}, {"fiscalDateEnding": "2017-12-31", "reportedCurrency": "USD", "grossProfit": "5732000000", "totalRevenue": "5732000000", "costOfRevenue": "13000000", "costofGoodsAndServicesSold": "13000000", "operatingIncome": "783000000", "sellingGeneralAndAdministrative": "0", "researchAndDevelopment": "0", "operatingExpenses": "4949000000", "investmentIncomeNet": "None", "netInterestIncome": "-53000000", "interestIncome": "53000000", "interestExpense": "53000000", "nonInterestIncome": "None", "otherNonOperatingIncome": "None", "depreciation": "None", "depreciationAndAmortization": "55000000", "incomeBeforeTax": "730000000", "incomeTaxExpense": "-315000000", "interestAndDebtExpense": "None", "netIncomeFromContinuingOperations": "415000000", "comprehensiveIncomeNetOfTax": "None", "ebit": "783000000", "ebitda": "838000000", "netIncome": "1045000000"}, {"fiscalDateEnding": "2016-12-31", "reportedCurrency": "USD", "grossProfit": "5449000000", "totalRevenue": "5449000000", "costOfRevenue": "12000000", "costofGoodsAndServicesSold": "12000000", "operatingIncome": "865000000", "sellingGeneralAndAdministrative": "0", "researchAndDevelopment": "0", "operatingExpenses": "4584000000", "investmentIncomeNet": "None", "netInterestIncome": "-53000000", "interestIncome": "53000000", "interestExpense": "53000000", "nonInterestIncome": "None", "otherNonOperatingIncome": "None", "depreciation": "None", "depreciationAndAmortization": "48000000", "incomeBeforeTax": "812000000", "incomeTaxExpense": "221000000", "interestAndDebtExpense": "None", "netIncomeFromContinuingOperations": "1033000000", "comprehensiveIncomeNetOfTax": "None", "ebit": "865000000", "ebitda": "913000000", "netIncome": "591000000"}, {"fiscalDateEnding": "2015-12-31", "reportedCurrency": "USD", "grossProfit": "5142000000", "totalRevenue": "5142000000", "costOfRevenue": "13000000", "costofGoodsAndServicesSold": "13000000", "operatingIncome": "934000000", "sellingGeneralAndAdministrative": "0", "researchAndDevelopment": "0", "operatingExpenses": "4208000000", "investmentIncomeNet": "None", "netInterestIncome": "None", "interestIncome": "53000000", "interestExpense": "53000000", "nonInterestIncome": "None", "otherNonOperatingIncome": "None", "depreciation": "None", "depreciationAndAmortization": "52000000", "incomeBeforeTax": "881000000", "incomeTaxExpense": "247000000", "interestAndDebtExpense": "None", "netIncomeFromContinuingOperations": "1128000000", "comprehensiveIncomeNetOfTax": "None", "ebit": "934000000", "ebitda": "986000000", "netIncome": "634000000"}, {"fiscalDateEnding": "2014-12-31", "reportedCurrency": "USD", "grossProfit": "4945000000", "totalRevenue": "4945000000", "costOfRevenue": "14000000", "costofGoodsAndServicesSold": "14000000", "operatingIncome": "774000000", "sellingGeneralAndAdministrative": "0", "researchAndDevelopment": "0", "operatingExpenses": "4171000000", "investmentIncomeNet": "None", "netInterestIncome": "None", "interestIncome": "None", "interestExpense": "53000000", "nonInterestIncome": "None", "otherNonOperatingIncome": "None", "depreciation": "None", "depreciationAndAmortization": "51000000", "incomeBeforeTax": "721000000", "incomeTaxExpense": "196000000", "interestAndDebtExpense": "None", "netIncomeFromContinuingOperations": "917000000", "comprehensiveIncomeNetOfTax": "None", "ebit": "774000000", "ebitda": "825000000", "netIncome": "525000000"}, {"fiscalDateEnding": "2013-12-31", "reportedCurrency": "USD", "grossProfit": "4531000000", "totalRevenue": "4531000000", "costOfRevenue": "15000000", "costofGoodsAndServicesSold": "15000000", "operatingIncome": "768000000", "sellingGeneralAndAdministrative": "0", "researchAndDevelopment": "0", "operatingExpenses": "3763000000", "investmentIncomeNet": "None", "netInterestIncome": "None", "interestIncome": "None", "interestExpense": "54000000", "nonInterestIncome": "None", "otherNonOperatingIncome": "None", "depreciation": "None", "depreciationAndAmortization": "50000000", "incomeBeforeTax": "714000000", "incomeTaxExpense": "197000000", "interestAndDebtExpense": "None", "netIncomeFromContinuingOperations": "517000000", "comprehensiveIncomeNetOfTax": "None", "ebit": "768000000", "ebitda": "818000000", "netIncome": "517000000"}, {"fiscalDateEnding": "2012-12-31", "reportedCurrency": "USD", "grossProfit": "4111000000", "totalRevenue": "4111000000", "costOfRevenue": "14000000", "costofGoodsAndServicesSold": "14000000", "operatingIncome": "620000000", "sellingGeneralAndAdministrative": "0", "researchAndDevelopment": "0", "operatingExpenses": "3491000000", "investmentIncomeNet": "None", "netInterestIncome": "None", "interestIncome": "None", "interestExpense": "54000000", "nonInterestIncome": "None", "otherNonOperatingIncome": "428000000", "depreciation": "None", "depreciationAndAmortization": "44000000", "incomeBeforeTax": "566000000", "incomeTaxExpense": "145000000", "interestAndDebtExpense": "None", "netIncomeFromContinuingOperations": "421000000", "comprehensiveIncomeNetOfTax": "None", "ebit": "620000000", "ebitda": "664000000", "netIncome": "421000000"}, {"fiscalDateEnding": "2011-12-31", "reportedCurrency": "USD", "grossProfit": "3790000000", "totalRevenue": "3803000000", "costOfRevenue": "13000000", "costofGoodsAndServicesSold": "13000000", "operatingIncome": "176000000", "sellingGeneralAndAdministrative": "13000000", "researchAndDevelopment": "0", "operatingExpenses": "3803000000", "investmentIncomeNet": "None", "netInterestIncome": "None", "interestIncome": "None", "interestExpense": "54000000", "nonInterestIncome": "None", "otherNonOperatingIncome": "None", "depreciation": "None", "depreciationAndAmortization": "42000000", "incomeBeforeTax": "173000000", "incomeTaxExpense": "9000000", "interestAndDebtExpense": "None", "netIncomeFromContinuingOperations": "166000000", "comprehensiveIncomeNetOfTax": "None", "ebit": "227000000", "ebitda": "269000000", "netIncome": "164000000"}, {"fiscalDateEnding": "2010-12-31", "reportedCurrency": "USD", "grossProfit": "3756000000", "totalRevenue": "3772000000", "costOfRevenue": "16000000", "costofGoodsAndServicesSold": "16000000", "operatingIncome": "501000000", "sellingGeneralAndAdministrative": "16000000", "researchAndDevelopment": "0", "operatingExpenses": "3772000000", "investmentIncomeNet": "None", "netInterestIncome": "None", "interestIncome": "None", "interestExpense": "54000000", "nonInterestIncome": "None", "otherNonOperatingIncome": "None", "depreciation": "None", "depreciationAndAmortization": "41000000", "incomeBeforeTax": "501000000", "incomeTaxExpense": "124000000", "interestAndDebtExpense": "None", "netIncomeFromContinuingOperations": "377000000", "comprehensiveIncomeNetOfTax": "None", "ebit": "555000000", "ebitda": "596000000", "netIncome": "377000000"}, {"fiscalDateEnding": "2009-12-31", "reportedCurrency": "USD", "grossProfit": "3883000000", "totalRevenue": "3903000000", "costOfRevenue": "20000000", "costofGoodsAndServicesSold": "20000000", "operatingIncome": "582000000", "sellingGeneralAndAdministrative": "20000000", "researchAndDevelopment": "None", "operatingExpenses": "3903000000", "investmentIncomeNet": "None", "netInterestIncome": "None", "interestIncome": "None", "interestExpense": "55000000", "nonInterestIncome": "None", "otherNonOperatingIncome": "None", "depreciation": "None", "depreciationAndAmortization": "48000000", "incomeBeforeTax": "582000000", "incomeTaxExpense": "150000000", "interestAndDebtExpense": "None", "netIncomeFromContinuingOperations": "None", "comprehensiveIncomeNetOfTax": "None", "ebit": "637000000", "ebitda": "685000000", "netIncome": "432000000"}, {"fiscalDateEnding": "2008-12-31", "reportedCurrency": "USD", "grossProfit": "3413000000", "totalRevenue": "3824000000", "costOfRevenue": "411000000", "costofGoodsAndServicesSold": "411000000", "operatingIncome": "540000000", "sellingGeneralAndAdministrative": "411000000", "researchAndDevelopment": "None", "operatingExpenses": "3824000000", "investmentIncomeNet": "None", "netInterestIncome": "None", "interestIncome": "None", "interestExpense": "53000000", "nonInterestIncome": "None", "otherNonOperatingIncome": "None", "depreciation": "None", "depreciationAndAmortization": "35000000", "incomeBeforeTax": "540000000", "incomeTaxExpense": "111000000", "interestAndDebtExpense": "None", "netIncomeFromContinuingOperations": "None", "comprehensiveIncomeNetOfTax": "None", "ebit": "593000000", "ebitda": "628000000", "netIncome": "429000000"}, {"fiscalDateEnding": "2007-12-31", "reportedCurrency": "USD", "grossProfit": "3897000000", "totalRevenue": "4259000000", "costOfRevenue": "362000000", "costofGoodsAndServicesSold": "362000000", "operatingIncome": "1260000000", "sellingGeneralAndAdministrative": "362000000", "researchAndDevelopment": "None", "operatingExpenses": "4259000000", "investmentIncomeNet": "None", "netInterestIncome": "None", "interestIncome": "None", "interestExpense": "52000000", "nonInterestIncome": "None", "otherNonOperatingIncome": "None", "depreciation": "None", "depreciationAndAmortization": "38000000", "incomeBeforeTax": "1192000000", "incomeTaxExpense": "337000000", "interestAndDebtExpense": "None", "netIncomeFromContinuingOperations": "None", "comprehensiveIncomeNetOfTax": "None", "ebit": "1244000000", "ebitda": "1282000000", "netIncome": "855000000"}, {"fiscalDateEnding": "2006-12-31", "reportedCurrency": "USD", "grossProfit": "4196000000", "totalRevenue": "4550000000", "costOfRevenue": "354000000", "costofGoodsAndServicesSold": "354000000", "operatingIncome": "1329000000", "sellingGeneralAndAdministrative": "354000000", "researchAndDevelopment": "None", "operatingExpenses": "4550000000", "investmentIncomeNet": "None", "netInterestIncome": "None", "interestIncome": "None", "interestExpense": "53000000", "nonInterestIncome": "None", "otherNonOperatingIncome": "None", "depreciation": "None", "depreciationAndAmortization": "38000000", "incomeBeforeTax": "1329000000", "incomeTaxExpense": "399000000", "interestAndDebtExpense": "None", "netIncomeFromContinuingOperations": "None", "comprehensiveIncomeNetOfTax": "None", "ebit": "1382000000", "ebitda": "1420000000", "netIncome": "930000000"}, {"fiscalDateEnding": "2005-12-31", "reportedCurrency": "USD", "grossProfit": "3477000000", "totalRevenue": "3767000000", "costOfRevenue": "290000000", "costofGoodsAndServicesSold": "290000000", "operatingIncome": "823000000", "sellingGeneralAndAdministrative": "302000000", "researchAndDevelopment": "None", "operatingExpenses": "3767000000", "investmentIncomeNet": "None", "netInterestIncome": "None", "interestIncome": "None", "interestExpense": "51000000", "nonInterestIncome": "None", "otherNonOperatingIncome": "None", "depreciation": "None", "depreciationAndAmortization": "33000000", "incomeBeforeTax": "823000000", "incomeTaxExpense": "221000000", "interestAndDebtExpense": "None", "netIncomeFromContinuingOperations": "None", "comprehensiveIncomeNetOfTax": "None", "ebit": "874000000", "ebitda": "907000000", "netIncome": "602000000"}], "quarterlyReports": [{"fiscalDateEnding": "2024-12-31", "reportedCurrency": "USD", "grossProfit": "2538000000", "totalRevenue": "2538000000", "costOfRevenue": "None", "costofGoodsAndServicesSold": "None", "operatingIncome": "479000000", "sellingGeneralAndAdministrative": "None", "researchAndDevelopment": "None", "operatingExpenses": "2059000000", "investmentIncomeNet": "None", "netInterestIncome": "-13000000", "interestIncome": "278000000", "interestExpense": "13000000", "nonInterestIncome": "None", "otherNonOperatingIncome": "None", "depreciation": "None", "depreciationAndAmortization": "15000000", "incomeBeforeTax": "479000000", "incomeTaxExpense": "74000000", "interestAndDebtExpense": "None", "netIncomeFromContinuingOperations": "405000000", "comprehensiveIncomeNetOfTax": "None", "ebit": "492000000", "ebitda": "507000000", "netIncome": "405000000"}, {"fiscalDateEnding": "2024-09-30", "reportedCurrency": "USD", "grossProfit": "3320000000", "totalRevenue": "3320000000", "costOfRevenue": "6000000", "costofGoodsAndServicesSold": "6000000", "operatingIncome": "1040000000", "sellingGeneralAndAdministrative": "None", "researchAndDevelopment": "None", "operatingExpenses": "2280000000", "investmentIncomeNet": "None", "netInterestIncome": "-13000000", "interestIncome": "255000000", "interestExpense": "13000000", "nonInterestIncome": "None", "otherNonOperatingIncome": "None", "depreciation": "None", "depreciationAndAmortization": "39000000", "incomeBeforeTax": "1040000000", "incomeTaxExpense": "220000000", "interestAndDebtExpense": "None", "netIncomeFromContinuingOperations": "820000000", "comprehensiveIncomeNetOfTax": "None", "ebit": "1053000000", "ebitda": "1092000000", "netIncome": "820000000"}, {"fiscalDateEnding": "2024-06-30", "reportedCurrency": "USD", "grossProfit": "2544000000", "totalRevenue": "2544000000", "costOfRevenue": "9000000", "costofGoodsAndServicesSold": "9000000", "operatingIncome": "400000000", "sellingGeneralAndAdministrative": "None", "researchAndDevelopment": "None", "operatingExpenses": "2144000000", "investmentIncomeNet": "None", "netInterestIncome": "-14000000", "interestIncome": "242000000", "interestExpense": "14000000", "nonInterestIncome": "None", "otherNonOperatingIncome": "None", "depreciation": "None", "depreciationAndAmortization": "42000000", "incomeBeforeTax": "386000000", "incomeTaxExpense": "74000000", "interestAndDebtExpense": "None", "netIncomeFromContinuingOperations": "312000000", "comprehensiveIncomeNetOfTax": "None", "ebit": "400000000", "ebitda": "442000000", "netIncome": "312000000"}, {"fiscalDateEnding": "2024-03-31", "reportedCurrency": "USD", "grossProfit": "2935000000", "totalRevenue": "2935000000", "costOfRevenue": "4000000", "costofGoodsAndServicesSold": "4000000", "operatingIncome": "966000000", "sellingGeneralAndAdministrative": "None", "researchAndDevelopment": "None", "operatingExpenses": "1969000000", "investmentIncomeNet": "None", "netInterestIncome": "-13000000", "interestIncome": "241000000", "interestExpense": "13000000", "nonInterestIncome": "None", "otherNonOperatingIncome": "None", "depreciation": "None", "depreciationAndAmortization": "34000000", "incomeBeforeTax": "953000000", "incomeTaxExpense": "198000000", "interestAndDebtExpense": "None", "netIncomeFromContinuingOperations": "755000000", "comprehensiveIncomeNetOfTax": "None", "ebit": "966000000", "ebitda": "1000000000", "netIncome": "755000000"}, {"fiscalDateEnding": "2023-12-31", "reportedCurrency": "USD", "grossProfit": "3356000000", "totalRevenue": "3356000000", "costOfRevenue": "8000000", "costofGoodsAndServicesSold": "8000000", "operatingIncome": "1490000000", "sellingGeneralAndAdministrative": "None", "researchAndDevelopment": "None", "operatingExpenses": "1852000000", "investmentIncomeNet": "None", "netInterestIncome": "-14000000", "interestIncome": "236000000", "interestExpense": "14000000", "nonInterestIncome": "None", "otherNonOperatingIncome": "None", "depreciation": "None", "depreciationAndAmortization": "24000000", "incomeBeforeTax": "1490000000", "incomeTaxExpense": "307000000", "interestAndDebtExpense": "None", "netIncomeFromContinuingOperations": "1183000000", "comprehensiveIncomeNetOfTax": "None", "ebit": "1504000000", "ebitda": "1528000000", "netIncome": "1183000000"}, {"fiscalDateEnding": "2023-09-30", "reportedCurrency": "USD", "grossProfit": "1811000000", "totalRevenue": "1811000000", "costOfRevenue": "5000000", "costofGoodsAndServicesSold": "5000000", "operatingIncome": "-135000000", "sellingGeneralAndAdministrative": "None", "researchAndDevelopment": "None", "operatingExpenses": "1946000000", "investmentIncomeNet": "None", "netInterestIncome": "-13000000", "interestIncome": "223000000", "interestExpense": "13000000", "nonInterestIncome": "None", "otherNonOperatingIncome": "None", "depreciation": "None", "depreciationAndAmortization": "14000000", "incomeBeforeTax": "-148000000", "incomeTaxExpense": "-49000000", "interestAndDebtExpense": "None", "netIncomeFromContinuingOperations": "-99000000", "comprehensiveIncomeNetOfTax": "None", "ebit": "-135000000", "ebitda": "-121000000", "netIncome": "-99000000"}, {"fiscalDateEnding": "2023-06-30", "reportedCurrency": "USD", "grossProfit": "2605000000", "totalRevenue": "2605000000", "costOfRevenue": "7000000", "costofGoodsAndServicesSold": "7000000", "operatingIncome": "679000000", "sellingGeneralAndAdministrative": "None", "researchAndDevelopment": "None", "operatingExpenses": "2605000000", "investmentIncomeNet": "None", "netInterestIncome": "-13000000", "interestIncome": "217000000", "interestExpense": "13000000", "nonInterestIncome": "None", "otherNonOperatingIncome": "None", "depreciation": "None", "depreciationAndAmortization": "34000000", "incomeBeforeTax": "666000000", "incomeTaxExpense": "132000000", "interestAndDebtExpense": "None", "netIncomeFromContinuingOperations": "534000000", "comprehensiveIncomeNetOfTax": "None", "ebit": "679000000", "ebitda": "713000000", "netIncome": "534000000"}, {"fiscalDateEnding": "2023-03-31", "reportedCurrency": "USD", "grossProfit": "2241000000", "totalRevenue": "2241000000", "costOfRevenue": "5000000", "costofGoodsAndServicesSold": "5000000", "operatingIncome": "282000000", "sellingGeneralAndAdministrative": "None", "researchAndDevelopment": "None", "operatingExpenses": "2241000000", "investmentIncomeNet": "None", "netInterestIncome": "-14000000", "interestIncome": "206000000", "interestExpense": "14000000", "nonInterestIncome": "None", "otherNonOperatingIncome": "None", "depreciation": "None", "depreciationAndAmortization": "40000000", "incomeBeforeTax": "268000000", "incomeTaxExpense": "43000000", "interestAndDebtExpense": "None", "netIncomeFromContinuingOperations": "225000000", "comprehensiveIncomeNetOfTax": "None", "ebit": "282000000", "ebitda": "322000000", "netIncome": "225000000"}, {"fiscalDateEnding": "2022-12-31", "reportedCurrency": "USD", "grossProfit": "3091000000", "totalRevenue": "3114000000", "costOfRevenue": "23000000", "costofGoodsAndServicesSold": "23000000", "operatingIncome": "1300000000", "sellingGeneralAndAdministrative": "None", "researchAndDevelopment": "None", "operatingExpenses": "1815000000", "investmentIncomeNet": "None", "netInterestIncome": "-13000000", "interestIncome": "206000000", "interestExpense": "13000000", "nonInterestIncome": "None", "otherNonOperatingIncome": "None", "depreciation": "None", "depreciationAndAmortization": "46000000", "incomeBeforeTax": "1287000000", "incomeTaxExpense": "274000000", "interestAndDebtExpense": "None", "netIncomeFromContinuingOperations": "1013000000", "comprehensiveIncomeNetOfTax": "None", "ebit": "1300000000", "ebitda": "1346000000", "netIncome": "1013000000"}, {"fiscalDateEnding": "2022-09-30", "reportedCurrency": "USD", "grossProfit": "1410000000", "totalRevenue": "1410000000", "costOfRevenue": "4000000", "costofGoodsAndServicesSold": "4000000", "operatingIncome": "-563000000", "sellingGeneralAndAdministrative": "None", "researchAndDevelopment": "None", "operatingExpenses": "1973000000", "investmentIncomeNet": "None", "netInterestIncome": "-14000000", "interestIncome": "195000000", "interestExpense": "14000000", "nonInterestIncome": "None", "otherNonOperatingIncome": "None", "depreciation": "None", "depreciationAndAmortization": "26000000", "incomeBeforeTax": "-579000000", "incomeTaxExpense": "-161000000", "interestAndDebtExpense": "None", "netIncomeFromContinuingOperations": "-418000000", "comprehensiveIncomeNetOfTax": "None", "ebit": "-565000000", "ebitda": "-539000000", "netIncome": "-418000000"}, {"fiscalDateEnding": "2022-06-30", "reportedCurrency": "USD", "grossProfit": "820000000", "totalRevenue": "820000000", "costOfRevenue": "5000000", "costofGoodsAndServicesSold": "5000000", "operatingIncome": "-1040000000", "sellingGeneralAndAdministrative": "None", "researchAndDevelopment": "None", "operatingExpenses": "820000000", "investmentIncomeNet": "None", "netInterestIncome": "-13000000", "interestIncome": "None", "interestExpense": "13000000", "nonInterestIncome": "None", "otherNonOperatingIncome": "None", "depreciation": "None", "depreciationAndAmortization": "41000000", "incomeBeforeTax": "-1053000000", "incomeTaxExpense": "-235000000", "interestAndDebtExpense": "None", "netIncomeFromContinuingOperations": "-808000000", "comprehensiveIncomeNetOfTax": "None", "ebit": "-1028000000", "ebitda": "-987000000", "netIncome": "-818000000"}, {"fiscalDateEnding": "2022-03-31", "reportedCurrency": "USD", "grossProfit": "1218000000", "totalRevenue": "1218000000", "costOfRevenue": "4000000", "costofGoodsAndServicesSold": "4000000", "operatingIncome": "-338000000", "sellingGeneralAndAdministrative": "None", "researchAndDevelopment": "None", "operatingExpenses": "1556000000", "investmentIncomeNet": "None", "netInterestIncome": "-13000000", "interestIncome": "188000000", "interestExpense": "13000000", "nonInterestIncome": "None", "otherNonOperatingIncome": "None", "depreciation": "None", "depreciationAndAmortization": "37000000", "incomeBeforeTax": "-360000000", "incomeTaxExpense": "-87000000", "interestAndDebtExpense": "None", "netIncomeFromContinuingOperations": "-273000000", "comprehensiveIncomeNetOfTax": "None", "ebit": "-347000000", "ebitda": "-310000000", "netIncome": "-273000000"}, {"fiscalDateEnding": "2021-12-31", "reportedCurrency": "USD", "grossProfit": "3323000000", "totalRevenue": "3323000000", "costOfRevenue": "-6287000000", "costofGoodsAndServicesSold": "-6287000000", "operatingIncome": "1860000000", "sellingGeneralAndAdministrative": "None", "researchAndDevelopment": "None", "operatingExpenses": "1804000000", "investmentIncomeNet": "None", "netInterestIncome": "-14000000", "interestIncome": "188000000", "interestExpense": "14000000", "nonInterestIncome": "None", "otherNonOperatingIncome": "None", "depreciation": "None", "depreciationAndAmortization": "24000000", "incomeBeforeTax": "1846000000", "incomeTaxExpense": "376000000", "interestAndDebtExpense": "None", "netIncomeFromContinuingOperations": "1470000000", "comprehensiveIncomeNetOfTax": "None", "ebit": "1860000000", "ebitda": "1884000000", "netIncome": "1470000000"}, {"fiscalDateEnding": "2021-09-30", "reportedCurrency": "USD", "grossProfit": "1785000000", "totalRevenue": "1785000000", "costOfRevenue": "5000000", "costofGoodsAndServicesSold": "5000000", "operatingIncome": "197000000", "sellingGeneralAndAdministrative": "None", "researchAndDevelopment": "None", "operatingExpenses": "1588000000", "investmentIncomeNet": "None", "netInterestIncome": "-13000000", "interestIncome": "182000000", "interestExpense": "13000000", "nonInterestIncome": "None", "otherNonOperatingIncome": "None", "depreciation": "None", "depreciationAndAmortization": "23000000", "incomeBeforeTax": "184000000", "incomeTaxExpense": "31000000", "interestAndDebtExpense": "None", "netIncomeFromContinuingOperations": "153000000", "comprehensiveIncomeNetOfTax": "None", "ebit": "197000000", "ebitda": "220000000", "netIncome": "153000000"}, {"fiscalDateEnding": "2021-06-30", "reportedCurrency": "USD", "grossProfit": "2295000000", "totalRevenue": "2295000000", "costOfRevenue": "5000000", "costofGoodsAndServicesSold": "5000000", "operatingIncome": "885000000", "sellingGeneralAndAdministrative": "None", "researchAndDevelopment": "None", "operatingExpenses": "1410000000", "investmentIncomeNet": "None", "netInterestIncome": "-13000000", "interestIncome": "177000000", "interestExpense": "13000000", "nonInterestIncome": "None", "otherNonOperatingIncome": "None", "depreciation": "None", "depreciationAndAmortization": "23000000", "incomeBeforeTax": "872000000", "incomeTaxExpense": "169000000", "interestAndDebtExpense": "None", "netIncomeFromContinuingOperations": "703000000", "comprehensiveIncomeNetOfTax": "None", "ebit": "885000000", "ebitda": "908000000", "netIncome": "703000000"}, {"fiscalDateEnding": "2021-03-31", "reportedCurrency": "USD", "grossProfit": "2227000000", "totalRevenue": "2227000000", "costOfRevenue": "4000000", "costofGoodsAndServicesSold": "4000000", "operatingIncome": "781000000", "sellingGeneralAndAdministrative": "None", "researchAndDevelopment": "None", "operatingExpenses": "1446000000", "investmentIncomeNet": "None", "netInterestIncome": "-13000000", "interestIncome": "176000000", "interestExpense": "13000000", "nonInterestIncome": "None", "otherNonOperatingIncome": "None", "depreciation": "None", "depreciationAndAmortization": "23000000", "incomeBeforeTax": "768000000", "incomeTaxExpense": "148000000", "interestAndDebtExpense": "None", "netIncomeFromContinuingOperations": "620000000", "comprehensiveIncomeNetOfTax": "None", "ebit": "781000000", "ebitda": "804000000", "netIncome": "620000000"}, {"fiscalDateEnding": "2020-12-31", "reportedCurrency": "USD", "grossProfit": "2694000000", "totalRevenue": "2694000000", "costOfRevenue": "-4822000000", "costofGoodsAndServicesSold": "-4822000000", "operatingIncome": "1330000000", "sellingGeneralAndAdministrative": "None", "researchAndDevelopment": "None", "operatingExpenses": "1364000000", "investmentIncomeNet": "None", "netInterestIncome": "-14000000", "interestIncome": "175000000", "interestExpense": "14000000", "nonInterestIncome": "None", "otherNonOperatingIncome": "None", "depreciation": "None", "depreciationAndAmortization": "19000000", "incomeBeforeTax": "1316000000", "incomeTaxExpense": "267000000", "interestAndDebtExpense": "None", "netIncomeFromContinuingOperations": "1049000000", "comprehensiveIncomeNetOfTax": "None", "ebit": "1330000000", "ebitda": "1349000000", "netIncome": "1049000000"}, {"fiscalDateEnding": "2020-09-30", "reportedCurrency": "USD", "grossProfit": "2227000000", "totalRevenue": "2227000000", "costOfRevenue": "5000000", "costofGoodsAndServicesSold": "5000000", "operatingIncome": "627000000", "sellingGeneralAndAdministrative": "None", "researchAndDevelopment": "None", "operatingExpenses": "1600000000", "investmentIncomeNet": "None", "netInterestIncome": "-13000000", "interestIncome": "168000000", "interestExpense": "13000000", "nonInterestIncome": "None", "otherNonOperatingIncome": "533000000", "depreciation": "None", "depreciationAndAmortization": "20000000", "incomeBeforeTax": "614000000", "incomeTaxExpense": "130000000", "interestAndDebtExpense": "None", "netIncomeFromContinuingOperations": "484000000", "comprehensiveIncomeNetOfTax": "None", "ebit": "627000000", "ebitda": "647000000", "netIncome": "484000000"}, {"fiscalDateEnding": "2020-06-30", "reportedCurrency": "USD", "grossProfit": "2714000000", "totalRevenue": "2714000000", "costOfRevenue": "5000000", "costofGoodsAndServicesSold": "5000000", "operatingIncome": "1159000000", "sellingGeneralAndAdministrative": "None", "researchAndDevelopment": "None", "operatingExpenses": "1555000000", "investmentIncomeNet": "None", "netInterestIncome": "-14000000", "interestIncome": "167000000", "interestExpense": "14000000", "nonInterestIncome": "None", "otherNonOperatingIncome": "1060000000", "depreciation": "None", "depreciationAndAmortization": "20000000", "incomeBeforeTax": "1145000000", "incomeTaxExpense": "236000000", "interestAndDebtExpense": "None", "netIncomeFromContinuingOperations": "909000000", "comprehensiveIncomeNetOfTax": "None", "ebit": "1159000000", "ebitda": "1179000000", "netIncome": "909000000"}, {"fiscalDateEnding": "2020-03-31", "reportedCurrency": "USD", "grossProfit": "-99000000", "totalRevenue": "-99000000", "costOfRevenue": "5000000", "costofGoodsAndServicesSold": "5000000", "operatingIncome": "-1563000000", "sellingGeneralAndAdministrative": "None", "researchAndDevelopment": "None", "operatingExpenses": "-99000000", "investmentIncomeNet": "None", "netInterestIncome": "-13000000", "interestIncome": "165000000", "interestExpense": "13000000", "nonInterestIncome": "None", "otherNonOperatingIncome": "None", "depreciation": "None", "depreciationAndAmortization": "22000000", "incomeBeforeTax": "-1576000000", "incomeTaxExpense": "-350000000", "interestAndDebtExpense": "None", "netIncomeFromContinuingOperations": "-1226000000", "comprehensiveIncomeNetOfTax": "None", "ebit": "-1563000000", "ebitda": "-1541000000", "netIncome": "-1226000000"}, {"fiscalDateEnding": "2019-12-31", "reportedCurrency": "USD", "grossProfit": "2152000000", "totalRevenue": "2152000000", "costOfRevenue": "-5749000000", "costofGoodsAndServicesSold": "-5749000000", "operatingIncome": "794000000", "sellingGeneralAndAdministrative": "None", "researchAndDevelopment": "None", "operatingExpenses": "1668000000", "investmentIncomeNet": "None", "netInterestIncome": "-13000000", "interestIncome": "169000000", "interestExpense": "13000000", "nonInterestIncome": "None", "otherNonOperatingIncome": "None", "depreciation": "None", "depreciationAndAmortization": "18000000", "incomeBeforeTax": "781000000", "incomeTaxExpense": "155000000", "interestAndDebtExpense": "None", "netIncomeFromContinuingOperations": "1576000000", "comprehensiveIncomeNetOfTax": "None", "ebit": "794000000", "ebitda": "812000000", "netIncome": "626000000"}, {"fiscalDateEnding": "2019-09-30", "reportedCurrency": "USD", "grossProfit": "1700000000", "totalRevenue": "1700000000", "costOfRevenue": "5000000", "costofGoodsAndServicesSold": "5000000", "operatingIncome": "308000000", "sellingGeneralAndAdministrative": "None", "researchAndDevelopment": "None", "operatingExpenses": "1392000000", "investmentIncomeNet": "None", "netInterestIncome": "-14000000", "interestIncome": "160000000", "interestExpense": "14000000", "nonInterestIncome": "None", "otherNonOperatingIncome": "None", "depreciation": "None", "depreciationAndAmortization": "18000000", "incomeBeforeTax": "294000000", "incomeTaxExpense": "46000000", "interestAndDebtExpense": "None", "netIncomeFromContinuingOperations": "248000000", "comprehensiveIncomeNetOfTax": "None", "ebit": "308000000", "ebitda": "326000000", "netIncome": "248000000"}, {"fiscalDateEnding": "2019-06-30", "reportedCurrency": "USD", "grossProfit": "1913000000", "totalRevenue": "1913000000", "costOfRevenue": "4000000", "costofGoodsAndServicesSold": "4000000", "operatingIncome": "543000000", "sellingGeneralAndAdministrative": "None", "researchAndDevelopment": "None", "operatingExpenses": "1370000000", "investmentIncomeNet": "None", "netInterestIncome": "-13000000", "interestIncome": "161000000", "interestExpense": "13000000", "nonInterestIncome": "None", "otherNonOperatingIncome": "None", "depreciation": "None", "depreciationAndAmortization": "17000000", "incomeBeforeTax": "530000000", "incomeTaxExpense": "102000000", "interestAndDebtExpense": "None", "netIncomeFromContinuingOperations": "428000000", "comprehensiveIncomeNetOfTax": "None", "ebit": "543000000", "ebitda": "560000000", "netIncome": "428000000"}, {"fiscalDateEnding": "2019-03-31", "reportedCurrency": "USD", "grossProfit": "2159000000", "totalRevenue": "2159000000", "costOfRevenue": "8000000", "costofGoodsAndServicesSold": "8000000", "operatingIncome": "880000000", "sellingGeneralAndAdministrative": "None", "researchAndDevelopment": "None", "operatingExpenses": "1279000000", "investmentIncomeNet": "None", "netInterestIncome": "-13000000", "interestIncome": "None", "interestExpense": "13000000", "nonInterestIncome": "None", "otherNonOperatingIncome": "None", "depreciation": "None", "depreciationAndAmortization": "19000000", "incomeBeforeTax": "867000000", "incomeTaxExpense": "172000000", "interestAndDebtExpense": "None", "netIncomeFromContinuingOperations": "695000000", "comprehensiveIncomeNetOfTax": "None", "ebit": "880000000", "ebitda": "899000000", "netIncome": "695000000"}, {"fiscalDateEnding": "2018-12-31", "reportedCurrency": "USD", "grossProfit": "710000000", "totalRevenue": "710000000", "costOfRevenue": "-4681000000", "costofGoodsAndServicesSold": "-4681000000", "operatingIncome": "-594000000", "sellingGeneralAndAdministrative": "0", "researchAndDevelopment": "0", "operatingExpenses": "816000000", "investmentIncomeNet": "None", "netInterestIncome": "None", "interestIncome": "None", "interestExpense": "13000000", "nonInterestIncome": "None", "otherNonOperatingIncome": "None", "depreciation": "None", "depreciationAndAmortization": "15000000", "incomeBeforeTax": "-581000000", "incomeTaxExpense": "-129000000", "interestAndDebtExpense": "None", "netIncomeFromContinuingOperations": "-524000000", "comprehensiveIncomeNetOfTax": "None", "ebit": "-568000000", "ebitda": "-553000000", "netIncome": "-452000000"}, {"fiscalDateEnding": "2018-09-30", "reportedCurrency": "USD", "grossProfit": "1915000000", "totalRevenue": "1915000000", "costOfRevenue": "3000000", "costofGoodsAndServicesSold": "3000000", "operatingIncome": "632000000", "sellingGeneralAndAdministrative": "0", "researchAndDevelopment": "0", "operatingExpenses": "1283000000", "investmentIncomeNet": "None", "netInterestIncome": "None", "interestIncome": "None", "interestExpense": "14000000", "nonInterestIncome": "None", "otherNonOperatingIncome": "None", "depreciation": "None", "depreciationAndAmortization": "16000000", "incomeBeforeTax": "618000000", "incomeTaxExpense": "65000000", "interestAndDebtExpense": "None", "netIncomeFromContinuingOperations": "553000000", "comprehensiveIncomeNetOfTax": "None", "ebit": "632000000", "ebitda": "648000000", "netIncome": "553000000"}, {"fiscalDateEnding": "2018-06-30", "reportedCurrency": "USD", "grossProfit": "1558000000", "totalRevenue": "1558000000", "costOfRevenue": "3000000", "costofGoodsAndServicesSold": "3000000", "operatingIncome": "277000000", "sellingGeneralAndAdministrative": "0", "researchAndDevelopment": "0", "operatingExpenses": "1281000000", "investmentIncomeNet": "None", "netInterestIncome": "None", "interestIncome": "None", "interestExpense": "13000000", "nonInterestIncome": "None", "otherNonOperatingIncome": "None", "depreciation": "None", "depreciationAndAmortization": "14000000", "incomeBeforeTax": "264000000", "incomeTaxExpense": "47000000", "interestAndDebtExpense": "None", "netIncomeFromContinuingOperations": "217000000", "comprehensiveIncomeNetOfTax": "None", "ebit": "277000000", "ebitda": "291000000", "netIncome": "217000000"}, {"fiscalDateEnding": "2018-03-31", "reportedCurrency": "USD", "grossProfit": "1224000000", "totalRevenue": "1224000000", "costOfRevenue": "4000000", "costofGoodsAndServicesSold": "4000000", "operatingIncome": "-37000000", "sellingGeneralAndAdministrative": "0", "researchAndDevelopment": "0", "operatingExpenses": "1261000000", "investmentIncomeNet": "None", "netInterestIncome": "None", "interestIncome": "None", "interestExpense": "13000000", "nonInterestIncome": "None", "otherNonOperatingIncome": "None", "depreciation": "None", "depreciationAndAmortization": "18000000", "incomeBeforeTax": "-50000000", "incomeTaxExpense": "-19000000", "interestAndDebtExpense": "None", "netIncomeFromContinuingOperations": "-31000000", "comprehensiveIncomeNetOfTax": "None", "ebit": "-37000000", "ebitda": "-19000000", "netIncome": "-31000000"}, {"fiscalDateEnding": "2017-12-31", "reportedCurrency": "USD", "grossProfit": "1411000000", "totalRevenue": "1411000000", "costOfRevenue": "-4308000000", "costofGoodsAndServicesSold": "-4308000000", "operatingIncome": "183000000", "sellingGeneralAndAdministrative": "0", "researchAndDevelopment": "0", "operatingExpenses": "1411000000", "investmentIncomeNet": "None", "netInterestIncome": "None", "interestIncome": "None", "interestExpense": "14000000", "nonInterestIncome": "None", "otherNonOperatingIncome": "None", "depreciation": "None", "depreciationAndAmortization": "15000000", "incomeBeforeTax": "197000000", "incomeTaxExpense": "-445000000", "interestAndDebtExpense": "None", "netIncomeFromContinuingOperations": "12000000", "comprehensiveIncomeNetOfTax": "None", "ebit": "211000000", "ebitda": "226000000", "netIncome": "642000000"}, {"fiscalDateEnding": "2017-09-30", "reportedCurrency": "USD", "grossProfit": "1412000000", "totalRevenue": "1412000000", "costOfRevenue": "3000000", "costofGoodsAndServicesSold": "3000000", "operatingIncome": "142000000", "sellingGeneralAndAdministrative": "0", "researchAndDevelopment": "0", "operatingExpenses": "1270000000", "investmentIncomeNet": "None", "netInterestIncome": "None", "interestIncome": "None", "interestExpense": "13000000", "nonInterestIncome": "None", "otherNonOperatingIncome": "None", "depreciation": "None", "depreciationAndAmortization": "13000000", "incomeBeforeTax": "129000000", "incomeTaxExpense": "27000000", "interestAndDebtExpense": "None", "netIncomeFromContinuingOperations": "102000000", "comprehensiveIncomeNetOfTax": "None", "ebit": "142000000", "ebitda": "155000000", "netIncome": "102000000"}, {"fiscalDateEnding": "2017-06-30", "reportedCurrency": "USD", "grossProfit": "1386000000", "totalRevenue": "1386000000", "costOfRevenue": "4000000", "costofGoodsAndServicesSold": "4000000", "operatingIncome": "141000000", "sellingGeneralAndAdministrative": "0", "researchAndDevelopment": "0", "operatingExpenses": "1245000000", "investmentIncomeNet": "None", "netInterestIncome": "None", "interestIncome": "None", "interestExpense": "13000000", "nonInterestIncome": "None", "otherNonOperatingIncome": "None", "depreciation": "None", "depreciationAndAmortization": "13000000", "incomeBeforeTax": "128000000", "incomeTaxExpense": "28000000", "interestAndDebtExpense": "None", "netIncomeFromContinuingOperations": "100000000", "comprehensiveIncomeNetOfTax": "None", "ebit": "141000000", "ebitda": "154000000", "netIncome": "100000000"}, {"fiscalDateEnding": "2017-03-31", "reportedCurrency": "USD", "grossProfit": "1523000000", "totalRevenue": "1523000000", "costOfRevenue": "4000000", "costofGoodsAndServicesSold": "4000000", "operatingIncome": "289000000", "sellingGeneralAndAdministrative": "0", "researchAndDevelopment": "0", "operatingExpenses": "1234000000", "investmentIncomeNet": "None", "netInterestIncome": "None", "interestIncome": "None", "interestExpense": "13000000", "nonInterestIncome": "None", "otherNonOperatingIncome": "None", "depreciation": "None", "depreciationAndAmortization": "14000000", "incomeBeforeTax": "276000000", "incomeTaxExpense": "75000000", "interestAndDebtExpense": "None", "netIncomeFromContinuingOperations": "201000000", "comprehensiveIncomeNetOfTax": "None", "ebit": "289000000", "ebitda": "303000000", "netIncome": "201000000"}, {"fiscalDateEnding": "2016-12-31", "reportedCurrency": "USD", "grossProfit": "1312000000", "totalRevenue": "1312000000", "costOfRevenue": "-4125000000", "costofGoodsAndServicesSold": "-4125000000", "operatingIncome": "142000000", "sellingGeneralAndAdministrative": "0", "researchAndDevelopment": "0", "operatingExpenses": "1312000000", "investmentIncomeNet": "None", "netInterestIncome": "None", "interestIncome": "None", "interestExpense": "14000000", "nonInterestIncome": "None", "otherNonOperatingIncome": "None", "depreciation": "None", "depreciationAndAmortization": "14000000", "incomeBeforeTax": "128000000", "incomeTaxExpense": "28000000", "interestAndDebtExpense": "None", "netIncomeFromContinuingOperations": "542000000", "comprehensiveIncomeNetOfTax": "None", "ebit": "142000000", "ebitda": "156000000", "netIncome": "100000000"}, {"fiscalDateEnding": "2016-09-30", "reportedCurrency": "USD", "grossProfit": "1402000000", "totalRevenue": "1402000000", "costOfRevenue": "3000000", "costofGoodsAndServicesSold": "3000000", "operatingIncome": "266000000", "sellingGeneralAndAdministrative": "0", "researchAndDevelopment": "0", "operatingExpenses": "1136000000", "investmentIncomeNet": "None", "netInterestIncome": "None", "interestIncome": "None", "interestExpense": "13000000", "nonInterestIncome": "None", "otherNonOperatingIncome": "None", "depreciation": "None", "depreciationAndAmortization": "10000000", "incomeBeforeTax": "253000000", "incomeTaxExpense": "73000000", "interestAndDebtExpense": "None", "netIncomeFromContinuingOperations": "180000000", "comprehensiveIncomeNetOfTax": "None", "ebit": "266000000", "ebitda": "276000000", "netIncome": "180000000"}, {"fiscalDateEnding": "2016-06-30", "reportedCurrency": "USD", "grossProfit": "1371000000", "totalRevenue": "1371000000", "costOfRevenue": "5000000", "costofGoodsAndServicesSold": "5000000", "operatingIncome": "179000000", "sellingGeneralAndAdministrative": "0", "researchAndDevelopment": "0", "operatingExpenses": "1192000000", "investmentIncomeNet": "None", "netInterestIncome": "None", "interestIncome": "None", "interestExpense": "13000000", "nonInterestIncome": "None", "otherNonOperatingIncome": "None", "depreciation": "None", "depreciationAndAmortization": "12000000", "incomeBeforeTax": "166000000", "incomeTaxExpense": "43000000", "interestAndDebtExpense": "None", "netIncomeFromContinuingOperations": "123000000", "comprehensiveIncomeNetOfTax": "None", "ebit": "179000000", "ebitda": "191000000", "netIncome": "123000000"}, {"fiscalDateEnding": "2016-03-31", "reportedCurrency": "USD", "grossProfit": "1364000000", "totalRevenue": "1364000000", "costOfRevenue": "2000000", "costofGoodsAndServicesSold": "2000000", "operatingIncome": "278000000", "sellingGeneralAndAdministrative": "0", "researchAndDevelopment": "0", "operatingExpenses": "1086000000", "investmentIncomeNet": "None", "netInterestIncome": "None", "interestIncome": "None", "interestExpense": "13000000", "nonInterestIncome": "None", "otherNonOperatingIncome": "None", "depreciation": "None", "depreciationAndAmortization": "12000000", "incomeBeforeTax": "265000000", "incomeTaxExpense": "77000000", "interestAndDebtExpense": "None", "netIncomeFromContinuingOperations": "188000000", "comprehensiveIncomeNetOfTax": "None", "ebit": "278000000", "ebitda": "290000000", "netIncome": "188000000"}, {"fiscalDateEnding": "2015-12-31", "reportedCurrency": "USD", "grossProfit": "1263000000", "totalRevenue": "1263000000", "costOfRevenue": "-3866000000", "costofGoodsAndServicesSold": "-3866000000", "operatingIncome": "229000000", "sellingGeneralAndAdministrative": "0", "researchAndDevelopment": "0", "operatingExpenses": "1263000000", "investmentIncomeNet": "None", "netInterestIncome": "None", "interestIncome": "None", "interestExpense": "13000000", "nonInterestIncome": "None", "otherNonOperatingIncome": "None", "depreciation": "None", "depreciationAndAmortization": "-39000000", "incomeBeforeTax": "216000000", "incomeTaxExpense": "60000000", "interestAndDebtExpense": "None", "netIncomeFromContinuingOperations": "650000000", "comprehensiveIncomeNetOfTax": "None", "ebit": "229000000", "ebitda": "190000000", "netIncome": "156000000"}, {"fiscalDateEnding": "2015-09-30", "reportedCurrency": "USD", "grossProfit": "1278000000", "totalRevenue": "1278000000", "costOfRevenue": "3000000", "costofGoodsAndServicesSold": "3000000", "operatingIncome": "257000000", "sellingGeneralAndAdministrative": "0", "researchAndDevelopment": "0", "operatingExpenses": "1021000000", "investmentIncomeNet": "None", "netInterestIncome": "None", "interestIncome": "None", "interestExpense": "14000000", "nonInterestIncome": "None", "otherNonOperatingIncome": "None", "depreciation": "None", "depreciationAndAmortization": "12000000", "incomeBeforeTax": "243000000", "incomeTaxExpense": "69000000", "interestAndDebtExpense": "None", "netIncomeFromContinuingOperations": "174000000", "comprehensiveIncomeNetOfTax": "None", "ebit": "257000000", "ebitda": "269000000", "netIncome": "174000000"}, {"fiscalDateEnding": "2015-06-30", "reportedCurrency": "USD", "grossProfit": "1316000000", "totalRevenue": "1316000000", "costOfRevenue": "3000000", "costofGoodsAndServicesSold": "3000000", "operatingIncome": "261000000", "sellingGeneralAndAdministrative": "0", "researchAndDevelopment": "0", "operatingExpenses": "1055000000", "investmentIncomeNet": "None", "netInterestIncome": "None", "interestIncome": "None", "interestExpense": "13000000", "nonInterestIncome": "None", "otherNonOperatingIncome": "None", "depreciation": "None", "depreciationAndAmortization": "13000000", "incomeBeforeTax": "248000000", "incomeTaxExpense": "72000000", "interestAndDebtExpense": "None", "netIncomeFromContinuingOperations": "176000000", "comprehensiveIncomeNetOfTax": "None", "ebit": "261000000", "ebitda": "274000000", "netIncome": "176000000"}, {"fiscalDateEnding": "2015-03-31", "reportedCurrency": "USD", "grossProfit": "1285000000", "totalRevenue": "1285000000", "costOfRevenue": "4000000", "costofGoodsAndServicesSold": "4000000", "operatingIncome": "187000000", "sellingGeneralAndAdministrative": "0", "researchAndDevelopment": "0", "operatingExpenses": "1098000000", "investmentIncomeNet": "None", "netInterestIncome": "None", "interestIncome": "None", "interestExpense": "13000000", "nonInterestIncome": "None", "otherNonOperatingIncome": "None", "depreciation": "None", "depreciationAndAmortization": "14000000", "incomeBeforeTax": "174000000", "incomeTaxExpense": "46000000", "interestAndDebtExpense": "None", "netIncomeFromContinuingOperations": "128000000", "comprehensiveIncomeNetOfTax": "None", "ebit": "187000000", "ebitda": "201000000", "netIncome": "128000000"}, {"fiscalDateEnding": "2014-12-31", "reportedCurrency": "USD", "grossProfit": "1262000000", "totalRevenue": "1262000000", "costOfRevenue": "-3669000000", "costofGoodsAndServicesSold": "-3669000000", "operatingIncome": "249000000", "sellingGeneralAndAdministrative": "0", "researchAndDevelopment": "0", "operatingExpenses": "1262000000", "investmentIncomeNet": "None", "netInterestIncome": "None", "interestIncome": "None", "interestExpense": "13000000", "nonInterestIncome": "None", "otherNonOperatingIncome": "None", "depreciation": "None", "depreciationAndAmortization": "-38000000", "incomeBeforeTax": "236000000", "incomeTaxExpense": "69000000", "interestAndDebtExpense": "None", "netIncomeFromContinuingOperations": "305000000", "comprehensiveIncomeNetOfTax": "None", "ebit": "249000000", "ebitda": "211000000", "netIncome": "167000000"}, {"fiscalDateEnding": "2014-09-30", "reportedCurrency": "USD", "grossProfit": "1280000000", "totalRevenue": "1280000000", "costOfRevenue": "3000000", "costofGoodsAndServicesSold": "3000000", "operatingIncome": "272000000", "sellingGeneralAndAdministrative": "0", "researchAndDevelopment": "0", "operatingExpenses": "1008000000", "investmentIncomeNet": "None", "netInterestIncome": "None", "interestIncome": "None", "interestExpense": "13000000", "nonInterestIncome": "None", "otherNonOperatingIncome": "None", "depreciation": "None", "depreciationAndAmortization": "13000000", "incomeBeforeTax": "259000000", "incomeTaxExpense": "76000000", "interestAndDebtExpense": "None", "netIncomeFromContinuingOperations": "335000000", "comprehensiveIncomeNetOfTax": "None", "ebit": "272000000", "ebitda": "285000000", "netIncome": "183000000"}, {"fiscalDateEnding": "2014-06-30", "reportedCurrency": "USD", "grossProfit": "1214000000", "totalRevenue": "1214000000", "costOfRevenue": "3000000", "costofGoodsAndServicesSold": "3000000", "operatingIncome": "120000000", "sellingGeneralAndAdministrative": "0", "researchAndDevelopment": "0", "operatingExpenses": "1094000000", "investmentIncomeNet": "None", "netInterestIncome": "None", "interestIncome": "None", "interestExpense": "13000000", "nonInterestIncome": "None", "otherNonOperatingIncome": "None", "depreciation": "None", "depreciationAndAmortization": "12000000", "incomeBeforeTax": "107000000", "incomeTaxExpense": "23000000", "interestAndDebtExpense": "None", "netIncomeFromContinuingOperations": "130000000", "comprehensiveIncomeNetOfTax": "None", "ebit": "120000000", "ebitda": "132000000", "netIncome": "84000000"}, {"fiscalDateEnding": "2014-03-31", "reportedCurrency": "USD", "grossProfit": "1189000000", "totalRevenue": "1189000000", "costOfRevenue": "4000000", "costofGoodsAndServicesSold": "4000000", "operatingIncome": "133000000", "sellingGeneralAndAdministrative": "0", "researchAndDevelopment": "0", "operatingExpenses": "1056000000", "investmentIncomeNet": "None", "netInterestIncome": "None", "interestIncome": "None", "interestExpense": "14000000", "nonInterestIncome": "None", "otherNonOperatingIncome": "None", "depreciation": "None", "depreciationAndAmortization": "13000000", "incomeBeforeTax": "119000000", "incomeTaxExpense": "28000000", "interestAndDebtExpense": "None", "netIncomeFromContinuingOperations": "147000000", "comprehensiveIncomeNetOfTax": "None", "ebit": "133000000", "ebitda": "146000000", "netIncome": "91000000"}, {"fiscalDateEnding": "2013-12-31", "reportedCurrency": "USD", "grossProfit": "1172000000", "totalRevenue": "1172000000", "costOfRevenue": "-3344000000", "costofGoodsAndServicesSold": "-3344000000", "operatingIncome": "181000000", "sellingGeneralAndAdministrative": "0", "researchAndDevelopment": "0", "operatingExpenses": "1172000000", "investmentIncomeNet": "None", "netInterestIncome": "None", "interestIncome": "None", "interestExpense": "14000000", "nonInterestIncome": "None", "otherNonOperatingIncome": "None", "depreciation": "None", "depreciationAndAmortization": "-30000000", "incomeBeforeTax": "167000000", "incomeTaxExpense": "45000000", "interestAndDebtExpense": "None", "netIncomeFromContinuingOperations": "-182000000", "comprehensiveIncomeNetOfTax": "None", "ebit": "181000000", "ebitda": "151000000", "netIncome": "122000000"}, {"fiscalDateEnding": "2013-09-30", "reportedCurrency": "USD", "grossProfit": "1152000000", "totalRevenue": "1152000000", "costOfRevenue": "3000000", "costofGoodsAndServicesSold": "3000000", "operatingIncome": "195000000", "sellingGeneralAndAdministrative": "0", "researchAndDevelopment": "0", "operatingExpenses": "957000000", "investmentIncomeNet": "None", "netInterestIncome": "None", "interestIncome": "None", "interestExpense": "13000000", "nonInterestIncome": "None", "otherNonOperatingIncome": "None", "depreciation": "None", "depreciationAndAmortization": "10000000", "incomeBeforeTax": "182000000", "incomeTaxExpense": "51000000", "interestAndDebtExpense": "None", "netIncomeFromContinuingOperations": "233000000", "comprehensiveIncomeNetOfTax": "None", "ebit": "195000000", "ebitda": "205000000", "netIncome": "131000000"}, {"fiscalDateEnding": "2013-06-30", "reportedCurrency": "USD", "grossProfit": "1104000000", "totalRevenue": "1104000000", "costOfRevenue": "4000000", "costofGoodsAndServicesSold": "4000000", "operatingIncome": "162000000", "sellingGeneralAndAdministrative": "0", "researchAndDevelopment": "0", "operatingExpenses": "942000000", "investmentIncomeNet": "None", "netInterestIncome": "None", "interestIncome": "None", "interestExpense": "14000000", "nonInterestIncome": "None", "otherNonOperatingIncome": "None", "depreciation": "None", "depreciationAndAmortization": "11000000", "incomeBeforeTax": "148000000", "incomeTaxExpense": "38000000", "interestAndDebtExpense": "None", "netIncomeFromContinuingOperations": "186000000", "comprehensiveIncomeNetOfTax": "None", "ebit": "162000000", "ebitda": "173000000", "netIncome": "110000000"}, {"fiscalDateEnding": "2013-03-31", "reportedCurrency": "USD", "grossProfit": "1103000000", "totalRevenue": "1103000000", "costOfRevenue": "5000000", "costofGoodsAndServicesSold": "5000000", "operatingIncome": "230000000", "sellingGeneralAndAdministrative": "0", "researchAndDevelopment": "0", "operatingExpenses": "873000000", "investmentIncomeNet": "None", "netInterestIncome": "None", "interestIncome": "None", "interestExpense": "13000000", "nonInterestIncome": "None", "otherNonOperatingIncome": "None", "depreciation": "None", "depreciationAndAmortization": "9000000", "incomeBeforeTax": "217000000", "incomeTaxExpense": "63000000", "interestAndDebtExpense": "None", "netIncomeFromContinuingOperations": "280000000", "comprehensiveIncomeNetOfTax": "None", "ebit": "230000000", "ebitda": "239000000", "netIncome": "154000000"}, {"fiscalDateEnding": "2012-12-31", "reportedCurrency": "USD", "grossProfit": "1070000000", "totalRevenue": "1070000000", "costOfRevenue": "-3027000000", "costofGoodsAndServicesSold": "-3027000000", "operatingIncome": "286000000", "sellingGeneralAndAdministrative": "0", "researchAndDevelopment": "0", "operatingExpenses": "784000000", "investmentIncomeNet": "None", "netInterestIncome": "None", "interestIncome": "None", "interestExpense": "13000000", "nonInterestIncome": "None", "otherNonOperatingIncome": "-29000000", "depreciation": "None", "depreciationAndAmortization": "12000000", "incomeBeforeTax": "273000000", "incomeTaxExpense": "81000000", "interestAndDebtExpense": "None", "netIncomeFromContinuingOperations": "192000000", "comprehensiveIncomeNetOfTax": "None", "ebit": "286000000", "ebitda": "298000000", "netIncome": "192000000"}, {"fiscalDateEnding": "2012-09-30", "reportedCurrency": "USD", "grossProfit": "1035000000", "totalRevenue": "1035000000", "costOfRevenue": "2000000", "costofGoodsAndServicesSold": "2000000", "operatingIncome": "1904000000", "sellingGeneralAndAdministrative": "0", "researchAndDevelopment": "0", "operatingExpenses": "1035000000", "investmentIncomeNet": "None", "netInterestIncome": "None", "interestIncome": "None", "interestExpense": "14000000", "nonInterestIncome": "None", "otherNonOperatingIncome": "263000000", "depreciation": "None", "depreciationAndAmortization": "10000000", "incomeBeforeTax": "152000000", "incomeTaxExpense": "41000000", "interestAndDebtExpense": "None", "netIncomeFromContinuingOperations": "111000000", "comprehensiveIncomeNetOfTax": "None", "ebit": "128000000", "ebitda": "138000000", "netIncome": "111000000"}, {"fiscalDateEnding": "2012-06-30", "reportedCurrency": "USD", "grossProfit": "1016000000", "totalRevenue": "1020000000", "costOfRevenue": "4000000", "costofGoodsAndServicesSold": "4000000", "operatingIncome": "29000000", "sellingGeneralAndAdministrative": "0", "researchAndDevelopment": "0", "operatingExpenses": "1020000000", "investmentIncomeNet": "None", "netInterestIncome": "None", "interestIncome": "None", "interestExpense": "13000000", "nonInterestIncome": "None", "otherNonOperatingIncome": "-47000000", "depreciation": "None", "depreciationAndAmortization": "11000000", "incomeBeforeTax": "29000000", "incomeTaxExpense": "-3000000", "interestAndDebtExpense": "None", "netIncomeFromContinuingOperations": "32000000", "comprehensiveIncomeNetOfTax": "None", "ebit": "29000000", "ebitda": "40000000", "netIncome": "32000000"}, {"fiscalDateEnding": "2012-03-31", "reportedCurrency": "USD", "grossProfit": "982000000", "totalRevenue": "986000000", "costOfRevenue": "4000000", "costofGoodsAndServicesSold": "4000000", "operatingIncome": "112000000", "sellingGeneralAndAdministrative": "4000000", "researchAndDevelopment": "0", "operatingExpenses": "986000000", "investmentIncomeNet": "None", "netInterestIncome": "None", "interestIncome": "None", "interestExpense": "14000000", "nonInterestIncome": "None", "otherNonOperatingIncome": "241000000", "depreciation": "None", "depreciationAndAmortization": "11000000", "incomeBeforeTax": "112000000", "incomeTaxExpense": "26000000", "interestAndDebtExpense": "None", "netIncomeFromContinuingOperations": "86000000", "comprehensiveIncomeNetOfTax": "None", "ebit": "112000000", "ebitda": "123000000", "netIncome": "86000000"}, {"fiscalDateEnding": "2011-12-31", "reportedCurrency": "USD", "grossProfit": "3790000000", "totalRevenue": "955000000", "costOfRevenue": "-2835000000", "costofGoodsAndServicesSold": "-2835000000", "operatingIncome": "-14000000", "sellingGeneralAndAdministrative": "3000000", "researchAndDevelopment": "0", "operatingExpenses": "955000000", "investmentIncomeNet": "None", "netInterestIncome": "None", "interestIncome": "None", "interestExpense": "14000000", "nonInterestIncome": "None", "otherNonOperatingIncome": "None", "depreciation": "None", "depreciationAndAmortization": "-38000000", "incomeBeforeTax": "186000000", "incomeTaxExpense": "52000000", "interestAndDebtExpense": "None", "netIncomeFromContinuingOperations": "134000000", "comprehensiveIncomeNetOfTax": "None", "ebit": "200000000", "ebitda": "162000000", "netIncome": "134000000"}, {"fiscalDateEnding": "2011-09-30", "reportedCurrency": "USD", "grossProfit": "940000000", "totalRevenue": "944000000", "costOfRevenue": "4000000", "costofGoodsAndServicesSold": "4000000", "operatingIncome": "11000000", "sellingGeneralAndAdministrative": "0", "researchAndDevelopment": "0", "operatingExpenses": "944000000", "investmentIncomeNet": "None", "netInterestIncome": "None", "interestIncome": "None", "interestExpense": "13000000", "nonInterestIncome": "None", "otherNonOperatingIncome": "1000000", "depreciation": "None", "depreciationAndAmortization": "15000000", "incomeBeforeTax": "11000000", "incomeTaxExpense": "-8000000", "interestAndDebtExpense": "None", "netIncomeFromContinuingOperations": "19000000", "comprehensiveIncomeNetOfTax": "None", "ebit": "11000000", "ebitda": "26000000", "netIncome": "19000000"}, {"fiscalDateEnding": "2011-06-30", "reportedCurrency": "USD", "grossProfit": "969000000", "totalRevenue": "975000000", "costOfRevenue": "6000000", "costofGoodsAndServicesSold": "6000000", "operatingIncome": "-97000000", "sellingGeneralAndAdministrative": "0", "researchAndDevelopment": "0", "operatingExpenses": "975000000", "investmentIncomeNet": "None", "netInterestIncome": "None", "interestIncome": "None", "interestExpense": "14000000", "nonInterestIncome": "None", "otherNonOperatingIncome": "67000000", "depreciation": "None", "depreciationAndAmortization": "12000000", "incomeBeforeTax": "-99000000", "incomeTaxExpense": "-49000000", "interestAndDebtExpense": "None", "netIncomeFromContinuingOperations": "-49000000", "comprehensiveIncomeNetOfTax": "None", "ebit": "-97000000", "ebitda": "-85000000", "netIncome": "-50000000"}, {"fiscalDateEnding": "2011-03-31", "reportedCurrency": "USD", "grossProfit": "925000000", "totalRevenue": "929000000", "costOfRevenue": "4000000", "costofGoodsAndServicesSold": "4000000", "operatingIncome": "76000000", "sellingGeneralAndAdministrative": "0", "researchAndDevelopment": "0", "operatingExpenses": "929000000", "investmentIncomeNet": "None", "netInterestIncome": "None", "interestIncome": "None", "interestExpense": "13000000", "nonInterestIncome": "None", "otherNonOperatingIncome": "None", "depreciation": "None", "depreciationAndAmortization": "11000000", "incomeBeforeTax": "75000000", "incomeTaxExpense": "14000000", "interestAndDebtExpense": "None", "netIncomeFromContinuingOperations": "62000000", "comprehensiveIncomeNetOfTax": "None", "ebit": "76000000", "ebitda": "87000000", "netIncome": "61000000"}, {"fiscalDateEnding": "2010-12-31", "reportedCurrency": "USD", "grossProfit": "3756000000", "totalRevenue": "936000000", "costOfRevenue": "-2820000000", "costofGoodsAndServicesSold": "-2820000000", "operatingIncome": "-14000000", "sellingGeneralAndAdministrative": "0", "researchAndDevelopment": "0", "operatingExpenses": "936000000", "investmentIncomeNet": "None", "netInterestIncome": "None", "interestIncome": "None", "interestExpense": "14000000", "nonInterestIncome": "None", "otherNonOperatingIncome": "None", "depreciation": "None", "depreciationAndAmortization": "-30000000", "incomeBeforeTax": "174000000", "incomeTaxExpense": "48000000", "interestAndDebtExpense": "None", "netIncomeFromContinuingOperations": "0", "comprehensiveIncomeNetOfTax": "None", "ebit": "188000000", "ebitda": "158000000", "netIncome": "126000000"}, {"fiscalDateEnding": "2010-09-30", "reportedCurrency": "USD", "grossProfit": "1067000000", "totalRevenue": "1071000000", "costOfRevenue": "4000000", "costofGoodsAndServicesSold": "4000000", "operatingIncome": "221000000", "sellingGeneralAndAdministrative": "4000000", "researchAndDevelopment": "0", "operatingExpenses": "1071000000", "investmentIncomeNet": "None", "netInterestIncome": "None", "interestIncome": "None", "interestExpense": "13000000", "nonInterestIncome": "None", "otherNonOperatingIncome": "None", "depreciation": "None", "depreciationAndAmortization": "13000000", "incomeBeforeTax": "221000000", "incomeTaxExpense": "65000000", "interestAndDebtExpense": "None", "netIncomeFromContinuingOperations": "156000000", "comprehensiveIncomeNetOfTax": "None", "ebit": "221000000", "ebitda": "234000000", "netIncome": "156000000"}, {"fiscalDateEnding": "2010-06-30", "reportedCurrency": "USD", "grossProfit": "875000000", "totalRevenue": "878000000", "costOfRevenue": "3000000", "costofGoodsAndServicesSold": "3000000", "operatingIncome": "21000000", "sellingGeneralAndAdministrative": "3000000", "researchAndDevelopment": "0", "operatingExpenses": "878000000", "investmentIncomeNet": "None", "netInterestIncome": "None", "interestIncome": "None", "interestExpense": "13000000", "nonInterestIncome": "None", "otherNonOperatingIncome": "None", "depreciation": "None", "depreciationAndAmortization": "7000000", "incomeBeforeTax": "21000000", "incomeTaxExpense": "-6000000", "interestAndDebtExpense": "None", "netIncomeFromContinuingOperations": "27000000", "comprehensiveIncomeNetOfTax": "None", "ebit": "21000000", "ebitda": "28000000", "netIncome": "27000000"}, {"fiscalDateEnding": "2010-03-31", "reportedCurrency": "USD", "grossProfit": "883000000", "totalRevenue": "887000000", "costOfRevenue": "4000000", "costofGoodsAndServicesSold": "4000000", "operatingIncome": "85000000", "sellingGeneralAndAdministrative": "4000000", "researchAndDevelopment": "0", "operatingExpenses": "887000000", "investmentIncomeNet": "None", "netInterestIncome": "None", "interestIncome": "None", "interestExpense": "14000000", "nonInterestIncome": "None", "otherNonOperatingIncome": "None", "depreciation": "None", "depreciationAndAmortization": "10000000", "incomeBeforeTax": "85000000", "incomeTaxExpense": "17000000", "interestAndDebtExpense": "None", "netIncomeFromContinuingOperations": "0", "comprehensiveIncomeNetOfTax": "None", "ebit": "85000000", "ebitda": "95000000", "netIncome": "68000000"}, {"fiscalDateEnding": "2009-12-31", "reportedCurrency": "USD", "grossProfit": "3883000000", "totalRevenue": "1133000000", "costOfRevenue": "-2750000000", "costofGoodsAndServicesSold": "-2750000000", "operatingIncome": "-13000000", "sellingGeneralAndAdministrative": "158000000", "researchAndDevelopment": "0", "operatingExpenses": "1133000000", "investmentIncomeNet": "None", "netInterestIncome": "None", "interestIncome": "None", "interestExpense": "13000000", "nonInterestIncome": "None", "otherNonOperatingIncome": "None", "depreciation": "None", "depreciationAndAmortization": "-21000000", "incomeBeforeTax": "355000000", "incomeTaxExpense": "110000000", "interestAndDebtExpense": "None", "netIncomeFromContinuingOperations": "0", "comprehensiveIncomeNetOfTax": "None", "ebit": "367000000", "ebitda": "346000000", "netIncome": "245000000"}, {"fiscalDateEnding": "2009-09-30", "reportedCurrency": "USD", "grossProfit": "1003000000", "totalRevenue": "1007000000", "costOfRevenue": "4000000", "costofGoodsAndServicesSold": "4000000", "operatingIncome": "244000000", "sellingGeneralAndAdministrative": "4000000", "researchAndDevelopment": "0", "operatingExpenses": "1007000000", "investmentIncomeNet": "None", "netInterestIncome": "None", "interestIncome": "None", "interestExpense": "14000000", "nonInterestIncome": "None", "otherNonOperatingIncome": "None", "depreciation": "None", "depreciationAndAmortization": "7000000", "incomeBeforeTax": "244000000", "incomeTaxExpense": "73000000", "interestAndDebtExpense": "None", "netIncomeFromContinuingOperations": "0", "comprehensiveIncomeNetOfTax": "None", "ebit": "244000000", "ebitda": "251000000", "netIncome": "171000000"}, {"fiscalDateEnding": "2009-06-30", "reportedCurrency": "USD", "grossProfit": "870000000", "totalRevenue": "874000000", "costOfRevenue": "4000000", "costofGoodsAndServicesSold": "4000000", "operatingIncome": "-50000000", "sellingGeneralAndAdministrative": "4000000", "researchAndDevelopment": "0", "operatingExpenses": "874000000", "investmentIncomeNet": "None", "netInterestIncome": "None", "interestIncome": "None", "interestExpense": "14000000", "nonInterestIncome": "None", "otherNonOperatingIncome": "None", "depreciation": "None", "depreciationAndAmortization": "6000000", "incomeBeforeTax": "-50000000", "incomeTaxExpense": "-31000000", "interestAndDebtExpense": "None", "netIncomeFromContinuingOperations": "0", "comprehensiveIncomeNetOfTax": "None", "ebit": "-50000000", "ebitda": "-44000000", "netIncome": "-19000000"}, {"fiscalDateEnding": "2009-03-31", "reportedCurrency": "USD", "grossProfit": "791000000", "totalRevenue": "890000000", "costOfRevenue": "99000000", "costofGoodsAndServicesSold": "99000000", "operatingIncome": "34000000", "sellingGeneralAndAdministrative": "99000000", "researchAndDevelopment": "0", "operatingExpenses": "890000000", "investmentIncomeNet": "None", "netInterestIncome": "None", "interestIncome": "None", "interestExpense": "14000000", "nonInterestIncome": "None", "otherNonOperatingIncome": "None", "depreciation": "None", "depreciationAndAmortization": "8000000", "incomeBeforeTax": "34000000", "incomeTaxExpense": "-1000000", "interestAndDebtExpense": "None", "netIncomeFromContinuingOperations": "0", "comprehensiveIncomeNetOfTax": "None", "ebit": "34000000", "ebitda": "42000000", "netIncome": "35000000"}, {"fiscalDateEnding": "2008-12-31", "reportedCurrency": "USD", "grossProfit": "1018000000", "totalRevenue": "1018000000", "costOfRevenue": "-2445000000", "costofGoodsAndServicesSold": "-2445000000", "operatingIncome": "-14000000", "sellingGeneralAndAdministrative": "119000000", "researchAndDevelopment": "0", "operatingExpenses": "1018000000", "investmentIncomeNet": "None", "netInterestIncome": "None", "interestIncome": "None", "interestExpense": "14000000", "nonInterestIncome": "None", "otherNonOperatingIncome": "None", "depreciation": "None", "depreciationAndAmortization": "5000000", "incomeBeforeTax": "220000000", "incomeTaxExpense": "59000000", "interestAndDebtExpense": "None", "netIncomeFromContinuingOperations": "0", "comprehensiveIncomeNetOfTax": "None", "ebit": "220000000", "ebitda": "225000000", "netIncome": "161000000"}, {"fiscalDateEnding": "2008-09-30", "reportedCurrency": "USD", "grossProfit": "1078000000", "totalRevenue": "1186000000", "costOfRevenue": "108000000", "costofGoodsAndServicesSold": "108000000", "operatingIncome": "-14000000", "sellingGeneralAndAdministrative": "108000000", "researchAndDevelopment": "0", "operatingExpenses": "1186000000", "investmentIncomeNet": "None", "netInterestIncome": "None", "interestIncome": "None", "interestExpense": "14000000", "nonInterestIncome": "None", "otherNonOperatingIncome": "None", "depreciation": "None", "depreciationAndAmortization": "8000000", "incomeBeforeTax": "356000000", "incomeTaxExpense": "109000000", "interestAndDebtExpense": "None", "netIncomeFromContinuingOperations": "0", "comprehensiveIncomeNetOfTax": "None", "ebit": "356000000", "ebitda": "364000000", "netIncome": "247000000"}, {"fiscalDateEnding": "2008-06-30", "reportedCurrency": "USD", "grossProfit": "824000000", "totalRevenue": "917000000", "costOfRevenue": "93000000", "costofGoodsAndServicesSold": "93000000", "operatingIncome": "64000000", "sellingGeneralAndAdministrative": "93000000", "researchAndDevelopment": "0", "operatingExpenses": "917000000", "investmentIncomeNet": "None", "netInterestIncome": "None", "interestIncome": "None", "interestExpense": "13000000", "nonInterestIncome": "None", "otherNonOperatingIncome": "None", "depreciation": "None", "depreciationAndAmortization": "11000000", "incomeBeforeTax": "64000000", "incomeTaxExpense": "1000000", "interestAndDebtExpense": "None", "netIncomeFromContinuingOperations": "0", "comprehensiveIncomeNetOfTax": "None", "ebit": "64000000", "ebitda": "75000000", "netIncome": "63000000"}, {"fiscalDateEnding": "2008-03-31", "reportedCurrency": "USD", "grossProfit": "613000000", "totalRevenue": "704000000", "costOfRevenue": "91000000", "costofGoodsAndServicesSold": "91000000", "operatingIncome": "-100000000", "sellingGeneralAndAdministrative": "91000000", "researchAndDevelopment": "0", "operatingExpenses": "704000000", "investmentIncomeNet": "None", "netInterestIncome": "None", "interestIncome": "None", "interestExpense": "12000000", "nonInterestIncome": "None", "otherNonOperatingIncome": "None", "depreciation": "None", "depreciationAndAmortization": "8000000", "incomeBeforeTax": "-100000000", "incomeTaxExpense": "-58000000", "interestAndDebtExpense": "None", "netIncomeFromContinuingOperations": "0", "comprehensiveIncomeNetOfTax": "None", "ebit": "-100000000", "ebitda": "-92000000", "netIncome": "-42000000"}, {"fiscalDateEnding": "2007-12-31", "reportedCurrency": "USD", "grossProfit": "976000000", "totalRevenue": "976000000", "costOfRevenue": "717000000", "costofGoodsAndServicesSold": "717000000", "operatingIncome": "253000000", "sellingGeneralAndAdministrative": "96000000", "researchAndDevelopment": "0", "operatingExpenses": "976000000", "investmentIncomeNet": "None", "netInterestIncome": "None", "interestIncome": "None", "interestExpense": "13000000", "nonInterestIncome": "None", "otherNonOperatingIncome": "None", "depreciation": "None", "depreciationAndAmortization": "10000000", "incomeBeforeTax": "253000000", "incomeTaxExpense": "67000000", "interestAndDebtExpense": "None", "netIncomeFromContinuingOperations": "0", "comprehensiveIncomeNetOfTax": "None", "ebit": "253000000", "ebitda": "263000000", "netIncome": "186000000"}, {"fiscalDateEnding": "2007-09-30", "reportedCurrency": "USD", "grossProfit": "892000000", "totalRevenue": "982000000", "costOfRevenue": "90000000", "costofGoodsAndServicesSold": "90000000", "operatingIncome": "160000000", "sellingGeneralAndAdministrative": "90000000", "researchAndDevelopment": "0", "operatingExpenses": "982000000", "investmentIncomeNet": "None", "netInterestIncome": "None", "interestIncome": "None", "interestExpense": "13000000", "nonInterestIncome": "None", "otherNonOperatingIncome": "None", "depreciation": "None", "depreciationAndAmortization": "10000000", "incomeBeforeTax": "160000000", "incomeTaxExpense": "36000000", "interestAndDebtExpense": "None", "netIncomeFromContinuingOperations": "0", "comprehensiveIncomeNetOfTax": "None", "ebit": "160000000", "ebitda": "170000000", "netIncome": "124000000"}, {"fiscalDateEnding": "2007-06-30", "reportedCurrency": "USD", "grossProfit": "1183000000", "totalRevenue": "1270000000", "costOfRevenue": "87000000", "costofGoodsAndServicesSold": "87000000", "operatingIncome": "-13000000", "sellingGeneralAndAdministrative": "87000000", "researchAndDevelopment": "0", "operatingExpenses": "1270000000", "investmentIncomeNet": "None", "netInterestIncome": "None", "interestIncome": "None", "interestExpense": "13000000", "nonInterestIncome": "None", "otherNonOperatingIncome": "None", "depreciation": "None", "depreciationAndAmortization": "9000000", "incomeBeforeTax": "508000000", "incomeTaxExpense": "157000000", "interestAndDebtExpense": "None", "netIncomeFromContinuingOperations": "0", "comprehensiveIncomeNetOfTax": "None", "ebit": "508000000", "ebitda": "517000000", "netIncome": "351000000"}, {"fiscalDateEnding": "2007-03-31", "reportedCurrency": "USD", "grossProfit": "943000000", "totalRevenue": "1031000000", "costOfRevenue": "88000000", "costofGoodsAndServicesSold": "88000000", "operatingIncome": "271000000", "sellingGeneralAndAdministrative": "88000000", "researchAndDevelopment": "0", "operatingExpenses": "1031000000", "investmentIncomeNet": "None", "netInterestIncome": "None", "interestIncome": "None", "interestExpense": "13000000", "nonInterestIncome": "None", "otherNonOperatingIncome": "None", "depreciation": "None", "depreciationAndAmortization": "7000000", "incomeBeforeTax": "271000000", "incomeTaxExpense": "77000000", "interestAndDebtExpense": "None", "netIncomeFromContinuingOperations": "0", "comprehensiveIncomeNetOfTax": "None", "ebit": "271000000", "ebitda": "278000000", "netIncome": "194000000"}, {"fiscalDateEnding": "2006-12-31", "reportedCurrency": "USD", "grossProfit": "994000000", "totalRevenue": "994000000", "costOfRevenue": "808000000", "costofGoodsAndServicesSold": "808000000", "operatingIncome": "172000000", "sellingGeneralAndAdministrative": "111000000", "researchAndDevelopment": "0", "operatingExpenses": "994000000", "investmentIncomeNet": "None", "netInterestIncome": "None", "interestIncome": "None", "interestExpense": "14000000", "nonInterestIncome": "None", "otherNonOperatingIncome": "None", "depreciation": "None", "depreciationAndAmortization": "12000000", "incomeBeforeTax": "172000000", "incomeTaxExpense": "42000000", "interestAndDebtExpense": "None", "netIncomeFromContinuingOperations": "0", "comprehensiveIncomeNetOfTax": "None", "ebit": "172000000", "ebitda": "184000000", "netIncome": "130000000"}, {"fiscalDateEnding": "2006-09-30", "reportedCurrency": "USD", "grossProfit": "967000000", "totalRevenue": "967000000", "costOfRevenue": "83000000", "costofGoodsAndServicesSold": "83000000", "operatingIncome": "148000000", "sellingGeneralAndAdministrative": "87000000", "researchAndDevelopment": "0", "operatingExpenses": "967000000", "investmentIncomeNet": "None", "netInterestIncome": "None", "interestIncome": "None", "interestExpense": "13000000", "nonInterestIncome": "None", "otherNonOperatingIncome": "None", "depreciation": "None", "depreciationAndAmortization": "10000000", "incomeBeforeTax": "148000000", "incomeTaxExpense": "33000000", "interestAndDebtExpense": "None", "netIncomeFromContinuingOperations": "0", "comprehensiveIncomeNetOfTax": "None", "ebit": "148000000", "ebitda": "158000000", "netIncome": "115000000"}, {"fiscalDateEnding": "2006-06-30", "reportedCurrency": "USD", "grossProfit": "902000000", "totalRevenue": "981000000", "costOfRevenue": "79000000", "costofGoodsAndServicesSold": "79000000", "operatingIncome": "175000000", "sellingGeneralAndAdministrative": "84000000", "researchAndDevelopment": "0", "operatingExpenses": "981000000", "investmentIncomeNet": "None", "netInterestIncome": "None", "interestIncome": "None", "interestExpense": "13000000", "nonInterestIncome": "None", "otherNonOperatingIncome": "None", "depreciation": "None", "depreciationAndAmortization": "8000000", "incomeBeforeTax": "175000000", "incomeTaxExpense": "43000000", "interestAndDebtExpense": "None", "netIncomeFromContinuingOperations": "0", "comprehensiveIncomeNetOfTax": "None", "ebit": "175000000", "ebitda": "183000000", "netIncome": "132000000"}, {"fiscalDateEnding": "2006-03-31", "reportedCurrency": "USD", "grossProfit": "1527000000", "totalRevenue": "1607000000", "costOfRevenue": "80000000", "costofGoodsAndServicesSold": "80000000", "operatingIncome": "-13000000", "sellingGeneralAndAdministrative": "83000000", "researchAndDevelopment": "0", "operatingExpenses": "1607000000", "investmentIncomeNet": "None", "netInterestIncome": "None", "interestIncome": "None", "interestExpense": "13000000", "nonInterestIncome": "None", "otherNonOperatingIncome": "None", "depreciation": "None", "depreciationAndAmortization": "8000000", "incomeBeforeTax": "834000000", "incomeTaxExpense": "282000000", "interestAndDebtExpense": "None", "netIncomeFromContinuingOperations": "0", "comprehensiveIncomeNetOfTax": "None", "ebit": "834000000", "ebitda": "842000000", "netIncome": "552000000"}, {"fiscalDateEnding": "2005-12-31", "reportedCurrency": "USD", "grossProfit": "966000000", "totalRevenue": "966000000", "costOfRevenue": "682000000", "costofGoodsAndServicesSold": "682000000", "operatingIncome": "261000000", "sellingGeneralAndAdministrative": "0", "researchAndDevelopment": "0", "operatingExpenses": "966000000", "investmentIncomeNet": "None", "netInterestIncome": "None", "interestIncome": "None", "interestExpense": "12000000", "nonInterestIncome": "None", "otherNonOperatingIncome": "None", "depreciation": "None", "depreciationAndAmortization": "11000000", "incomeBeforeTax": "261000000", "incomeTaxExpense": "78000000", "interestAndDebtExpense": "None", "netIncomeFromContinuingOperations": "0", "comprehensiveIncomeNetOfTax": "None", "ebit": "261000000", "ebitda": "272000000", "netIncome": "183000000"}, {"fiscalDateEnding": "2005-09-30", "reportedCurrency": "USD", "grossProfit": "944000000", "totalRevenue": "944000000", "costOfRevenue": "772000000", "costofGoodsAndServicesSold": "772000000", "operatingIncome": "151000000", "sellingGeneralAndAdministrative": "74000000", "researchAndDevelopment": "0", "operatingExpenses": "944000000", "investmentIncomeNet": "None", "netInterestIncome": "None", "interestIncome": "None", "interestExpense": "13000000", "nonInterestIncome": "None", "otherNonOperatingIncome": "None", "depreciation": "None", "depreciationAndAmortization": "8000000", "incomeBeforeTax": "151000000", "incomeTaxExpense": "34000000", "interestAndDebtExpense": "None", "netIncomeFromContinuingOperations": "0", "comprehensiveIncomeNetOfTax": "None", "ebit": "151000000", "ebitda": "159000000", "netIncome": "117000000"}, {"fiscalDateEnding": "2005-06-30", "reportedCurrency": "USD", "grossProfit": "868000000", "totalRevenue": "940000000", "costOfRevenue": "72000000", "costofGoodsAndServicesSold": "72000000", "operatingIncome": "215000000", "sellingGeneralAndAdministrative": "72000000", "researchAndDevelopment": "0", "operatingExpenses": "940000000", "investmentIncomeNet": "None", "netInterestIncome": "None", "interestIncome": "None", "interestExpense": "13000000", "nonInterestIncome": "None", "otherNonOperatingIncome": "None", "depreciation": "None", "depreciationAndAmortization": "7000000", "incomeBeforeTax": "215000000", "incomeTaxExpense": "57000000", "interestAndDebtExpense": "None", "netIncomeFromContinuingOperations": "0", "comprehensiveIncomeNetOfTax": "None", "ebit": "215000000", "ebitda": "222000000", "netIncome": "158000000"}, {"fiscalDateEnding": "2005-03-31", "reportedCurrency": "USD", "grossProfit": "849000000", "totalRevenue": "916000000", "costOfRevenue": "67000000", "costofGoodsAndServicesSold": "67000000", "operatingIncome": "195000000", "sellingGeneralAndAdministrative": "67000000", "researchAndDevelopment": "0", "operatingExpenses": "916000000", "investmentIncomeNet": "None", "netInterestIncome": "None", "interestIncome": "None", "interestExpense": "13000000", "nonInterestIncome": "None", "otherNonOperatingIncome": "None", "depreciation": "None", "depreciationAndAmortization": "7000000", "incomeBeforeTax": "195000000", "incomeTaxExpense": "51000000", "interestAndDebtExpense": "None", "netIncomeFromContinuingOperations": "0", "comprehensiveIncomeNetOfTax": "None", "ebit": "195000000", "ebitda": "202000000", "netIncome": "144000000"}, {"fiscalDateEnding": "2004-12-31", "reportedCurrency": "USD", "grossProfit": "942000000", "totalRevenue": "942000000", "costOfRevenue": "655000000", "costofGoodsAndServicesSold": "655000000", "operatingIncome": "271000000", "sellingGeneralAndAdministrative": "68000000", "researchAndDevelopment": "0", "operatingExpenses": "942000000", "investmentIncomeNet": "None", "netInterestIncome": "None", "interestIncome": "None", "interestExpense": "11000000", "nonInterestIncome": "None", "otherNonOperatingIncome": "None", "depreciation": "None", "depreciationAndAmortization": "5000000", "incomeBeforeTax": "271000000", "incomeTaxExpense": "79000000", "interestAndDebtExpense": "None", "netIncomeFromContinuingOperations": "0", "comprehensiveIncomeNetOfTax": "None", "ebit": "271000000", "ebitda": "276000000", "netIncome": "192000000"}]}