{"symbol": "NXPI", "annualReports": [{"fiscalDateEnding": "2024-12-31", "reportedCurrency": "USD", "grossProfit": "7119000000", "totalRevenue": "12614000000", "costOfRevenue": "5495000000", "costofGoodsAndServicesSold": "5495000000", "operatingIncome": "3417000000", "sellingGeneralAndAdministrative": "1164000000", "researchAndDevelopment": "2347000000", "operatingExpenses": "3702000000", "investmentIncomeNet": "None", "netInterestIncome": "-318000000", "interestIncome": "160000000", "interestExpense": "398000000", "nonInterestIncome": "None", "otherNonOperatingIncome": "None", "depreciation": "None", "depreciationAndAmortization": "925000000", "incomeBeforeTax": "3099000000", "incomeTaxExpense": "545000000", "interestAndDebtExpense": "None", "netIncomeFromContinuingOperations": "2542000000", "comprehensiveIncomeNetOfTax": "None", "ebit": "3497000000", "ebitda": "4422000000", "netIncome": "2510000000"}, {"fiscalDateEnding": "2023-12-31", "reportedCurrency": "USD", "grossProfit": "7553000000", "totalRevenue": "13276000000", "costOfRevenue": "5723000000", "costofGoodsAndServicesSold": "5723000000", "operatingIncome": "3661000000", "sellingGeneralAndAdministrative": "1159000000", "researchAndDevelopment": "2418000000", "operatingExpenses": "3892000000", "investmentIncomeNet": "None", "netInterestIncome": "-309000000", "interestIncome": "187000000", "interestExpense": "438000000", "nonInterestIncome": "None", "otherNonOperatingIncome": "None", "depreciation": "None", "depreciationAndAmortization": "1106000000", "incomeBeforeTax": "3352000000", "incomeTaxExpense": "523000000", "interestAndDebtExpense": "None", "netIncomeFromContinuingOperations": "2822000000", "comprehensiveIncomeNetOfTax": "None", "ebit": "3790000000", "ebitda": "4896000000", "netIncome": "2797000000"}, {"fiscalDateEnding": "2022-12-31", "reportedCurrency": "USD", "grossProfit": "7517000000", "totalRevenue": "13205000000", "costOfRevenue": "5688000000", "costofGoodsAndServicesSold": "5688000000", "operatingIncome": "3797000000", "sellingGeneralAndAdministrative": "1066000000", "researchAndDevelopment": "2148000000", "operatingExpenses": "3723000000", "investmentIncomeNet": "None", "netInterestIncome": "-416000000", "interestIncome": "61000000", "interestExpense": "427000000", "nonInterestIncome": "None", "otherNonOperatingIncome": "None", "depreciation": "None", "depreciationAndAmortization": "1250000000", "incomeBeforeTax": "3363000000", "incomeTaxExpense": "529000000", "interestAndDebtExpense": "None", "netIncomeFromContinuingOperations": "2833000000", "comprehensiveIncomeNetOfTax": "None", "ebit": "3790000000", "ebitda": "5040000000", "netIncome": "2787000000"}, {"fiscalDateEnding": "2021-12-31", "reportedCurrency": "USD", "grossProfit": "6067000000", "totalRevenue": "11063000000", "costOfRevenue": "4996000000", "costofGoodsAndServicesSold": "4996000000", "operatingIncome": "2583000000", "sellingGeneralAndAdministrative": "956000000", "researchAndDevelopment": "1936000000", "operatingExpenses": "3484000000", "investmentIncomeNet": "None", "netInterestIncome": "-381000000", "interestIncome": "4000000", "interestExpense": "369000000", "nonInterestIncome": "None", "otherNonOperatingIncome": "None", "depreciation": "None", "depreciationAndAmortization": "1262000000", "incomeBeforeTax": "2180000000", "incomeTaxExpense": "272000000", "interestAndDebtExpense": "None", "netIncomeFromContinuingOperations": "1906000000", "comprehensiveIncomeNetOfTax": "None", "ebit": "2549000000", "ebitda": "3811000000", "netIncome": "1871000000"}, {"fiscalDateEnding": "2020-12-31", "reportedCurrency": "USD", "grossProfit": "4235000000", "totalRevenue": "8612000000", "costOfRevenue": "4377000000", "costofGoodsAndServicesSold": "4377000000", "operatingIncome": "418000000", "sellingGeneralAndAdministrative": "879000000", "researchAndDevelopment": "1725000000", "operatingExpenses": "3931000000", "investmentIncomeNet": "None", "netInterestIncome": "-357000000", "interestIncome": "13000000", "interestExpense": "362000000", "nonInterestIncome": "None", "otherNonOperatingIncome": "None", "depreciation": "None", "depreciationAndAmortization": "1988000000", "incomeBeforeTax": "1000000", "incomeTaxExpense": "-83000000", "interestAndDebtExpense": "None", "netIncomeFromContinuingOperations": "80000000", "comprehensiveIncomeNetOfTax": "None", "ebit": "363000000", "ebitda": "2351000000", "netIncome": "84000000"}, {"fiscalDateEnding": "2019-12-31", "reportedCurrency": "USD", "grossProfit": "4618000000", "totalRevenue": "8877000000", "costOfRevenue": "4259000000", "costofGoodsAndServicesSold": "4259000000", "operatingIncome": "641000000", "sellingGeneralAndAdministrative": "924000000", "researchAndDevelopment": "1643000000", "operatingExpenses": "4002000000", "investmentIncomeNet": "None", "netInterestIncome": "-324000000", "interestIncome": "57000000", "interestExpense": "370000000", "nonInterestIncome": "None", "otherNonOperatingIncome": "None", "depreciation": "None", "depreciationAndAmortization": "2047000000", "incomeBeforeTax": "291000000", "incomeTaxExpense": "20000000", "interestAndDebtExpense": "None", "netIncomeFromContinuingOperations": "272000000", "comprehensiveIncomeNetOfTax": "None", "ebit": "672000000", "ebitda": "2719000000", "netIncome": "243000000"}, {"fiscalDateEnding": "2018-12-31", "reportedCurrency": "USD", "grossProfit": "4851000000", "totalRevenue": "9407000000", "costOfRevenue": "4556000000", "costofGoodsAndServicesSold": "4556000000", "operatingIncome": "2710000000", "sellingGeneralAndAdministrative": "993000000", "researchAndDevelopment": "1700000000", "operatingExpenses": "4142000000", "investmentIncomeNet": "None", "netInterestIncome": "-295000000", "interestIncome": "48000000", "interestExpense": "273000000", "nonInterestIncome": "None", "otherNonOperatingIncome": "None", "depreciation": "None", "depreciationAndAmortization": "1987000000", "incomeBeforeTax": "2375000000", "incomeTaxExpense": "176000000", "interestAndDebtExpense": "None", "netIncomeFromContinuingOperations": "2258000000", "comprehensiveIncomeNetOfTax": "None", "ebit": "2658000000", "ebitda": "4645000000", "netIncome": "2208000000"}, {"fiscalDateEnding": "2017-12-31", "reportedCurrency": "USD", "grossProfit": "4619000000", "totalRevenue": "9256000000", "costOfRevenue": "4637000000", "costofGoodsAndServicesSold": "4637000000", "operatingIncome": "2102000000", "sellingGeneralAndAdministrative": "1090000000", "researchAndDevelopment": "1554000000", "operatingExpenses": "4092000000", "investmentIncomeNet": "None", "netInterestIncome": "-295000000", "interestIncome": "27000000", "interestExpense": "310000000", "nonInterestIncome": "None", "otherNonOperatingIncome": "None", "depreciation": "None", "depreciationAndAmortization": "2150000000", "incomeBeforeTax": "1736000000", "incomeTaxExpense": "-483000000", "interestAndDebtExpense": "None", "netIncomeFromContinuingOperations": "2272000000", "comprehensiveIncomeNetOfTax": "None", "ebit": "2046000000", "ebitda": "4196000000", "netIncome": "2215000000"}, {"fiscalDateEnding": "2016-12-31", "reportedCurrency": "USD", "grossProfit": "4069000000", "totalRevenue": "9498000000", "costOfRevenue": "5429000000", "costofGoodsAndServicesSold": "5429000000", "operatingIncome": "-150000000", "sellingGeneralAndAdministrative": "1141000000", "researchAndDevelopment": "1560000000", "operatingExpenses": "4228000000", "investmentIncomeNet": "None", "netInterestIncome": "-406000000", "interestIncome": "11000000", "interestExpense": "408000000", "nonInterestIncome": "None", "otherNonOperatingIncome": "None", "depreciation": "None", "depreciationAndAmortization": "2116000000", "incomeBeforeTax": "-603000000", "incomeTaxExpense": "-459000000", "interestAndDebtExpense": "None", "netIncomeFromContinuingOperations": "259000000", "comprehensiveIncomeNetOfTax": "None", "ebit": "-195000000", "ebitda": "1921000000", "netIncome": "-192000000"}, {"fiscalDateEnding": "2015-12-31", "reportedCurrency": "USD", "grossProfit": "2787000000", "totalRevenue": "6101000000", "costOfRevenue": "3314000000", "costofGoodsAndServicesSold": "3314000000", "operatingIncome": "2015000000", "sellingGeneralAndAdministrative": "725000000", "researchAndDevelopment": "890000000", "operatingExpenses": "2035000000", "investmentIncomeNet": "None", "netInterestIncome": "None", "interestIncome": "414000000", "interestExpense": "227000000", "nonInterestIncome": "None", "otherNonOperatingIncome": "None", "depreciation": "None", "depreciationAndAmortization": "517000000", "incomeBeforeTax": "1486000000", "incomeTaxExpense": "-104000000", "interestAndDebtExpense": "None", "netIncomeFromContinuingOperations": "1599000000", "comprehensiveIncomeNetOfTax": "None", "ebit": "1713000000", "ebitda": "2230000000", "netIncome": "1526000000"}, {"fiscalDateEnding": "2014-12-31", "reportedCurrency": "USD", "grossProfit": "2640000000", "totalRevenue": "5647000000", "costOfRevenue": "3007000000", "costofGoodsAndServicesSold": "3007000000", "operatingIncome": "1049000000", "sellingGeneralAndAdministrative": "1587000000", "researchAndDevelopment": "763000000", "operatingExpenses": "1601000000", "investmentIncomeNet": "None", "netInterestIncome": "None", "interestIncome": "None", "interestExpense": "145000000", "nonInterestIncome": "None", "otherNonOperatingIncome": "None", "depreciation": "None", "depreciationAndAmortization": "405000000", "incomeBeforeTax": "639000000", "incomeTaxExpense": "40000000", "interestAndDebtExpense": "None", "netIncomeFromContinuingOperations": "607000000", "comprehensiveIncomeNetOfTax": "None", "ebit": "784000000", "ebitda": "1189000000", "netIncome": "539000000"}, {"fiscalDateEnding": "2013-12-31", "reportedCurrency": "USD", "grossProfit": "2177000000", "totalRevenue": "4815000000", "costOfRevenue": "2638000000", "costofGoodsAndServicesSold": "2638000000", "operatingIncome": "651000000", "sellingGeneralAndAdministrative": "1517000000", "researchAndDevelopment": "639000000", "operatingExpenses": "1535000000", "investmentIncomeNet": "None", "netInterestIncome": "None", "interestIncome": "None", "interestExpense": "182000000", "nonInterestIncome": "None", "otherNonOperatingIncome": "None", "depreciation": "None", "depreciationAndAmortization": "514000000", "incomeBeforeTax": "377000000", "incomeTaxExpense": "20000000", "interestAndDebtExpense": "None", "netIncomeFromContinuingOperations": "None", "comprehensiveIncomeNetOfTax": "None", "ebit": "559000000", "ebitda": "1073000000", "netIncome": "348000000"}, {"fiscalDateEnding": "2012-12-31", "reportedCurrency": "USD", "grossProfit": "1988000000", "totalRevenue": "4358000000", "costOfRevenue": "2370000000", "costofGoodsAndServicesSold": "2370000000", "operatingIncome": "412000000", "sellingGeneralAndAdministrative": "1254000000", "researchAndDevelopment": "628000000", "operatingExpenses": "1605000000", "investmentIncomeNet": "None", "netInterestIncome": "None", "interestIncome": "None", "interestExpense": "270000000", "nonInterestIncome": "None", "otherNonOperatingIncome": "None", "depreciation": "None", "depreciationAndAmortization": "533000000", "incomeBeforeTax": "-25000000", "incomeTaxExpense": "1000000", "interestAndDebtExpense": "None", "netIncomeFromContinuingOperations": "None", "comprehensiveIncomeNetOfTax": "None", "ebit": "242000000", "ebitda": "775000000", "netIncome": "-115000000"}, {"fiscalDateEnding": "2011-12-31", "reportedCurrency": "USD", "grossProfit": "1906000000", "totalRevenue": "4194000000", "costOfRevenue": "2288000000", "costofGoodsAndServicesSold": "2288000000", "operatingIncome": "357000000", "sellingGeneralAndAdministrative": "633000000", "researchAndDevelopment": "635000000", "operatingExpenses": "1553000000", "investmentIncomeNet": "None", "netInterestIncome": "None", "interestIncome": "None", "interestExpense": "353000000", "nonInterestIncome": "None", "otherNonOperatingIncome": "None", "depreciation": "None", "depreciationAndAmortization": "591000000", "incomeBeforeTax": "100000000", "incomeTaxExpense": "21000000", "interestAndDebtExpense": "None", "netIncomeFromContinuingOperations": "None", "comprehensiveIncomeNetOfTax": "None", "ebit": "412000000", "ebitda": "1003000000", "netIncome": "390000000"}, {"fiscalDateEnding": "2010-12-31", "reportedCurrency": "USD", "grossProfit": "1823000000", "totalRevenue": "4402000000", "costOfRevenue": "2579000000", "costofGoodsAndServicesSold": "2579000000", "operatingIncome": "273000000", "sellingGeneralAndAdministrative": "701000000", "researchAndDevelopment": "568000000", "operatingExpenses": "1534000000", "investmentIncomeNet": "None", "netInterestIncome": "None", "interestIncome": "None", "interestExpense": "320000000", "nonInterestIncome": "None", "otherNonOperatingIncome": "None", "depreciation": "None", "depreciationAndAmortization": "684000000", "incomeBeforeTax": "-355000000", "incomeTaxExpense": "24000000", "interestAndDebtExpense": "None", "netIncomeFromContinuingOperations": "None", "comprehensiveIncomeNetOfTax": "None", "ebit": "-411000000", "ebitda": "273000000", "netIncome": "-456000000"}, {"fiscalDateEnding": "2009-12-31", "reportedCurrency": "USD", "grossProfit": "969000000", "totalRevenue": "3843000000", "costOfRevenue": "2874000000", "costofGoodsAndServicesSold": "2874000000", "operatingIncome": "-900000000", "sellingGeneralAndAdministrative": "734000000", "researchAndDevelopment": "777000000", "operatingExpenses": "1788000000", "investmentIncomeNet": "None", "netInterestIncome": "None", "interestIncome": "None", "interestExpense": "363000000", "nonInterestIncome": "None", "otherNonOperatingIncome": "None", "depreciation": "None", "depreciationAndAmortization": "869000000", "incomeBeforeTax": "-218000000", "incomeTaxExpense": "17000000", "interestAndDebtExpense": "None", "netIncomeFromContinuingOperations": "None", "comprehensiveIncomeNetOfTax": "None", "ebit": "58000000", "ebitda": "927000000", "netIncome": "-175000000"}, {"fiscalDateEnding": "2008-12-31", "reportedCurrency": "USD", "grossProfit": "1218000000", "totalRevenue": "5443000000", "costOfRevenue": "4225000000", "costofGoodsAndServicesSold": "4225000000", "operatingIncome": "-2646000000", "sellingGeneralAndAdministrative": "1161000000", "researchAndDevelopment": "1199000000", "operatingExpenses": "2760000000", "investmentIncomeNet": "None", "netInterestIncome": "None", "interestIncome": "None", "interestExpense": "502000000", "nonInterestIncome": "None", "otherNonOperatingIncome": "None", "depreciation": "None", "depreciationAndAmortization": "1270000000", "incomeBeforeTax": "-3260000000", "incomeTaxExpense": "46000000", "interestAndDebtExpense": "None", "netIncomeFromContinuingOperations": "None", "comprehensiveIncomeNetOfTax": "None", "ebit": "-2841000000", "ebitda": "-1571000000", "netIncome": "-3600000000"}], "quarterlyReports": [{"fiscalDateEnding": "2024-12-31", "reportedCurrency": "USD", "grossProfit": "1678000000", "totalRevenue": "3111000000", "costOfRevenue": "1433000000", "costofGoodsAndServicesSold": "1433000000", "operatingIncome": "675000000", "sellingGeneralAndAdministrative": "323000000", "researchAndDevelopment": "612000000", "operatingExpenses": "1003000000", "investmentIncomeNet": "None", "netInterestIncome": "-91000000", "interestIncome": "35000000", "interestExpense": "100000000", "nonInterestIncome": "None", "otherNonOperatingIncome": "None", "depreciation": "None", "depreciationAndAmortization": "-9000000", "incomeBeforeTax": "584000000", "incomeTaxExpense": "77000000", "interestAndDebtExpense": "None", "netIncomeFromContinuingOperations": "505000000", "comprehensiveIncomeNetOfTax": "None", "ebit": "684000000", "ebitda": "675000000", "netIncome": "495000000"}, {"fiscalDateEnding": "2024-09-30", "reportedCurrency": "USD", "grossProfit": "1837000000", "totalRevenue": "3250000000", "costOfRevenue": "1413000000", "costofGoodsAndServicesSold": "1413000000", "operatingIncome": "990000000", "sellingGeneralAndAdministrative": "265000000", "researchAndDevelopment": "577000000", "operatingExpenses": "842000000", "investmentIncomeNet": "None", "netInterestIncome": "-82000000", "interestIncome": "36000000", "interestExpense": "96000000", "nonInterestIncome": "None", "otherNonOperatingIncome": "None", "depreciation": "None", "depreciationAndAmortization": "218000000", "incomeBeforeTax": "908000000", "incomeTaxExpense": "173000000", "interestAndDebtExpense": "None", "netIncomeFromContinuingOperations": "729000000", "comprehensiveIncomeNetOfTax": "None", "ebit": "1026000000", "ebitda": "1244000000", "netIncome": "718000000"}, {"fiscalDateEnding": "2024-06-30", "reportedCurrency": "USD", "grossProfit": "1760000000", "totalRevenue": "3127000000", "costOfRevenue": "1367000000", "costofGoodsAndServicesSold": "1367000000", "operatingIncome": "894000000", "sellingGeneralAndAdministrative": "270000000", "researchAndDevelopment": "598000000", "operatingExpenses": "866000000", "investmentIncomeNet": "None", "netInterestIncome": "-75000000", "interestIncome": "39000000", "interestExpense": "97000000", "nonInterestIncome": "None", "otherNonOperatingIncome": "None", "depreciation": "None", "depreciationAndAmortization": "213000000", "incomeBeforeTax": "821000000", "incomeTaxExpense": "154000000", "interestAndDebtExpense": "None", "netIncomeFromContinuingOperations": "664000000", "comprehensiveIncomeNetOfTax": "None", "ebit": "935000000", "ebitda": "1148000000", "netIncome": "658000000"}, {"fiscalDateEnding": "2024-03-31", "reportedCurrency": "USD", "grossProfit": "1729000000", "totalRevenue": "3125999999", "costOfRevenue": "1396999999", "costofGoodsAndServicesSold": "1396999999", "operatingIncome": "855000000", "sellingGeneralAndAdministrative": "306000000", "researchAndDevelopment": "566999999", "operatingExpenses": "873999999", "investmentIncomeNet": "None", "netInterestIncome": "-70000000", "interestIncome": "50000000", "interestExpense": "105000000", "nonInterestIncome": "None", "otherNonOperatingIncome": "None", "depreciation": "None", "depreciationAndAmortization": "235000000", "incomeBeforeTax": "785999999", "incomeTaxExpense": "140999999", "interestAndDebtExpense": "None", "netIncomeFromContinuingOperations": "644000000", "comprehensiveIncomeNetOfTax": "None", "ebit": "906000000", "ebitda": "1141000000", "netIncome": "639000000"}, {"fiscalDateEnding": "2023-12-31", "reportedCurrency": "USD", "grossProfit": "1874000000", "totalRevenue": "3422000000", "costOfRevenue": "1548000000", "costofGoodsAndServicesSold": "1548000000", "operatingIncome": "912000000", "sellingGeneralAndAdministrative": "311000000", "researchAndDevelopment": "651000000", "operatingExpenses": "962000000", "investmentIncomeNet": "None", "netInterestIncome": "-78000000", "interestIncome": "53000000", "interestExpense": "78000000", "nonInterestIncome": "None", "otherNonOperatingIncome": "None", "depreciation": "None", "depreciationAndAmortization": "269000000", "incomeBeforeTax": "829000000", "incomeTaxExpense": "124000000", "interestAndDebtExpense": "None", "netIncomeFromContinuingOperations": "703000000", "comprehensiveIncomeNetOfTax": "None", "ebit": "907000000", "ebitda": "1176000000", "netIncome": "697000000"}, {"fiscalDateEnding": "2023-09-30", "reportedCurrency": "USD", "grossProfit": "1965000000", "totalRevenue": "3434000000", "costOfRevenue": "1469000000", "costofGoodsAndServicesSold": "1469000000", "operatingIncome": "992000000", "sellingGeneralAndAdministrative": "294000000", "researchAndDevelopment": "601000000", "operatingExpenses": "966000000", "investmentIncomeNet": "None", "netInterestIncome": "-75000000", "interestIncome": "49000000", "interestExpense": "109000000", "nonInterestIncome": "None", "otherNonOperatingIncome": "None", "depreciation": "None", "depreciationAndAmortization": "273000000", "incomeBeforeTax": "917000000", "incomeTaxExpense": "123000000", "interestAndDebtExpense": "None", "netIncomeFromContinuingOperations": "792000000", "comprehensiveIncomeNetOfTax": "None", "ebit": "1026000000", "ebitda": "1299000000", "netIncome": "787000000"}, {"fiscalDateEnding": "2023-06-30", "reportedCurrency": "USD", "grossProfit": "1881000000", "totalRevenue": "3299000000", "costOfRevenue": "1418000000", "costofGoodsAndServicesSold": "1418000000", "operatingIncome": "937000000", "sellingGeneralAndAdministrative": "274000000", "researchAndDevelopment": "589000000", "operatingExpenses": "944000000", "investmentIncomeNet": "None", "netInterestIncome": "-74000000", "interestIncome": "43000000", "interestExpense": "109000000", "nonInterestIncome": "None", "otherNonOperatingIncome": "None", "depreciation": "None", "depreciationAndAmortization": "281000000", "incomeBeforeTax": "863000000", "incomeTaxExpense": "158000000", "interestAndDebtExpense": "None", "netIncomeFromContinuingOperations": "704000000", "comprehensiveIncomeNetOfTax": "None", "ebit": "937000000", "ebitda": "1218000000", "netIncome": "698000000"}, {"fiscalDateEnding": "2023-03-31", "reportedCurrency": "USD", "grossProfit": "1768000000", "totalRevenue": "3121000000", "costOfRevenue": "1353000000", "costofGoodsAndServicesSold": "1353000000", "operatingIncome": "825000000", "sellingGeneralAndAdministrative": "280000000", "researchAndDevelopment": "577000000", "operatingExpenses": "943000000", "investmentIncomeNet": "None", "netInterestIncome": "-82000000", "interestIncome": "42000000", "interestExpense": "111000000", "nonInterestIncome": "None", "otherNonOperatingIncome": "None", "depreciation": "None", "depreciationAndAmortization": "279000000", "incomeBeforeTax": "741000000", "incomeTaxExpense": "118000000", "interestAndDebtExpense": "None", "netIncomeFromContinuingOperations": "623000000", "comprehensiveIncomeNetOfTax": "None", "ebit": "843000000", "ebitda": "1122000000", "netIncome": "615000000"}, {"fiscalDateEnding": "2022-12-31", "reportedCurrency": "USD", "grossProfit": "1891000000", "totalRevenue": "3312000000", "costOfRevenue": "1421000000", "costofGoodsAndServicesSold": "1421000000", "operatingIncome": "980000000", "sellingGeneralAndAdministrative": "261000000", "researchAndDevelopment": "540000000", "operatingExpenses": "910000000", "investmentIncomeNet": "None", "netInterestIncome": "-103000000", "interestIncome": "32000000", "interestExpense": "108000000", "nonInterestIncome": "None", "otherNonOperatingIncome": "None", "depreciation": "None", "depreciationAndAmortization": "302000000", "incomeBeforeTax": "877000000", "incomeTaxExpense": "137000000", "interestAndDebtExpense": "None", "netIncomeFromContinuingOperations": "734000000", "comprehensiveIncomeNetOfTax": "None", "ebit": "980000000", "ebitda": "1282000000", "netIncome": "722000000"}, {"fiscalDateEnding": "2022-09-30", "reportedCurrency": "USD", "grossProfit": "1967000000", "totalRevenue": "3445000000", "costOfRevenue": "1478000000", "costofGoodsAndServicesSold": "1478000000", "operatingIncome": "1001000000", "sellingGeneralAndAdministrative": "289000000", "researchAndDevelopment": "548000000", "operatingExpenses": "968000000", "investmentIncomeNet": "None", "netInterestIncome": "-97000000", "interestIncome": "21000000", "interestExpense": "109000000", "nonInterestIncome": "None", "otherNonOperatingIncome": "None", "depreciation": "None", "depreciationAndAmortization": "321000000", "incomeBeforeTax": "903000000", "incomeTaxExpense": "149000000", "interestAndDebtExpense": "None", "netIncomeFromContinuingOperations": "750000000", "comprehensiveIncomeNetOfTax": "None", "ebit": "1021000000", "ebitda": "1342000000", "netIncome": "738000000"}, {"fiscalDateEnding": "2022-06-30", "reportedCurrency": "USD", "grossProfit": "1882000000", "totalRevenue": "3312000000", "costOfRevenue": "1430000000", "costofGoodsAndServicesSold": "1430000000", "operatingIncome": "943000000", "sellingGeneralAndAdministrative": "265000000", "researchAndDevelopment": "542000000", "operatingExpenses": "941000000", "investmentIncomeNet": "None", "netInterestIncome": "-113000000", "interestIncome": "6000000", "interestExpense": "106000000", "nonInterestIncome": "None", "otherNonOperatingIncome": "None", "depreciation": "None", "depreciationAndAmortization": "317000000", "incomeBeforeTax": "815000000", "incomeTaxExpense": "129000000", "interestAndDebtExpense": "None", "netIncomeFromContinuingOperations": "683000000", "comprehensiveIncomeNetOfTax": "None", "ebit": "934000000", "ebitda": "1251000000", "netIncome": "670000000"}, {"fiscalDateEnding": "2022-03-31", "reportedCurrency": "USD", "grossProfit": "1777000000", "totalRevenue": "3136000000", "costOfRevenue": "1359000000", "costofGoodsAndServicesSold": "1359000000", "operatingIncome": "873000000", "sellingGeneralAndAdministrative": "251000000", "researchAndDevelopment": "518000000", "operatingExpenses": "904000000", "investmentIncomeNet": "None", "netInterestIncome": "-105000000", "interestIncome": "2000000", "interestExpense": "104000000", "nonInterestIncome": "None", "otherNonOperatingIncome": "None", "depreciation": "None", "depreciationAndAmortization": "310000000", "incomeBeforeTax": "768000000", "incomeTaxExpense": "114000000", "interestAndDebtExpense": "None", "netIncomeFromContinuingOperations": "666000000", "comprehensiveIncomeNetOfTax": "None", "ebit": "872000000", "ebitda": "1182000000", "netIncome": "657000000"}, {"fiscalDateEnding": "2021-12-31", "reportedCurrency": "USD", "grossProfit": "1707000000", "totalRevenue": "3039000000", "costOfRevenue": "1332000000", "costofGoodsAndServicesSold": "1332000000", "operatingIncome": "807000000", "sellingGeneralAndAdministrative": "257000000", "researchAndDevelopment": "507000000", "operatingExpenses": "900000000", "investmentIncomeNet": "None", "netInterestIncome": "-101000000", "interestIncome": "1000000", "interestExpense": "96000000", "nonInterestIncome": "None", "otherNonOperatingIncome": "None", "depreciation": "None", "depreciationAndAmortization": "310000000", "incomeBeforeTax": "684000000", "incomeTaxExpense": "72000000", "interestAndDebtExpense": "None", "netIncomeFromContinuingOperations": "610000000", "comprehensiveIncomeNetOfTax": "None", "ebit": "829000000", "ebitda": "1139000000", "netIncome": "602000000"}, {"fiscalDateEnding": "2021-09-30", "reportedCurrency": "USD", "grossProfit": "1583000000", "totalRevenue": "2861000000", "costOfRevenue": "1278000000", "costofGoodsAndServicesSold": "1278000000", "operatingIncome": "711000000", "sellingGeneralAndAdministrative": "243000000", "researchAndDevelopment": "492000000", "operatingExpenses": "872000000", "investmentIncomeNet": "None", "netInterestIncome": "-96000000", "interestIncome": "1000000", "interestExpense": "96000000", "nonInterestIncome": "None", "otherNonOperatingIncome": "None", "depreciation": "None", "depreciationAndAmortization": "306000000", "incomeBeforeTax": "618000000", "incomeTaxExpense": "95000000", "interestAndDebtExpense": "None", "netIncomeFromContinuingOperations": "526000000", "comprehensiveIncomeNetOfTax": "None", "ebit": "715000000", "ebitda": "1021000000", "netIncome": "519000000"}, {"fiscalDateEnding": "2021-06-30", "reportedCurrency": "USD", "grossProfit": "1422000000", "totalRevenue": "2596000000", "costOfRevenue": "1174000000", "costofGoodsAndServicesSold": "1174000000", "operatingIncome": "573000000", "sellingGeneralAndAdministrative": "234000000", "researchAndDevelopment": "476000000", "operatingExpenses": "849000000", "investmentIncomeNet": "None", "netInterestIncome": "-99000000", "interestIncome": "1000000", "interestExpense": "90000000", "nonInterestIncome": "None", "otherNonOperatingIncome": "None", "depreciation": "None", "depreciationAndAmortization": "305000000", "incomeBeforeTax": "473000000", "incomeTaxExpense": "65000000", "interestAndDebtExpense": "None", "netIncomeFromContinuingOperations": "406000000", "comprehensiveIncomeNetOfTax": "None", "ebit": "572000000", "ebitda": "877000000", "netIncome": "397000000"}, {"fiscalDateEnding": "2021-03-31", "reportedCurrency": "USD", "grossProfit": "1355000000", "totalRevenue": "2567000000", "costOfRevenue": "1212000000", "costofGoodsAndServicesSold": "1212000000", "operatingIncome": "492000000", "sellingGeneralAndAdministrative": "222000000", "researchAndDevelopment": "461000000", "operatingExpenses": "863000000", "investmentIncomeNet": "None", "netInterestIncome": "-88000000", "interestIncome": "1000000", "interestExpense": "87000000", "nonInterestIncome": "None", "otherNonOperatingIncome": "None", "depreciation": "None", "depreciationAndAmortization": "341000000", "incomeBeforeTax": "405000000", "incomeTaxExpense": "40000000", "interestAndDebtExpense": "None", "netIncomeFromContinuingOperations": "364000000", "comprehensiveIncomeNetOfTax": "None", "ebit": "492000000", "ebitda": "833000000", "netIncome": "353000000"}, {"fiscalDateEnding": "2020-12-31", "reportedCurrency": "USD", "grossProfit": "1288000000", "totalRevenue": "2507000000", "costOfRevenue": "1219000000", "costofGoodsAndServicesSold": "1219000000", "operatingIncome": "463000000", "sellingGeneralAndAdministrative": "1323000000", "researchAndDevelopment": "460000000", "operatingExpenses": "829000000", "investmentIncomeNet": "None", "netInterestIncome": "-77000000", "interestIncome": "2000000", "interestExpense": "86000000", "nonInterestIncome": "None", "otherNonOperatingIncome": "None", "depreciation": "None", "depreciationAndAmortization": "316000000", "incomeBeforeTax": "326000000", "incomeTaxExpense": "5000000", "interestAndDebtExpense": "None", "netIncomeFromContinuingOperations": "320000000", "comprehensiveIncomeNetOfTax": "None", "ebit": "403000000", "ebitda": "719000000", "netIncome": "309000000"}, {"fiscalDateEnding": "2020-09-30", "reportedCurrency": "USD", "grossProfit": "1090000000", "totalRevenue": "2267000000", "costOfRevenue": "1177000000", "costofGoodsAndServicesSold": "1177000000", "operatingIncome": "32000000", "sellingGeneralAndAdministrative": "203000000", "researchAndDevelopment": "438000000", "operatingExpenses": "1059000000", "investmentIncomeNet": "None", "netInterestIncome": "-101000000", "interestIncome": "3000000", "interestExpense": "100000000", "nonInterestIncome": "None", "otherNonOperatingIncome": "None", "depreciation": "None", "depreciationAndAmortization": "589000000", "incomeBeforeTax": "-74000000", "incomeTaxExpense": "-57000000", "interestAndDebtExpense": "None", "netIncomeFromContinuingOperations": "-18000000", "comprehensiveIncomeNetOfTax": "None", "ebit": "30000000", "ebitda": "619000000", "netIncome": "-22000000"}, {"fiscalDateEnding": "2020-06-30", "reportedCurrency": "USD", "grossProfit": "860000000", "totalRevenue": "1817000000", "costOfRevenue": "957000000", "costofGoodsAndServicesSold": "957000000", "operatingIncome": "-145000000", "sellingGeneralAndAdministrative": "220000000", "researchAndDevelopment": "402000000", "operatingExpenses": "1004000000", "investmentIncomeNet": "None", "netInterestIncome": "-91000000", "interestIncome": "4000000", "interestExpense": "94000000", "nonInterestIncome": "None", "otherNonOperatingIncome": "None", "depreciation": "None", "depreciationAndAmortization": "543000000", "incomeBeforeTax": "-241000000", "incomeTaxExpense": "-33000000", "interestAndDebtExpense": "None", "netIncomeFromContinuingOperations": "-209000000", "comprehensiveIncomeNetOfTax": "None", "ebit": "-146000000", "ebitda": "397000000", "netIncome": "-214000000"}, {"fiscalDateEnding": "2020-03-31", "reportedCurrency": "USD", "grossProfit": "997000000", "totalRevenue": "2021000000", "costOfRevenue": "1024000000", "costofGoodsAndServicesSold": "1024000000", "operatingIncome": "68000000", "sellingGeneralAndAdministrative": "224000000", "researchAndDevelopment": "425000000", "operatingExpenses": "929000000", "investmentIncomeNet": "None", "netInterestIncome": "-82000000", "interestIncome": "4000000", "interestExpense": "82000000", "nonInterestIncome": "None", "otherNonOperatingIncome": "None", "depreciation": "None", "depreciationAndAmortization": "540000000", "incomeBeforeTax": "-10000000", "incomeTaxExpense": "2000000", "interestAndDebtExpense": "None", "netIncomeFromContinuingOperations": "-13000000", "comprehensiveIncomeNetOfTax": "None", "ebit": "72000000", "ebitda": "612000000", "netIncome": "-21000000"}, {"fiscalDateEnding": "2019-12-31", "reportedCurrency": "USD", "grossProfit": "1209000000", "totalRevenue": "2301000000", "costOfRevenue": "1092000000", "costofGoodsAndServicesSold": "1092000000", "operatingIncome": "197000000", "sellingGeneralAndAdministrative": "225000000", "researchAndDevelopment": "424000000", "operatingExpenses": "1014000000", "investmentIncomeNet": "None", "netInterestIncome": "-84000000", "interestIncome": "15000000", "interestExpense": "96000000", "nonInterestIncome": "None", "otherNonOperatingIncome": "None", "depreciation": "None", "depreciationAndAmortization": "522000000", "incomeBeforeTax": "104000000", "incomeTaxExpense": "-20000000", "interestAndDebtExpense": "None", "netIncomeFromContinuingOperations": "123000000", "comprehensiveIncomeNetOfTax": "None", "ebit": "195000000", "ebitda": "717000000", "netIncome": "114000000"}, {"fiscalDateEnding": "2019-09-30", "reportedCurrency": "USD", "grossProfit": "1186000000", "totalRevenue": "2265000000", "costOfRevenue": "1079000000", "costofGoodsAndServicesSold": "1079000000", "operatingIncome": "233000000", "sellingGeneralAndAdministrative": "221000000", "researchAndDevelopment": "396000000", "operatingExpenses": "975000000", "investmentIncomeNet": "None", "netInterestIncome": "-85000000", "interestIncome": "17000000", "interestExpense": "98000000", "nonInterestIncome": "None", "otherNonOperatingIncome": "None", "depreciation": "None", "depreciationAndAmortization": "517000000", "incomeBeforeTax": "148000000", "incomeTaxExpense": "28000000", "interestAndDebtExpense": "None", "netIncomeFromContinuingOperations": "119000000", "comprehensiveIncomeNetOfTax": "None", "ebit": "247000000", "ebitda": "764000000", "netIncome": "109000000"}, {"fiscalDateEnding": "2019-06-30", "reportedCurrency": "USD", "grossProfit": "1186000000", "totalRevenue": "2265000000", "costOfRevenue": "1079000000", "costofGoodsAndServicesSold": "1079000000", "operatingIncome": "233000000", "sellingGeneralAndAdministrative": "230000000", "researchAndDevelopment": "396000000", "operatingExpenses": "975000000", "investmentIncomeNet": "None", "netInterestIncome": "-78000000", "interestIncome": "12000000", "interestExpense": "98000000", "nonInterestIncome": "None", "otherNonOperatingIncome": "None", "depreciation": "None", "depreciationAndAmortization": "517000000", "incomeBeforeTax": "148000000", "incomeTaxExpense": "28000000", "interestAndDebtExpense": "None", "netIncomeFromContinuingOperations": "46000000", "comprehensiveIncomeNetOfTax": "None", "ebit": "250000000", "ebitda": "767000000", "netIncome": "109000000"}, {"fiscalDateEnding": "2019-03-31", "reportedCurrency": "USD", "grossProfit": "1151000000", "totalRevenue": "2217000000", "costOfRevenue": "1066000000", "costofGoodsAndServicesSold": "1066000000", "operatingIncome": "157000000", "sellingGeneralAndAdministrative": "248000000", "researchAndDevelopment": "408000000", "operatingExpenses": "993000000", "investmentIncomeNet": "None", "netInterestIncome": "-77000000", "interestIncome": "13000000", "interestExpense": "89000000", "nonInterestIncome": "None", "otherNonOperatingIncome": "None", "depreciation": "None", "depreciationAndAmortization": "506000000", "incomeBeforeTax": "68000000", "incomeTaxExpense": "21000000", "interestAndDebtExpense": "None", "netIncomeFromContinuingOperations": "-16000000", "comprehensiveIncomeNetOfTax": "None", "ebit": "157000000", "ebitda": "663000000", "netIncome": "41000000"}, {"fiscalDateEnding": "2018-12-31", "reportedCurrency": "USD", "grossProfit": "1072000000", "totalRevenue": "2094000000", "costOfRevenue": "1022000000", "costofGoodsAndServicesSold": "1022000000", "operatingIncome": "54000000", "sellingGeneralAndAdministrative": "250000000", "researchAndDevelopment": "415000000", "operatingExpenses": "1020000000", "investmentIncomeNet": "None", "netInterestIncome": "None", "interestIncome": "None", "interestExpense": "87000000", "nonInterestIncome": "None", "otherNonOperatingIncome": "None", "depreciation": "None", "depreciationAndAmortization": "502000000", "incomeBeforeTax": "-29000000", "incomeTaxExpense": "-9000000", "interestAndDebtExpense": "None", "netIncomeFromContinuingOperations": "289000000", "comprehensiveIncomeNetOfTax": "None", "ebit": "61000000", "ebitda": "563000000", "netIncome": "-21000000"}, {"fiscalDateEnding": "2018-09-30", "reportedCurrency": "USD", "grossProfit": "1243000000", "totalRevenue": "2403000000", "costOfRevenue": "1160000000", "costofGoodsAndServicesSold": "1160000000", "operatingIncome": "224000000", "sellingGeneralAndAdministrative": "226000000", "researchAndDevelopment": "403000000", "operatingExpenses": "1018000000", "investmentIncomeNet": "None", "netInterestIncome": "None", "interestIncome": "None", "interestExpense": "76000000", "nonInterestIncome": "None", "otherNonOperatingIncome": "None", "depreciation": "None", "depreciationAndAmortization": "503000000", "incomeBeforeTax": "147000000", "incomeTaxExpense": "-141000000", "interestAndDebtExpense": "None", "netIncomeFromContinuingOperations": "1833000000", "comprehensiveIncomeNetOfTax": "None", "ebit": "225000000", "ebitda": "728000000", "netIncome": "276000000"}, {"fiscalDateEnding": "2018-06-30", "reportedCurrency": "USD", "grossProfit": "1256000000", "totalRevenue": "2445000000", "costOfRevenue": "1189000000", "costofGoodsAndServicesSold": "1189000000", "operatingIncome": "2211000000", "sellingGeneralAndAdministrative": "228000000", "researchAndDevelopment": "433000000", "operatingExpenses": "1047000000", "investmentIncomeNet": "None", "netInterestIncome": "None", "interestIncome": "None", "interestExpense": "61000000", "nonInterestIncome": "None", "otherNonOperatingIncome": "None", "depreciation": "None", "depreciationAndAmortization": "497000000", "incomeBeforeTax": "2092000000", "incomeTaxExpense": "311000000", "interestAndDebtExpense": "None", "netIncomeFromContinuingOperations": "66000000", "comprehensiveIncomeNetOfTax": "None", "ebit": "2153000000", "ebitda": "2650000000", "netIncome": "1820000000"}, {"fiscalDateEnding": "2018-03-31", "reportedCurrency": "USD", "grossProfit": "1180000000", "totalRevenue": "2290000000", "costOfRevenue": "1110000000", "costofGoodsAndServicesSold": "1110000000", "operatingIncome": "137000000", "sellingGeneralAndAdministrative": "222000000", "researchAndDevelopment": "438000000", "operatingExpenses": "1043000000", "investmentIncomeNet": "None", "netInterestIncome": "None", "interestIncome": "None", "interestExpense": "61000000", "nonInterestIncome": "None", "otherNonOperatingIncome": "None", "depreciation": "None", "depreciationAndAmortization": "496000000", "incomeBeforeTax": "66000000", "incomeTaxExpense": "4000000", "interestAndDebtExpense": "None", "netIncomeFromContinuingOperations": "70000000", "comprehensiveIncomeNetOfTax": "None", "ebit": "127000000", "ebitda": "623000000", "netIncome": "54000000"}, {"fiscalDateEnding": "2017-12-31", "reportedCurrency": "USD", "grossProfit": "1172000000", "totalRevenue": "2269000000", "costOfRevenue": "1097000000", "costofGoodsAndServicesSold": "1097000000", "operatingIncome": "138000000", "sellingGeneralAndAdministrative": "651000000", "researchAndDevelopment": "426000000", "operatingExpenses": "1034000000", "investmentIncomeNet": "None", "netInterestIncome": "None", "interestIncome": "None", "interestExpense": "75000000", "nonInterestIncome": "None", "otherNonOperatingIncome": "None", "depreciation": "None", "depreciationAndAmortization": "491000000", "incomeBeforeTax": "70000000", "incomeTaxExpense": "2000000", "interestAndDebtExpense": "None", "netIncomeFromContinuingOperations": "-1616000000", "comprehensiveIncomeNetOfTax": "None", "ebit": "137000000", "ebitda": "628000000", "netIncome": "58000000"}, {"fiscalDateEnding": "2017-09-30", "reportedCurrency": "USD", "grossProfit": "1242000000", "totalRevenue": "2456000000", "costOfRevenue": "1214000000", "costofGoodsAndServicesSold": "1214000000", "operatingIncome": "210000000", "sellingGeneralAndAdministrative": "637000000", "researchAndDevelopment": "414000000", "operatingExpenses": "1030000000", "investmentIncomeNet": "None", "netInterestIncome": "None", "interestIncome": "None", "interestExpense": "73000000", "nonInterestIncome": "None", "otherNonOperatingIncome": "None", "depreciation": "None", "depreciationAndAmortization": "542000000", "incomeBeforeTax": "131000000", "incomeTaxExpense": "-629000000", "interestAndDebtExpense": "None", "netIncomeFromContinuingOperations": "7779000000", "comprehensiveIncomeNetOfTax": "None", "ebit": "197000000", "ebitda": "739000000", "netIncome": "753000000"}, {"fiscalDateEnding": "2017-06-30", "reportedCurrency": "USD", "grossProfit": "1215000000", "totalRevenue": "2387000000", "costOfRevenue": "1172000000", "costofGoodsAndServicesSold": "1172000000", "operatingIncome": "163000000", "sellingGeneralAndAdministrative": "608000000", "researchAndDevelopment": "392000000", "operatingExpenses": "1047000000", "investmentIncomeNet": "None", "netInterestIncome": "None", "interestIncome": "None", "interestExpense": "76000000", "nonInterestIncome": "None", "otherNonOperatingIncome": "None", "depreciation": "None", "depreciationAndAmortization": "537000000", "incomeBeforeTax": "87000000", "incomeTaxExpense": "-30000000", "interestAndDebtExpense": "None", "netIncomeFromContinuingOperations": "-5209000000", "comprehensiveIncomeNetOfTax": "None", "ebit": "163000000", "ebitda": "700000000", "netIncome": "108000000"}, {"fiscalDateEnding": "2017-03-31", "reportedCurrency": "USD", "grossProfit": "1083000000", "totalRevenue": "2202000000", "costOfRevenue": "1119000000", "costofGoodsAndServicesSold": "1119000000", "operatingIncome": "50000000", "sellingGeneralAndAdministrative": "612000000", "researchAndDevelopment": "381000000", "operatingExpenses": "1017000000", "investmentIncomeNet": "None", "netInterestIncome": "None", "interestIncome": "None", "interestExpense": "75000000", "nonInterestIncome": "None", "otherNonOperatingIncome": "None", "depreciation": "None", "depreciationAndAmortization": "560000000", "incomeBeforeTax": "-25000000", "incomeTaxExpense": "-54000000", "interestAndDebtExpense": "None", "netIncomeFromContinuingOperations": "1318000000", "comprehensiveIncomeNetOfTax": "None", "ebit": "50000000", "ebitda": "610000000", "netIncome": "49000000"}, {"fiscalDateEnding": "2016-12-31", "reportedCurrency": "USD", "grossProfit": "1079000000", "totalRevenue": "2211000000", "costOfRevenue": "1132000000", "costofGoodsAndServicesSold": "1132000000", "operatingIncome": "1679000000", "sellingGeneralAndAdministrative": "627000000", "researchAndDevelopment": "367000000", "operatingExpenses": "998000000", "investmentIncomeNet": "None", "netInterestIncome": "None", "interestIncome": "None", "interestExpense": "86000000", "nonInterestIncome": "None", "otherNonOperatingIncome": "None", "depreciation": "None", "depreciationAndAmortization": "534000000", "incomeBeforeTax": "1543000000", "incomeTaxExpense": "230000000", "interestAndDebtExpense": "None", "netIncomeFromContinuingOperations": "259000000", "comprehensiveIncomeNetOfTax": "None", "ebit": "1629000000", "ebitda": "2163000000", "netIncome": "1305000000"}, {"fiscalDateEnding": "2016-09-30", "reportedCurrency": "USD", "grossProfit": "1189000000", "totalRevenue": "2440000000", "costOfRevenue": "1251000000", "costofGoodsAndServicesSold": "1251000000", "operatingIncome": "173000000", "sellingGeneralAndAdministrative": "635000000", "researchAndDevelopment": "362000000", "operatingExpenses": "1017000000", "investmentIncomeNet": "None", "netInterestIncome": "None", "interestIncome": "None", "interestExpense": "100000000", "nonInterestIncome": "None", "otherNonOperatingIncome": "None", "depreciation": "None", "depreciationAndAmortization": "530000000", "incomeBeforeTax": "77000000", "incomeTaxExpense": "-64000000", "interestAndDebtExpense": "None", "netIncomeFromContinuingOperations": "0", "comprehensiveIncomeNetOfTax": "None", "ebit": "178000000", "ebitda": "708000000", "netIncome": "128000000"}, {"fiscalDateEnding": "2016-06-30", "reportedCurrency": "USD", "grossProfit": "1184000000", "totalRevenue": "2469000000", "costOfRevenue": "1285000000", "costofGoodsAndServicesSold": "1285000000", "operatingIncome": "174000000", "sellingGeneralAndAdministrative": "658000000", "researchAndDevelopment": "379000000", "operatingExpenses": "1010000000", "investmentIncomeNet": "None", "netInterestIncome": "None", "interestIncome": "None", "interestExpense": "100000000", "nonInterestIncome": "None", "otherNonOperatingIncome": "None", "depreciation": "None", "depreciationAndAmortization": "526000000", "incomeBeforeTax": "59000000", "incomeTaxExpense": "-44000000", "interestAndDebtExpense": "None", "netIncomeFromContinuingOperations": "0", "comprehensiveIncomeNetOfTax": "None", "ebit": "171000000", "ebitda": "697000000", "netIncome": "91000000"}, {"fiscalDateEnding": "2016-03-31", "reportedCurrency": "USD", "grossProfit": "1099000000", "totalRevenue": "2365000000", "costOfRevenue": "1266000000", "costofGoodsAndServicesSold": "1266000000", "operatingIncome": "-26000000", "sellingGeneralAndAdministrative": "678000000", "researchAndDevelopment": "416000000", "operatingExpenses": "1135000000", "investmentIncomeNet": "None", "netInterestIncome": "None", "interestIncome": "None", "interestExpense": "101000000", "nonInterestIncome": "None", "otherNonOperatingIncome": "None", "depreciation": "None", "depreciationAndAmortization": "620000000", "incomeBeforeTax": "-152000000", "incomeTaxExpense": "-152000000", "interestAndDebtExpense": "None", "netIncomeFromContinuingOperations": "0", "comprehensiveIncomeNetOfTax": "None", "ebit": "-51000000", "ebitda": "569000000", "netIncome": "-13000000"}, {"fiscalDateEnding": "2015-12-31", "reportedCurrency": "USD", "grossProfit": "597000000", "totalRevenue": "2224000000", "costOfRevenue": "1627000000", "costofGoodsAndServicesSold": "1627000000", "operatingIncome": "-471000000", "sellingGeneralAndAdministrative": "429000000", "researchAndDevelopment": "403000000", "operatingExpenses": "1066000000", "investmentIncomeNet": "None", "netInterestIncome": "None", "interestIncome": "None", "interestExpense": "107000000", "nonInterestIncome": "None", "otherNonOperatingIncome": "None", "depreciation": "None", "depreciationAndAmortization": "529000000", "incomeBeforeTax": "-587000000", "incomeTaxExpense": "-199000000", "interestAndDebtExpense": "None", "netIncomeFromContinuingOperations": "1599000000", "comprehensiveIncomeNetOfTax": "None", "ebit": "-480000000", "ebitda": "49000000", "netIncome": "-398000000"}, {"fiscalDateEnding": "2015-09-30", "reportedCurrency": "USD", "grossProfit": "619000000", "totalRevenue": "1606000000", "costOfRevenue": "987000000", "costofGoodsAndServicesSold": "987000000", "operatingIncome": "1013000000", "sellingGeneralAndAdministrative": "336000000", "researchAndDevelopment": "318000000", "operatingExpenses": "864000000", "investmentIncomeNet": "None", "netInterestIncome": "None", "interestIncome": "None", "interestExpense": "78000000", "nonInterestIncome": "None", "otherNonOperatingIncome": "None", "depreciation": "None", "depreciationAndAmortization": "230000000", "incomeBeforeTax": "839000000", "incomeTaxExpense": "-148000000", "interestAndDebtExpense": "None", "netIncomeFromContinuingOperations": "0", "comprehensiveIncomeNetOfTax": "None", "ebit": "917000000", "ebitda": "1147000000", "netIncome": "972000000"}, {"fiscalDateEnding": "2015-06-30", "reportedCurrency": "USD", "grossProfit": "740000000", "totalRevenue": "1522000000", "costOfRevenue": "782000000", "costofGoodsAndServicesSold": "782000000", "operatingIncome": "375000000", "sellingGeneralAndAdministrative": "349000000", "researchAndDevelopment": "178000000", "operatingExpenses": "369000000", "investmentIncomeNet": "None", "netInterestIncome": "None", "interestIncome": "None", "interestExpense": "55000000", "nonInterestIncome": "None", "otherNonOperatingIncome": "None", "depreciation": "None", "depreciationAndAmortization": "94000000", "incomeBeforeTax": "391000000", "incomeTaxExpense": "15000000", "interestAndDebtExpense": "None", "netIncomeFromContinuingOperations": "0", "comprehensiveIncomeNetOfTax": "None", "ebit": "371000000", "ebitda": "465000000", "netIncome": "361000000"}, {"fiscalDateEnding": "2015-03-31", "reportedCurrency": "USD", "grossProfit": "724000000", "totalRevenue": "1506000000", "costOfRevenue": "782000000", "costofGoodsAndServicesSold": "782000000", "operatingIncome": "332000000", "sellingGeneralAndAdministrative": "361000000", "researchAndDevelopment": "195000000", "operatingExpenses": "393000000", "investmentIncomeNet": "None", "netInterestIncome": "None", "interestIncome": "None", "interestExpense": "47000000", "nonInterestIncome": "None", "otherNonOperatingIncome": "None", "depreciation": "None", "depreciationAndAmortization": "98000000", "incomeBeforeTax": "334000000", "incomeTaxExpense": "14000000", "interestAndDebtExpense": "None", "netIncomeFromContinuingOperations": "0", "comprehensiveIncomeNetOfTax": "None", "ebit": "323000000", "ebitda": "421000000", "netIncome": "300000000"}, {"fiscalDateEnding": "2014-12-31", "reportedCurrency": "USD", "grossProfit": "704000000", "totalRevenue": "1467000000", "costOfRevenue": "763000000", "costofGoodsAndServicesSold": "763000000", "operatingIncome": "295000000", "sellingGeneralAndAdministrative": "388000000", "researchAndDevelopment": "199000000", "operatingExpenses": "409000000", "investmentIncomeNet": "None", "netInterestIncome": "None", "interestIncome": "None", "interestExpense": "47000000", "nonInterestIncome": "None", "otherNonOperatingIncome": "None", "depreciation": "None", "depreciationAndAmortization": "95000000", "incomeBeforeTax": "-78000000", "incomeTaxExpense": "15000000", "interestAndDebtExpense": "None", "netIncomeFromContinuingOperations": "607000000", "comprehensiveIncomeNetOfTax": "None", "ebit": "295000000", "ebitda": "390000000", "netIncome": "-107000000"}, {"fiscalDateEnding": "2014-09-30", "reportedCurrency": "USD", "grossProfit": "704000000", "totalRevenue": "1537000000", "costOfRevenue": "833000000", "costofGoodsAndServicesSold": "833000000", "operatingIncome": "310000000", "sellingGeneralAndAdministrative": "407000000", "researchAndDevelopment": "198000000", "operatingExpenses": "396000000", "investmentIncomeNet": "None", "netInterestIncome": "None", "interestIncome": "None", "interestExpense": "41000000", "nonInterestIncome": "None", "otherNonOperatingIncome": "None", "depreciation": "None", "depreciationAndAmortization": "97000000", "incomeBeforeTax": "173000000", "incomeTaxExpense": "9000000", "interestAndDebtExpense": "None", "netIncomeFromContinuingOperations": "0", "comprehensiveIncomeNetOfTax": "None", "ebit": "401000000", "ebitda": "498000000", "netIncome": "149000000"}, {"fiscalDateEnding": "2014-06-30", "reportedCurrency": "USD", "grossProfit": "713000000", "totalRevenue": "1515000000", "costOfRevenue": "802000000", "costofGoodsAndServicesSold": "802000000", "operatingIncome": "307000000", "sellingGeneralAndAdministrative": "400000000", "researchAndDevelopment": "196000000", "operatingExpenses": "407000000", "investmentIncomeNet": "None", "netInterestIncome": "None", "interestIncome": "None", "interestExpense": "34000000", "nonInterestIncome": "None", "otherNonOperatingIncome": "None", "depreciation": "None", "depreciationAndAmortization": "103000000", "incomeBeforeTax": "139000000", "incomeTaxExpense": "4000000", "interestAndDebtExpense": "None", "netIncomeFromContinuingOperations": "0", "comprehensiveIncomeNetOfTax": "None", "ebit": "306000000", "ebitda": "409000000", "netIncome": "121000000"}, {"fiscalDateEnding": "2014-03-31", "reportedCurrency": "USD", "grossProfit": "638000000", "totalRevenue": "1349000000", "costOfRevenue": "711000000", "costofGoodsAndServicesSold": "711000000", "operatingIncome": "249000000", "sellingGeneralAndAdministrative": "392000000", "researchAndDevelopment": "180000000", "operatingExpenses": "396000000", "investmentIncomeNet": "None", "netInterestIncome": "None", "interestIncome": "None", "interestExpense": "35000000", "nonInterestIncome": "None", "otherNonOperatingIncome": "None", "depreciation": "None", "depreciationAndAmortization": "103000000", "incomeBeforeTax": "189000000", "incomeTaxExpense": "12000000", "interestAndDebtExpense": "None", "netIncomeFromContinuingOperations": "0", "comprehensiveIncomeNetOfTax": "None", "ebit": "248000000", "ebitda": "351000000", "netIncome": "159000000"}, {"fiscalDateEnding": "2013-12-31", "reportedCurrency": "USD", "grossProfit": "585000000", "totalRevenue": "1246000000", "costOfRevenue": "661000000", "costofGoodsAndServicesSold": "661000000", "operatingIncome": "183000000", "sellingGeneralAndAdministrative": "388000000", "researchAndDevelopment": "189000000", "operatingExpenses": "402000000", "investmentIncomeNet": "None", "netInterestIncome": "None", "interestIncome": "None", "interestExpense": "35000000", "nonInterestIncome": "None", "otherNonOperatingIncome": "None", "depreciation": "None", "depreciationAndAmortization": "102000000", "incomeBeforeTax": "138000000", "incomeTaxExpense": "15000000", "interestAndDebtExpense": "None", "netIncomeFromContinuingOperations": "0", "comprehensiveIncomeNetOfTax": "None", "ebit": "220000000", "ebitda": "322000000", "netIncome": "110000000"}, {"fiscalDateEnding": "2013-09-30", "reportedCurrency": "USD", "grossProfit": "589000000", "totalRevenue": "1293000000", "costOfRevenue": "704000000", "costofGoodsAndServicesSold": "704000000", "operatingIncome": "198000000", "sellingGeneralAndAdministrative": "386000000", "researchAndDevelopment": "168000000", "operatingExpenses": "392000000", "investmentIncomeNet": "None", "netInterestIncome": "None", "interestIncome": "None", "interestExpense": "45000000", "nonInterestIncome": "None", "otherNonOperatingIncome": "None", "depreciation": "None", "depreciationAndAmortization": "113000000", "incomeBeforeTax": "119000000", "incomeTaxExpense": "10000000", "interestAndDebtExpense": "None", "netIncomeFromContinuingOperations": "0", "comprehensiveIncomeNetOfTax": "None", "ebit": "197000000", "ebitda": "310000000", "netIncome": "96000000"}, {"fiscalDateEnding": "2013-06-30", "reportedCurrency": "USD", "grossProfit": "570000000", "totalRevenue": "1249000000", "costOfRevenue": "679000000", "costofGoodsAndServicesSold": "679000000", "operatingIncome": "168000000", "sellingGeneralAndAdministrative": "370000000", "researchAndDevelopment": "163000000", "operatingExpenses": "402000000", "investmentIncomeNet": "None", "netInterestIncome": "None", "interestIncome": "None", "interestExpense": "45000000", "nonInterestIncome": "None", "otherNonOperatingIncome": "None", "depreciation": "None", "depreciationAndAmortization": "137000000", "incomeBeforeTax": "171000000", "incomeTaxExpense": "1000000", "interestAndDebtExpense": "None", "netIncomeFromContinuingOperations": "0", "comprehensiveIncomeNetOfTax": "None", "ebit": "181000000", "ebitda": "318000000", "netIncome": "155000000"}, {"fiscalDateEnding": "2013-03-31", "reportedCurrency": "USD", "grossProfit": "483000000", "totalRevenue": "1085000000", "costOfRevenue": "602000000", "costofGoodsAndServicesSold": "602000000", "operatingIncome": "115000000", "sellingGeneralAndAdministrative": "373000000", "researchAndDevelopment": "153000000", "operatingExpenses": "375000000", "investmentIncomeNet": "None", "netInterestIncome": "None", "interestIncome": "None", "interestExpense": "62000000", "nonInterestIncome": "None", "otherNonOperatingIncome": "None", "depreciation": "None", "depreciationAndAmortization": "132000000", "incomeBeforeTax": "-37000000", "incomeTaxExpense": "11000000", "interestAndDebtExpense": "None", "netIncomeFromContinuingOperations": "0", "comprehensiveIncomeNetOfTax": "None", "ebit": "198000000", "ebitda": "330000000", "netIncome": "-14000000"}, {"fiscalDateEnding": "2012-12-31", "reportedCurrency": "USD", "grossProfit": "490000000", "totalRevenue": "1116000000", "costOfRevenue": "626000000", "costofGoodsAndServicesSold": "626000000", "operatingIncome": "33000000", "sellingGeneralAndAdministrative": "381000000", "researchAndDevelopment": "171000000", "operatingExpenses": "459000000", "investmentIncomeNet": "None", "netInterestIncome": "None", "interestIncome": "None", "interestExpense": "70000000", "nonInterestIncome": "None", "otherNonOperatingIncome": "None", "depreciation": "None", "depreciationAndAmortization": "132000000", "incomeBeforeTax": "-120000000", "incomeTaxExpense": "-7000000", "interestAndDebtExpense": "None", "netIncomeFromContinuingOperations": "0", "comprehensiveIncomeNetOfTax": "None", "ebit": "114000000", "ebitda": "246000000", "netIncome": "-116000000"}, {"fiscalDateEnding": "2012-09-30", "reportedCurrency": "USD", "grossProfit": "490000000", "totalRevenue": "1116000000", "costOfRevenue": "626000000", "costofGoodsAndServicesSold": "626000000", "operatingIncome": "33000000", "sellingGeneralAndAdministrative": "385000000", "researchAndDevelopment": "171000000", "operatingExpenses": "459000000", "investmentIncomeNet": "None", "netInterestIncome": "None", "interestIncome": "None", "interestExpense": "67000000", "nonInterestIncome": "None", "otherNonOperatingIncome": "None", "depreciation": "None", "depreciationAndAmortization": "132000000", "incomeBeforeTax": "-120000000", "incomeTaxExpense": "-7000000", "interestAndDebtExpense": "None", "netIncomeFromContinuingOperations": "0", "comprehensiveIncomeNetOfTax": "None", "ebit": "31000000", "ebitda": "163000000", "netIncome": "-116000000"}, {"fiscalDateEnding": "2012-06-30", "reportedCurrency": "USD", "grossProfit": "536000000", "totalRevenue": "1170000000", "costOfRevenue": "634000000", "costofGoodsAndServicesSold": "634000000", "operatingIncome": "168000000", "sellingGeneralAndAdministrative": "386000000", "researchAndDevelopment": "153000000", "operatingExpenses": "389000000", "investmentIncomeNet": "None", "netInterestIncome": "None", "interestIncome": "None", "interestExpense": "67000000", "nonInterestIncome": "None", "otherNonOperatingIncome": "None", "depreciation": "None", "depreciationAndAmortization": "128000000", "incomeBeforeTax": "135000000", "incomeTaxExpense": "6000000", "interestAndDebtExpense": "None", "netIncomeFromContinuingOperations": "0", "comprehensiveIncomeNetOfTax": "None", "ebit": "165000000", "ebitda": "293000000", "netIncome": "115000000"}, {"fiscalDateEnding": "2012-03-31", "reportedCurrency": "USD", "grossProfit": "424000000", "totalRevenue": "978000000", "costOfRevenue": "554000000", "costofGoodsAndServicesSold": "554000000", "operatingIncome": "55000000", "sellingGeneralAndAdministrative": "364000000", "researchAndDevelopment": "148000000", "operatingExpenses": "370000000", "investmentIncomeNet": "None", "netInterestIncome": "None", "interestIncome": "None", "interestExpense": "77000000", "nonInterestIncome": "None", "otherNonOperatingIncome": "None", "depreciation": "None", "depreciationAndAmortization": "134000000", "incomeBeforeTax": "-18000000", "incomeTaxExpense": "-5000000", "interestAndDebtExpense": "None", "netIncomeFromContinuingOperations": "0", "comprehensiveIncomeNetOfTax": "None", "ebit": "55000000", "ebitda": "189000000", "netIncome": "-24000000"}, {"fiscalDateEnding": "2011-12-31", "reportedCurrency": "USD", "grossProfit": "389000000", "totalRevenue": "931000000", "costOfRevenue": "542000000", "costofGoodsAndServicesSold": "542000000", "operatingIncome": "7000000", "sellingGeneralAndAdministrative": "163000000", "researchAndDevelopment": "151000000", "operatingExpenses": "386000000", "investmentIncomeNet": "None", "netInterestIncome": "None", "interestIncome": "None", "interestExpense": "75000000", "nonInterestIncome": "None", "otherNonOperatingIncome": "None", "depreciation": "None", "depreciationAndAmortization": "151000000", "incomeBeforeTax": "-158000000", "incomeTaxExpense": "2000000", "interestAndDebtExpense": "None", "netIncomeFromContinuingOperations": "0", "comprehensiveIncomeNetOfTax": "None", "ebit": "86000000", "ebitda": "237000000", "netIncome": "-182000000"}, {"fiscalDateEnding": "2011-09-30", "reportedCurrency": "USD", "grossProfit": "389000000", "totalRevenue": "931000000", "costOfRevenue": "542000000", "costofGoodsAndServicesSold": "542000000", "operatingIncome": "7000000", "sellingGeneralAndAdministrative": "163000000", "researchAndDevelopment": "151000000", "operatingExpenses": "386000000", "investmentIncomeNet": "None", "netInterestIncome": "None", "interestIncome": "None", "interestExpense": "75000000", "nonInterestIncome": "None", "otherNonOperatingIncome": "None", "depreciation": "None", "depreciationAndAmortization": "151000000", "incomeBeforeTax": "-158000000", "incomeTaxExpense": "2000000", "interestAndDebtExpense": "None", "netIncomeFromContinuingOperations": "0", "comprehensiveIncomeNetOfTax": "None", "ebit": "-83000000", "ebitda": "68000000", "netIncome": "-182000000"}, {"fiscalDateEnding": "2011-06-30", "reportedCurrency": "USD", "grossProfit": "523000000", "totalRevenue": "1121000000", "costOfRevenue": "598000000", "costofGoodsAndServicesSold": "598000000", "operatingIncome": "133000000", "sellingGeneralAndAdministrative": "156000000", "researchAndDevelopment": "165000000", "operatingExpenses": "390000000", "investmentIncomeNet": "None", "netInterestIncome": "None", "interestIncome": "None", "interestExpense": "80000000", "nonInterestIncome": "None", "otherNonOperatingIncome": "None", "depreciation": "None", "depreciationAndAmortization": "143000000", "incomeBeforeTax": "114000000", "incomeTaxExpense": "30000000", "interestAndDebtExpense": "None", "netIncomeFromContinuingOperations": "0", "comprehensiveIncomeNetOfTax": "None", "ebit": "133000000", "ebitda": "276000000", "netIncome": "84000000"}, {"fiscalDateEnding": "2011-03-31", "reportedCurrency": "USD", "grossProfit": "506000000", "totalRevenue": "1082000000", "costOfRevenue": "576000000", "costofGoodsAndServicesSold": "576000000", "operatingIncome": "108000000", "sellingGeneralAndAdministrative": "169000000", "researchAndDevelopment": "154000000", "operatingExpenses": "398000000", "investmentIncomeNet": "None", "netInterestIncome": "None", "interestIncome": "None", "interestExpense": "82000000", "nonInterestIncome": "None", "otherNonOperatingIncome": "None", "depreciation": "None", "depreciationAndAmortization": "145000000", "incomeBeforeTax": "209000000", "incomeTaxExpense": "-1000000", "interestAndDebtExpense": "None", "netIncomeFromContinuingOperations": "0", "comprehensiveIncomeNetOfTax": "None", "ebit": "108000000", "ebitda": "253000000", "netIncome": "187000000"}, {"fiscalDateEnding": "2010-12-31", "reportedCurrency": "USD", "grossProfit": "416000000", "totalRevenue": "823000000", "costOfRevenue": "407000000", "costofGoodsAndServicesSold": "407000000", "operatingIncome": "50000000", "sellingGeneralAndAdministrative": "169000000", "researchAndDevelopment": "128000000", "operatingExpenses": "350000000", "investmentIncomeNet": "None", "netInterestIncome": "None", "interestIncome": "None", "interestExpense": "81000000", "nonInterestIncome": "None", "otherNonOperatingIncome": "None", "depreciation": "None", "depreciationAndAmortization": "160000000", "incomeBeforeTax": "-142000000", "incomeTaxExpense": "-13000000", "interestAndDebtExpense": "None", "netIncomeFromContinuingOperations": "0", "comprehensiveIncomeNetOfTax": "None", "ebit": "-61000000", "ebitda": "99000000", "netIncome": "-118000000"}, {"fiscalDateEnding": "2010-09-30", "reportedCurrency": "USD", "grossProfit": "507000000", "totalRevenue": "1213000000", "costOfRevenue": "706000000", "costofGoodsAndServicesSold": "706000000", "operatingIncome": "130000000", "sellingGeneralAndAdministrative": "165000000", "researchAndDevelopment": "149000000", "operatingExpenses": "377000000", "investmentIncomeNet": "None", "netInterestIncome": "None", "interestIncome": "None", "interestExpense": "81000000", "nonInterestIncome": "None", "otherNonOperatingIncome": "None", "depreciation": "None", "depreciationAndAmortization": "162000000", "incomeBeforeTax": "409000000", "incomeTaxExpense": "28000000", "interestAndDebtExpense": "None", "netIncomeFromContinuingOperations": "0", "comprehensiveIncomeNetOfTax": "None", "ebit": "131000000", "ebitda": "293000000", "netIncome": "369000000"}, {"fiscalDateEnding": "2010-06-30", "reportedCurrency": "USD", "grossProfit": "472000000", "totalRevenue": "1201000000", "costOfRevenue": "729000000", "costofGoodsAndServicesSold": "729000000", "operatingIncome": "93000000", "sellingGeneralAndAdministrative": "176000000", "researchAndDevelopment": "137000000", "operatingExpenses": "379000000", "investmentIncomeNet": "None", "netInterestIncome": "None", "interestIncome": "None", "interestExpense": "413000000", "nonInterestIncome": "None", "otherNonOperatingIncome": "None", "depreciation": "None", "depreciationAndAmortization": "169000000", "incomeBeforeTax": "-320000000", "incomeTaxExpense": "1000000", "interestAndDebtExpense": "None", "netIncomeFromContinuingOperations": "334000000", "comprehensiveIncomeNetOfTax": "None", "ebit": "93000000", "ebitda": "262000000", "netIncome": "-362000000"}, {"fiscalDateEnding": "2010-03-31", "reportedCurrency": "USD", "grossProfit": "428000000", "totalRevenue": "1165000000", "costOfRevenue": "737000000", "costofGoodsAndServicesSold": "737000000", "operatingIncome": "-222000000", "sellingGeneralAndAdministrative": "191000000", "researchAndDevelopment": "154000000", "operatingExpenses": "428000000", "investmentIncomeNet": "None", "netInterestIncome": "None", "interestIncome": "None", "interestExpense": "80000000", "nonInterestIncome": "None", "otherNonOperatingIncome": "None", "depreciation": "None", "depreciationAndAmortization": "193000000", "incomeBeforeTax": "-302000000", "incomeTaxExpense": "8000000", "interestAndDebtExpense": "None", "netIncomeFromContinuingOperations": "-334000000", "comprehensiveIncomeNetOfTax": "None", "ebit": "-23000000", "ebitda": "170000000", "netIncome": "-345000000"}, {"fiscalDateEnding": "2009-12-31", "reportedCurrency": "USD", "grossProfit": "393000000", "totalRevenue": "1161000000", "costOfRevenue": "768000000", "costofGoodsAndServicesSold": "768000000", "operatingIncome": "-211000000", "sellingGeneralAndAdministrative": "241000000", "researchAndDevelopment": "230000000", "operatingExpenses": "523000000", "investmentIncomeNet": "None", "netInterestIncome": "None", "interestIncome": "None", "interestExpense": "85000000", "nonInterestIncome": "None", "otherNonOperatingIncome": "None", "depreciation": "None", "depreciationAndAmortization": "207000000", "incomeBeforeTax": "-372000000", "incomeTaxExpense": "-6000000", "interestAndDebtExpense": "None", "netIncomeFromContinuingOperations": "0", "comprehensiveIncomeNetOfTax": "None", "ebit": "-287000000", "ebitda": "-80000000", "netIncome": "-376000000"}, {"fiscalDateEnding": "2009-09-30", "reportedCurrency": "USD", "grossProfit": "322000000", "totalRevenue": "1077000000", "costOfRevenue": "755000000", "costofGoodsAndServicesSold": "755000000", "operatingIncome": "-129000000", "sellingGeneralAndAdministrative": "160000000", "researchAndDevelopment": "172000000", "operatingExpenses": "451000000", "investmentIncomeNet": "None", "netInterestIncome": "None", "interestIncome": "None", "interestExpense": "83000000", "nonInterestIncome": "None", "otherNonOperatingIncome": "None", "depreciation": "None", "depreciationAndAmortization": "198000000", "incomeBeforeTax": "441000000", "incomeTaxExpense": "13000000", "interestAndDebtExpense": "None", "netIncomeFromContinuingOperations": "0", "comprehensiveIncomeNetOfTax": "None", "ebit": "524000000", "ebitda": "722000000", "netIncome": "418000000"}, {"fiscalDateEnding": "2009-06-30", "reportedCurrency": "USD", "grossProfit": "186000000", "totalRevenue": "903000000", "costOfRevenue": "717000000", "costofGoodsAndServicesSold": "717000000", "operatingIncome": "-217000000", "sellingGeneralAndAdministrative": "164000000", "researchAndDevelopment": "188000000", "operatingExpenses": "403000000", "investmentIncomeNet": "None", "netInterestIncome": "None", "interestIncome": "None", "interestExpense": "65000000", "nonInterestIncome": "None", "otherNonOperatingIncome": "None", "depreciation": "None", "depreciationAndAmortization": "253000000", "incomeBeforeTax": "365000000", "incomeTaxExpense": "2000000", "interestAndDebtExpense": "None", "netIncomeFromContinuingOperations": "0", "comprehensiveIncomeNetOfTax": "None", "ebit": "-217000000", "ebitda": "36000000", "netIncome": "358000000"}, {"fiscalDateEnding": "2009-03-31", "reportedCurrency": "USD", "grossProfit": "68000000", "totalRevenue": "702000000", "costOfRevenue": "634000000", "costofGoodsAndServicesSold": "634000000", "operatingIncome": "-347000000", "sellingGeneralAndAdministrative": "173000000", "researchAndDevelopment": "187000000", "operatingExpenses": "415000000", "investmentIncomeNet": "None", "netInterestIncome": "None", "interestIncome": "None", "interestExpense": "104000000", "nonInterestIncome": "None", "otherNonOperatingIncome": "None", "depreciation": "None", "depreciationAndAmortization": "211000000", "incomeBeforeTax": "-656000000", "incomeTaxExpense": "8000000", "interestAndDebtExpense": "None", "netIncomeFromContinuingOperations": "0", "comprehensiveIncomeNetOfTax": "None", "ebit": "-552000000", "ebitda": "-341000000", "netIncome": "-579000000"}, {"fiscalDateEnding": "2008-12-31", "reportedCurrency": "USD", "grossProfit": "2836000000", "totalRevenue": "5443000000", "costOfRevenue": "2607000000", "costofGoodsAndServicesSold": "2607000000", "operatingIncome": "0", "sellingGeneralAndAdministrative": "2520000000", "researchAndDevelopment": "1225000000", "operatingExpenses": "0", "investmentIncomeNet": "None", "netInterestIncome": "None", "interestIncome": "None", "interestExpense": "502000000", "nonInterestIncome": "None", "otherNonOperatingIncome": "None", "depreciation": "None", "depreciationAndAmortization": "None", "incomeBeforeTax": "0", "incomeTaxExpense": "46000000", "interestAndDebtExpense": "None", "netIncomeFromContinuingOperations": "0", "comprehensiveIncomeNetOfTax": "None", "ebit": "0", "ebitda": "None", "netIncome": "0"}]}