{"symbol": "NI", "annualReports": [{"fiscalDateEnding": "2024-12-31", "reportedCurrency": "USD", "grossProfit": "2807700000", "totalRevenue": "5455100000", "costOfRevenue": "2647400000", "costofGoodsAndServicesSold": "2647400000", "operatingIncome": "1455500000", "sellingGeneralAndAdministrative": "13500000", "researchAndDevelopment": "None", "operatingExpenses": "1352200000", "investmentIncomeNet": "None", "netInterestIncome": "-506800000", "interestIncome": "10400000", "interestExpense": "523100000", "nonInterestIncome": "None", "otherNonOperatingIncome": "None", "depreciation": "None", "depreciationAndAmortization": "1043200000", "incomeBeforeTax": "1002800000", "incomeTaxExpense": "242400000", "interestAndDebtExpense": "None", "netIncomeFromContinuingOperations": "844700000", "comprehensiveIncomeNetOfTax": "None", "ebit": "1525900000", "ebitda": "2569100000", "netIncome": "760400000"}, {"fiscalDateEnding": "2023-12-31", "reportedCurrency": "USD", "grossProfit": "2488500000", "totalRevenue": "5505400000", "costOfRevenue": "3016900000", "costofGoodsAndServicesSold": "3016900000", "operatingIncome": "1295500000", "sellingGeneralAndAdministrative": "24000000", "researchAndDevelopment": "None", "operatingExpenses": "1181700000", "investmentIncomeNet": "None", "netInterestIncome": "-480600000", "interestIncome": "9000000", "interestExpense": "489600000", "nonInterestIncome": "None", "otherNonOperatingIncome": "None", "depreciation": "None", "depreciationAndAmortization": "908200000", "incomeBeforeTax": "813900000", "incomeTaxExpense": "139500000", "interestAndDebtExpense": "None", "netIncomeFromContinuingOperations": "674400000", "comprehensiveIncomeNetOfTax": "None", "ebit": "1303500000", "ebitda": "2211700000", "netIncome": "714300000"}, {"fiscalDateEnding": "2022-12-31", "reportedCurrency": "USD", "grossProfit": "2250700000", "totalRevenue": "5850600000", "costOfRevenue": "3599900000", "costofGoodsAndServicesSold": "3599900000", "operatingIncome": "1265800000", "sellingGeneralAndAdministrative": "27600000", "researchAndDevelopment": "None", "operatingExpenses": "1089100000", "investmentIncomeNet": "None", "netInterestIncome": "-357300000", "interestIncome": "4300000", "interestExpense": "360500000", "nonInterestIncome": "None", "otherNonOperatingIncome": "52200000", "depreciation": "None", "depreciationAndAmortization": "820800000", "incomeBeforeTax": "956400000", "incomeTaxExpense": "164600000", "interestAndDebtExpense": "None", "netIncomeFromContinuingOperations": "791800000", "comprehensiveIncomeNetOfTax": "None", "ebit": "1318000000", "ebitda": "2138800000", "netIncome": "804100000"}, {"fiscalDateEnding": "2021-12-31", "reportedCurrency": "USD", "grossProfit": "2051300000", "totalRevenue": "4899600000", "costOfRevenue": "2848300000", "costofGoodsAndServicesSold": "2848300000", "operatingIncome": "1006900000", "sellingGeneralAndAdministrative": "35500000", "researchAndDevelopment": "None", "operatingExpenses": "1036700000", "investmentIncomeNet": "None", "netInterestIncome": "-337100000", "interestIncome": "4000000", "interestExpense": "332400000", "nonInterestIncome": "None", "otherNonOperatingIncome": "40800000", "depreciation": "None", "depreciationAndAmortization": "748400000", "incomeBeforeTax": "706600000", "incomeTaxExpense": "117800000", "interestAndDebtExpense": "None", "netIncomeFromContinuingOperations": "588800000", "comprehensiveIncomeNetOfTax": "None", "ebit": "1047700000", "ebitda": "1796100000", "netIncome": "584900000"}, {"fiscalDateEnding": "2020-12-31", "reportedCurrency": "USD", "grossProfit": "1986500000", "totalRevenue": "4681700000", "costOfRevenue": "2695200000", "costofGoodsAndServicesSold": "2695200000", "operatingIncome": "976300000", "sellingGeneralAndAdministrative": "9300000", "researchAndDevelopment": "None", "operatingExpenses": "1025100000", "investmentIncomeNet": "None", "netInterestIncome": "-355300000", "interestIncome": "356400000", "interestExpense": "361900000", "nonInterestIncome": "None", "otherNonOperatingIncome": "-211400000", "depreciation": "None", "depreciationAndAmortization": "725900000", "incomeBeforeTax": "-31300000", "incomeTaxExpense": "-17100000", "interestAndDebtExpense": "None", "netIncomeFromContinuingOperations": "-14200000", "comprehensiveIncomeNetOfTax": "None", "ebit": "339400000", "ebitda": "1065300000", "netIncome": "-14200000"}, {"fiscalDateEnding": "2019-12-31", "reportedCurrency": "USD", "grossProfit": "2319400000", "totalRevenue": "5208900000", "costOfRevenue": "2889500000", "costofGoodsAndServicesSold": "2889500000", "operatingIncome": "1289200000", "sellingGeneralAndAdministrative": "3186300000", "researchAndDevelopment": "None", "operatingExpenses": "1014200000", "investmentIncomeNet": "None", "netInterestIncome": "-363200000", "interestIncome": "7700000", "interestExpense": "371000000", "nonInterestIncome": "None", "otherNonOperatingIncome": "-5200000", "depreciation": "None", "depreciationAndAmortization": "717400000", "incomeBeforeTax": "506600000", "incomeTaxExpense": "123500000", "interestAndDebtExpense": "None", "netIncomeFromContinuingOperations": "383100000", "comprehensiveIncomeNetOfTax": "None", "ebit": "885500000", "ebitda": "1602900000", "netIncome": "383100000"}, {"fiscalDateEnding": "2018-12-31", "reportedCurrency": "USD", "grossProfit": "1000300000", "totalRevenue": "5114500000", "costOfRevenue": "4114200000", "costofGoodsAndServicesSold": "4114200000", "operatingIncome": "124700000", "sellingGeneralAndAdministrative": "4389000000", "researchAndDevelopment": "0", "operatingExpenses": "874400000", "investmentIncomeNet": "None", "netInterestIncome": "-332500000", "interestIncome": "6600000", "interestExpense": "364900000", "nonInterestIncome": "None", "otherNonOperatingIncome": "-2000000", "depreciation": "None", "depreciationAndAmortization": "599600000", "incomeBeforeTax": "-230600000", "incomeTaxExpense": "-180000000", "interestAndDebtExpense": "None", "netIncomeFromContinuingOperations": "-50600000", "comprehensiveIncomeNetOfTax": "None", "ebit": "122700000", "ebitda": "722300000", "netIncome": "-50600000"}, {"fiscalDateEnding": "2017-12-31", "reportedCurrency": "USD", "grossProfit": "1743600000", "totalRevenue": "4874600000", "costOfRevenue": "3131000000", "costofGoodsAndServicesSold": "3131000000", "operatingIncome": "910600000", "sellingGeneralAndAdministrative": "3388200000", "researchAndDevelopment": "0", "operatingExpenses": "827500000", "investmentIncomeNet": "None", "netInterestIncome": "-336000000", "interestIncome": "4600000", "interestExpense": "363500000", "nonInterestIncome": "None", "otherNonOperatingIncome": "-114300000", "depreciation": "None", "depreciationAndAmortization": "570300000", "incomeBeforeTax": "443100000", "incomeTaxExpense": "314500000", "interestAndDebtExpense": "None", "netIncomeFromContinuingOperations": "128600000", "comprehensiveIncomeNetOfTax": "None", "ebit": "796300000", "ebitda": "1366600000", "netIncome": "128500000"}, {"fiscalDateEnding": "2016-12-31", "reportedCurrency": "USD", "grossProfit": "1648600000", "totalRevenue": "4492500000", "costOfRevenue": "2843900000", "costofGoodsAndServicesSold": "2843900000", "operatingIncome": "858200000", "sellingGeneralAndAdministrative": "1698000000", "researchAndDevelopment": "0", "operatingExpenses": "791400000", "investmentIncomeNet": "None", "netInterestIncome": "-334500000", "interestIncome": "3400000", "interestExpense": "355900000", "nonInterestIncome": "None", "otherNonOperatingIncome": "1500000", "depreciation": "None", "depreciationAndAmortization": "547100000", "incomeBeforeTax": "510200000", "incomeTaxExpense": "182100000", "interestAndDebtExpense": "None", "netIncomeFromContinuingOperations": "328100000", "comprehensiveIncomeNetOfTax": "None", "ebit": "859700000", "ebitda": "1406800000", "netIncome": "331500000"}, {"fiscalDateEnding": "2015-12-31", "reportedCurrency": "USD", "grossProfit": "1582000000", "totalRevenue": "4651800000", "costOfRevenue": "3069800000", "costofGoodsAndServicesSold": "3069800000", "operatingIncome": "799900000", "sellingGeneralAndAdministrative": "1682200000", "researchAndDevelopment": "0", "operatingExpenses": "780500000", "investmentIncomeNet": "None", "netInterestIncome": "None", "interestIncome": "373500000", "interestExpense": "380200000", "nonInterestIncome": "None", "otherNonOperatingIncome": "-79800000", "depreciation": "None", "depreciationAndAmortization": "524400000", "incomeBeforeTax": "339900000", "incomeTaxExpense": "141300000", "interestAndDebtExpense": "None", "netIncomeFromContinuingOperations": "198600000", "comprehensiveIncomeNetOfTax": "None", "ebit": "720100000", "ebitda": "1244500000", "netIncome": "286500000"}, {"fiscalDateEnding": "2014-12-31", "reportedCurrency": "USD", "grossProfit": "2110100000", "totalRevenue": "6470600000", "costOfRevenue": "4360500000", "costofGoodsAndServicesSold": "4360500000", "operatingIncome": "1262400000", "sellingGeneralAndAdministrative": "2456600000", "researchAndDevelopment": "0", "operatingExpenses": "925800000", "investmentIncomeNet": "None", "netInterestIncome": "None", "interestIncome": "None", "interestExpense": "430200000", "nonInterestIncome": "None", "otherNonOperatingIncome": "22300000", "depreciation": "None", "depreciationAndAmortization": "605500000", "incomeBeforeTax": "841100000", "incomeTaxExpense": "310400000", "interestAndDebtExpense": "None", "netIncomeFromContinuingOperations": "530700000", "comprehensiveIncomeNetOfTax": "None", "ebit": "1284700000", "ebitda": "1890200000", "netIncome": "530000000"}, {"fiscalDateEnding": "2013-12-31", "reportedCurrency": "USD", "grossProfit": "1967900000", "totalRevenue": "5657300000", "costOfRevenue": "3689400000", "costofGoodsAndServicesSold": "3689400000", "operatingIncome": "1143400000", "sellingGeneralAndAdministrative": "2174500000", "researchAndDevelopment": "31300000", "operatingExpenses": "877900000", "investmentIncomeNet": "None", "netInterestIncome": "None", "interestIncome": "None", "interestExpense": "398400000", "nonInterestIncome": "None", "otherNonOperatingIncome": "24200000", "depreciation": "None", "depreciationAndAmortization": "577300000", "incomeBeforeTax": "752800000", "incomeTaxExpense": "261900000", "interestAndDebtExpense": "None", "netIncomeFromContinuingOperations": "490900000", "comprehensiveIncomeNetOfTax": "None", "ebit": "1166000000", "ebitda": "1743300000", "netIncome": "532100000"}, {"fiscalDateEnding": "2012-12-31", "reportedCurrency": "USD", "grossProfit": "1856900000", "totalRevenue": "5061200000", "costOfRevenue": "3204300000", "costofGoodsAndServicesSold": "3204300000", "operatingIncome": "1042700000", "sellingGeneralAndAdministrative": "1951100000", "researchAndDevelopment": "30600000", "operatingExpenses": "850200000", "investmentIncomeNet": "None", "netInterestIncome": "None", "interestIncome": "None", "interestExpense": "397800000", "nonInterestIncome": "None", "otherNonOperatingIncome": "1700000", "depreciation": "None", "depreciationAndAmortization": "561900000", "incomeBeforeTax": "626100000", "incomeTaxExpense": "215500000", "interestAndDebtExpense": "None", "netIncomeFromContinuingOperations": "410600000", "comprehensiveIncomeNetOfTax": "None", "ebit": "1041800000", "ebitda": "1603700000", "netIncome": "416100000"}, {"fiscalDateEnding": "2011-12-31", "reportedCurrency": "USD", "grossProfit": "3462700000", "totalRevenue": "6019100000", "costOfRevenue": "2556400000", "costofGoodsAndServicesSold": "2556400000", "operatingIncome": "905100000", "sellingGeneralAndAdministrative": "0", "researchAndDevelopment": "0", "operatingExpenses": "2555400000", "investmentIncomeNet": "None", "netInterestIncome": "None", "interestIncome": "None", "interestExpense": "376800000", "nonInterestIncome": "None", "otherNonOperatingIncome": "None", "depreciation": "None", "depreciationAndAmortization": "538200000", "incomeBeforeTax": "467100000", "incomeTaxExpense": "163300000", "interestAndDebtExpense": "None", "netIncomeFromContinuingOperations": "None", "comprehensiveIncomeNetOfTax": "None", "ebit": "841300000", "ebitda": "1379500000", "netIncome": "299100000"}, {"fiscalDateEnding": "2010-12-31", "reportedCurrency": "USD", "grossProfit": "3447900000", "totalRevenue": "6422000000", "costOfRevenue": "2974100000", "costofGoodsAndServicesSold": "2974100000", "operatingIncome": "921300000", "sellingGeneralAndAdministrative": "1943300000", "researchAndDevelopment": "0", "operatingExpenses": "2541600000", "investmentIncomeNet": "None", "netInterestIncome": "None", "interestIncome": "None", "interestExpense": "392300000", "nonInterestIncome": "None", "otherNonOperatingIncome": "-92900000", "depreciation": "None", "depreciationAndAmortization": "596300000", "incomeBeforeTax": "436100000", "incomeTaxExpense": "141500000", "interestAndDebtExpense": "None", "netIncomeFromContinuingOperations": "294600000", "comprehensiveIncomeNetOfTax": "None", "ebit": "825800000", "ebitda": "1422100000", "netIncome": "292000000"}, {"fiscalDateEnding": "2009-12-31", "reportedCurrency": "USD", "grossProfit": "3331400000", "totalRevenue": "6649400000", "costOfRevenue": "3318000000", "costofGoodsAndServicesSold": "3318000000", "operatingIncome": "801900000", "sellingGeneralAndAdministrative": "None", "researchAndDevelopment": "None", "operatingExpenses": "2526300000", "investmentIncomeNet": "None", "netInterestIncome": "None", "interestIncome": "None", "interestExpense": "399000000", "nonInterestIncome": "None", "otherNonOperatingIncome": "None", "depreciation": "None", "depreciationAndAmortization": "589000000", "incomeBeforeTax": "397000000", "incomeTaxExpense": "165800000", "interestAndDebtExpense": "None", "netIncomeFromContinuingOperations": "None", "comprehensiveIncomeNetOfTax": "None", "ebit": "796000000", "ebitda": "1385000000", "netIncome": "217700000"}, {"fiscalDateEnding": "2008-12-31", "reportedCurrency": "USD", "grossProfit": "8874200000", "totalRevenue": "8874200000", "costOfRevenue": "7406600000", "costofGoodsAndServicesSold": "7406600000", "operatingIncome": "905400000", "sellingGeneralAndAdministrative": "None", "researchAndDevelopment": "None", "operatingExpenses": "7968800000", "investmentIncomeNet": "None", "netInterestIncome": "None", "interestIncome": "None", "interestExpense": "380100000", "nonInterestIncome": "None", "otherNonOperatingIncome": "None", "depreciation": "None", "depreciationAndAmortization": "567200000", "incomeBeforeTax": "555200000", "incomeTaxExpense": "185400000", "interestAndDebtExpense": "None", "netIncomeFromContinuingOperations": "None", "comprehensiveIncomeNetOfTax": "None", "ebit": "935300000", "ebitda": "1502500000", "netIncome": "79000000"}, {"fiscalDateEnding": "2007-12-31", "reportedCurrency": "USD", "grossProfit": "7939800000", "totalRevenue": "7939800000", "costOfRevenue": "6441900000", "costofGoodsAndServicesSold": "6441900000", "operatingIncome": "881900000", "sellingGeneralAndAdministrative": "None", "researchAndDevelopment": "None", "operatingExpenses": "7057900000", "investmentIncomeNet": "None", "netInterestIncome": "None", "interestIncome": "None", "interestExpense": "0", "nonInterestIncome": "None", "otherNonOperatingIncome": "None", "depreciation": "None", "depreciationAndAmortization": "566500000", "incomeBeforeTax": "484100000", "incomeTaxExpense": "172100000", "interestAndDebtExpense": "None", "netIncomeFromContinuingOperations": "None", "comprehensiveIncomeNetOfTax": "None", "ebit": "840400000", "ebitda": "1406900000", "netIncome": "321400000"}, {"fiscalDateEnding": "2006-12-31", "reportedCurrency": "USD", "grossProfit": "7490000000", "totalRevenue": "7490000000", "costOfRevenue": "6036200000", "costofGoodsAndServicesSold": "6036200000", "operatingIncome": "891600000", "sellingGeneralAndAdministrative": "None", "researchAndDevelopment": "None", "operatingExpenses": "6598400000", "investmentIncomeNet": "None", "netInterestIncome": "None", "interestIncome": "None", "interestExpense": "0", "nonInterestIncome": "None", "otherNonOperatingIncome": "None", "depreciation": "None", "depreciationAndAmortization": "556900000", "incomeBeforeTax": "484300000", "incomeTaxExpense": "170800000", "interestAndDebtExpense": "None", "netIncomeFromContinuingOperations": "None", "comprehensiveIncomeNetOfTax": "None", "ebit": "927400000", "ebitda": "1484300000", "netIncome": "282200000"}, {"fiscalDateEnding": "2005-12-31", "reportedCurrency": "USD", "grossProfit": "7899100000", "totalRevenue": "7899100000", "costOfRevenue": "6390200000", "costofGoodsAndServicesSold": "6390200000", "operatingIncome": "975000000", "sellingGeneralAndAdministrative": "None", "researchAndDevelopment": "None", "operatingExpenses": "6924100000", "investmentIncomeNet": "None", "netInterestIncome": "None", "interestIncome": "None", "interestExpense": "0", "nonInterestIncome": "None", "otherNonOperatingIncome": "None", "depreciation": "None", "depreciationAndAmortization": "562700000", "incomeBeforeTax": "433000000", "incomeTaxExpense": "149400000", "interestAndDebtExpense": "None", "netIncomeFromContinuingOperations": "None", "comprehensiveIncomeNetOfTax": "None", "ebit": "1091800000", "ebitda": "1654500000", "netIncome": "306500000"}], "quarterlyReports": [{"fiscalDateEnding": "2024-12-31", "reportedCurrency": "USD", "grossProfit": "789500000", "totalRevenue": "1587800000", "costOfRevenue": "798300000", "costofGoodsAndServicesSold": "798300000", "operatingIncome": "416800000", "sellingGeneralAndAdministrative": "3300000", "researchAndDevelopment": "None", "operatingExpenses": "372700000", "investmentIncomeNet": "None", "netInterestIncome": "-134400000", "interestIncome": "2600000", "interestExpense": "142900000", "nonInterestIncome": "None", "otherNonOperatingIncome": "None", "depreciation": "None", "depreciationAndAmortization": "278100000", "incomeBeforeTax": "292900000", "incomeTaxExpense": "48600000", "interestAndDebtExpense": "None", "netIncomeFromContinuingOperations": "244300000", "comprehensiveIncomeNetOfTax": "None", "ebit": "435800000", "ebitda": "713900000", "netIncome": "223900000"}, {"fiscalDateEnding": "2024-09-30", "reportedCurrency": "USD", "grossProfit": "553000000", "totalRevenue": "1076300000", "costOfRevenue": "523300000", "costofGoodsAndServicesSold": "523300000", "operatingIncome": "218300000", "sellingGeneralAndAdministrative": "5900000", "researchAndDevelopment": "None", "operatingExpenses": "334700000", "investmentIncomeNet": "None", "netInterestIncome": "-131200000", "interestIncome": "3400000", "interestExpense": "134600000", "nonInterestIncome": "None", "otherNonOperatingIncome": "None", "depreciation": "None", "depreciationAndAmortization": "269500000", "incomeBeforeTax": "112900000", "incomeTaxExpense": "15900000", "interestAndDebtExpense": "None", "netIncomeFromContinuingOperations": "97000000", "comprehensiveIncomeNetOfTax": "None", "ebit": "247500000", "ebitda": "517000000", "netIncome": "85700000"}, {"fiscalDateEnding": "2024-06-30", "reportedCurrency": "USD", "grossProfit": "666500000", "totalRevenue": "1084700000", "costOfRevenue": "418200000", "costofGoodsAndServicesSold": "418200000", "operatingIncome": "241500000", "sellingGeneralAndAdministrative": "2100000", "researchAndDevelopment": "None", "operatingExpenses": "425000000", "investmentIncomeNet": "None", "netInterestIncome": "-127400000", "interestIncome": "1900000", "interestExpense": "129300000", "nonInterestIncome": "None", "otherNonOperatingIncome": "None", "depreciation": "None", "depreciationAndAmortization": "253500000", "incomeBeforeTax": "120700000", "incomeTaxExpense": "17600000", "interestAndDebtExpense": "None", "netIncomeFromContinuingOperations": "103100000", "comprehensiveIncomeNetOfTax": "None", "ebit": "239400000", "ebitda": "492900000", "netIncome": "85800000"}, {"fiscalDateEnding": "2024-03-31", "reportedCurrency": "USD", "grossProfit": "902900000", "totalRevenue": "1706300000", "costOfRevenue": "803400000", "costofGoodsAndServicesSold": "803400000", "operatingIncome": "583400000", "sellingGeneralAndAdministrative": "2200000", "researchAndDevelopment": "None", "operatingExpenses": "321700000", "investmentIncomeNet": "None", "netInterestIncome": "-113800000", "interestIncome": "2500000", "interestExpense": "116300000", "nonInterestIncome": "None", "otherNonOperatingIncome": "None", "depreciation": "None", "depreciationAndAmortization": "242100000", "incomeBeforeTax": "476300000", "incomeTaxExpense": "76000000", "interestAndDebtExpense": "None", "netIncomeFromContinuingOperations": "400300000", "comprehensiveIncomeNetOfTax": "None", "ebit": "581200000", "ebitda": "823300000", "netIncome": "365000000"}, {"fiscalDateEnding": "2023-12-31", "reportedCurrency": "USD", "grossProfit": "694000000", "totalRevenue": "1422000000", "costOfRevenue": "728000000", "costofGoodsAndServicesSold": "728000000", "operatingIncome": "362600000", "sellingGeneralAndAdministrative": "5800000", "researchAndDevelopment": "None", "operatingExpenses": "328000000", "investmentIncomeNet": "None", "netInterestIncome": "-138300000", "interestIncome": "2700000", "interestExpense": "152600000", "nonInterestIncome": "None", "otherNonOperatingIncome": "None", "depreciation": "None", "depreciationAndAmortization": "257300000", "incomeBeforeTax": "227700000", "incomeTaxExpense": "35800000", "interestAndDebtExpense": "None", "netIncomeFromContinuingOperations": "191900000", "comprehensiveIncomeNetOfTax": "None", "ebit": "368700000", "ebitda": "626000000", "netIncome": "237400000"}, {"fiscalDateEnding": "2023-09-30", "reportedCurrency": "USD", "grossProfit": "504900000", "totalRevenue": "1027400000", "costOfRevenue": "522500000", "costofGoodsAndServicesSold": "522500000", "operatingIncome": "233000000", "sellingGeneralAndAdministrative": "9800000", "researchAndDevelopment": "None", "operatingExpenses": "272100000", "investmentIncomeNet": "None", "netInterestIncome": "-126500000", "interestIncome": "126500000", "interestExpense": "129200000", "nonInterestIncome": "None", "otherNonOperatingIncome": "None", "depreciation": "None", "depreciationAndAmortization": "210900000", "incomeBeforeTax": "102200000", "incomeTaxExpense": "3800000", "interestAndDebtExpense": "None", "netIncomeFromContinuingOperations": "98400000", "comprehensiveIncomeNetOfTax": "None", "ebit": "223000000", "ebitda": "433900000", "netIncome": "85100000"}, {"fiscalDateEnding": "2023-06-30", "reportedCurrency": "USD", "grossProfit": "468600000", "totalRevenue": "1090000000", "costOfRevenue": "621400000", "costofGoodsAndServicesSold": "621400000", "operatingIncome": "168900000", "sellingGeneralAndAdministrative": "4900000", "researchAndDevelopment": "None", "operatingExpenses": "300000000", "investmentIncomeNet": "None", "netInterestIncome": "-108700000", "interestIncome": "108700000", "interestExpense": "110500000", "nonInterestIncome": "None", "otherNonOperatingIncome": "2000000", "depreciation": "None", "depreciationAndAmortization": "233100000", "incomeBeforeTax": "60400000", "incomeTaxExpense": "14100000", "interestAndDebtExpense": "None", "netIncomeFromContinuingOperations": "46300000", "comprehensiveIncomeNetOfTax": "None", "ebit": "163700000", "ebitda": "396800000", "netIncome": "58800000"}, {"fiscalDateEnding": "2023-03-31", "reportedCurrency": "USD", "grossProfit": "809700000", "totalRevenue": "1966000000", "costOfRevenue": "1156300000", "costofGoodsAndServicesSold": "1156300000", "operatingIncome": "531000000", "sellingGeneralAndAdministrative": "3500000", "researchAndDevelopment": "None", "operatingExpenses": "278700000", "investmentIncomeNet": "None", "netInterestIncome": "-107100000", "interestIncome": "107100000", "interestExpense": "108900000", "nonInterestIncome": "None", "otherNonOperatingIncome": "1500000", "depreciation": "None", "depreciationAndAmortization": "206900000", "incomeBeforeTax": "423600000", "incomeTaxExpense": "85800000", "interestAndDebtExpense": "None", "netIncomeFromContinuingOperations": "337800000", "comprehensiveIncomeNetOfTax": "None", "ebit": "532500000", "ebitda": "739400000", "netIncome": "333000000"}, {"fiscalDateEnding": "2022-12-31", "reportedCurrency": "USD", "grossProfit": "650000000", "totalRevenue": "1704600000", "costOfRevenue": "1054600000", "costofGoodsAndServicesSold": "1054600000", "operatingIncome": "365500000", "sellingGeneralAndAdministrative": "10000000", "researchAndDevelopment": "None", "operatingExpenses": "284500000", "investmentIncomeNet": "None", "netInterestIncome": "-101100000", "interestIncome": "700000", "interestExpense": "112400000", "nonInterestIncome": "None", "otherNonOperatingIncome": "22200000", "depreciation": "None", "depreciationAndAmortization": "216200000", "incomeBeforeTax": "285900000", "incomeTaxExpense": "44700000", "interestAndDebtExpense": "None", "netIncomeFromContinuingOperations": "241200000", "comprehensiveIncomeNetOfTax": "None", "ebit": "398300000", "ebitda": "614500000", "netIncome": "244500000"}, {"fiscalDateEnding": "2022-09-30", "reportedCurrency": "USD", "grossProfit": "410800000", "totalRevenue": "1089500000", "costOfRevenue": "678700000", "costofGoodsAndServicesSold": "678700000", "operatingIncome": "156700000", "sellingGeneralAndAdministrative": "None", "researchAndDevelopment": "None", "operatingExpenses": "254400000", "investmentIncomeNet": "None", "netInterestIncome": "-89500000", "interestIncome": "89500000", "interestExpense": "91600000", "nonInterestIncome": "None", "otherNonOperatingIncome": "10100000", "depreciation": "None", "depreciationAndAmortization": "203200000", "incomeBeforeTax": "75200000", "incomeTaxExpense": "11700000", "interestAndDebtExpense": "None", "netIncomeFromContinuingOperations": "63500000", "comprehensiveIncomeNetOfTax": "None", "ebit": "161700000", "ebitda": "364900000", "netIncome": "65800000"}, {"fiscalDateEnding": "2022-06-30", "reportedCurrency": "USD", "grossProfit": "417600000", "totalRevenue": "1183200000", "costOfRevenue": "765600000", "costofGoodsAndServicesSold": "765600000", "operatingIncome": "143300000", "sellingGeneralAndAdministrative": "None", "researchAndDevelopment": "None", "operatingExpenses": "274300000", "investmentIncomeNet": "None", "netInterestIncome": "-83900000", "interestIncome": "600000", "interestExpense": "84500000", "nonInterestIncome": "None", "otherNonOperatingIncome": "9000000", "depreciation": "None", "depreciationAndAmortization": "208700000", "incomeBeforeTax": "67800000", "incomeTaxExpense": "12000000", "interestAndDebtExpense": "None", "netIncomeFromContinuingOperations": "55800000", "comprehensiveIncomeNetOfTax": "None", "ebit": "148000000", "ebitda": "356700000", "netIncome": "67000000"}, {"fiscalDateEnding": "2022-03-31", "reportedCurrency": "USD", "grossProfit": "772300000", "totalRevenue": "1873300000", "costOfRevenue": "1101000000", "costofGoodsAndServicesSold": "1101000000", "operatingIncome": "600300000", "sellingGeneralAndAdministrative": "None", "researchAndDevelopment": "None", "operatingExpenses": "277000000", "investmentIncomeNet": "None", "netInterestIncome": "-82800000", "interestIncome": "900000", "interestExpense": "83700000", "nonInterestIncome": "None", "otherNonOperatingIncome": "10900000", "depreciation": "None", "depreciationAndAmortization": "192700000", "incomeBeforeTax": "527500000", "incomeTaxExpense": "96200000", "interestAndDebtExpense": "None", "netIncomeFromContinuingOperations": "431300000", "comprehensiveIncomeNetOfTax": "None", "ebit": "502900000", "ebitda": "695600000", "netIncome": "426800000"}, {"fiscalDateEnding": "2021-12-31", "reportedCurrency": "USD", "grossProfit": "549100000", "totalRevenue": "1408600000", "costOfRevenue": "859500000", "costofGoodsAndServicesSold": "859500000", "operatingIncome": "284400000", "sellingGeneralAndAdministrative": "None", "researchAndDevelopment": "None", "operatingExpenses": "263900000", "investmentIncomeNet": "None", "netInterestIncome": "-86300000", "interestIncome": "1300000", "interestExpense": "78900000", "nonInterestIncome": "None", "otherNonOperatingIncome": "3600000", "depreciation": "None", "depreciationAndAmortization": "188200000", "incomeBeforeTax": "200400000", "incomeTaxExpense": "27200000", "interestAndDebtExpense": "None", "netIncomeFromContinuingOperations": "173200000", "comprehensiveIncomeNetOfTax": "None", "ebit": "288000000", "ebitda": "476200000", "netIncome": "165900000"}, {"fiscalDateEnding": "2021-09-30", "reportedCurrency": "USD", "grossProfit": "400000000", "totalRevenue": "959400000", "costOfRevenue": "559400000", "costofGoodsAndServicesSold": "559400000", "operatingIncome": "147100000", "sellingGeneralAndAdministrative": "None", "researchAndDevelopment": "None", "operatingExpenses": "254000000", "investmentIncomeNet": "None", "netInterestIncome": "-83300000", "interestIncome": "1100000", "interestExpense": "84400000", "nonInterestIncome": "None", "otherNonOperatingIncome": "14300000", "depreciation": "None", "depreciationAndAmortization": "188900000", "incomeBeforeTax": "77000000", "incomeTaxExpense": "14800000", "interestAndDebtExpense": "None", "netIncomeFromContinuingOperations": "62200000", "comprehensiveIncomeNetOfTax": "None", "ebit": "155300000", "ebitda": "344200000", "netIncome": "63200000"}, {"fiscalDateEnding": "2021-06-30", "reportedCurrency": "USD", "grossProfit": "394900000", "totalRevenue": "986000000", "costOfRevenue": "591100000", "costofGoodsAndServicesSold": "591100000", "operatingIncome": "142200000", "sellingGeneralAndAdministrative": "None", "researchAndDevelopment": "None", "operatingExpenses": "252800000", "investmentIncomeNet": "None", "netInterestIncome": "-83800000", "interestIncome": "700000", "interestExpense": "84500000", "nonInterestIncome": "None", "otherNonOperatingIncome": "12400000", "depreciation": "None", "depreciationAndAmortization": "186300000", "incomeBeforeTax": "70100000", "incomeTaxExpense": "13200000", "interestAndDebtExpense": "None", "netIncomeFromContinuingOperations": "56900000", "comprehensiveIncomeNetOfTax": "None", "ebit": "150700000", "ebitda": "337000000", "netIncome": "60300000"}, {"fiscalDateEnding": "2021-03-31", "reportedCurrency": "USD", "grossProfit": "707300000", "totalRevenue": "1545600000", "costOfRevenue": "838300000", "costofGoodsAndServicesSold": "838300000", "operatingIncome": "433200000", "sellingGeneralAndAdministrative": "None", "researchAndDevelopment": "None", "operatingExpenses": "266000000", "investmentIncomeNet": "None", "netInterestIncome": "-82200000", "interestIncome": "900000", "interestExpense": "84600000", "nonInterestIncome": "None", "otherNonOperatingIncome": "10500000", "depreciation": "None", "depreciationAndAmortization": "185000000", "incomeBeforeTax": "359100000", "incomeTaxExpense": "62600000", "interestAndDebtExpense": "None", "netIncomeFromContinuingOperations": "296500000", "comprehensiveIncomeNetOfTax": "None", "ebit": "449800000", "ebitda": "634800000", "netIncome": "295500000"}, {"fiscalDateEnding": "2020-12-31", "reportedCurrency": "USD", "grossProfit": "487300000", "totalRevenue": "1211000000", "costOfRevenue": "723700000", "costofGoodsAndServicesSold": "723700000", "operatingIncome": "218100000", "sellingGeneralAndAdministrative": "None", "researchAndDevelopment": "None", "operatingExpenses": "258400000", "investmentIncomeNet": "None", "netInterestIncome": "-79500000", "interestIncome": "84500000", "interestExpense": "76800000", "nonInterestIncome": "None", "otherNonOperatingIncome": "12100000", "depreciation": "None", "depreciationAndAmortization": "183500000", "incomeBeforeTax": "144600000", "incomeTaxExpense": "56800000", "interestAndDebtExpense": "None", "netIncomeFromContinuingOperations": "87800000", "comprehensiveIncomeNetOfTax": "None", "ebit": "230200000", "ebitda": "413700000", "netIncome": "84400000"}, {"fiscalDateEnding": "2020-09-30", "reportedCurrency": "USD", "grossProfit": "379500000", "totalRevenue": "902500000", "costOfRevenue": "523000000", "costofGoodsAndServicesSold": "523000000", "operatingIncome": "92800000", "sellingGeneralAndAdministrative": "70200000", "researchAndDevelopment": "None", "operatingExpenses": "250800000", "investmentIncomeNet": "None", "netInterestIncome": "-92100000", "interestIncome": "93900000", "interestExpense": "95200000", "nonInterestIncome": "None", "otherNonOperatingIncome": "-235400000", "depreciation": "None", "depreciationAndAmortization": "180600000", "incomeBeforeTax": "-237800000", "incomeTaxExpense": "-64900000", "interestAndDebtExpense": "None", "netIncomeFromContinuingOperations": "-172900000", "comprehensiveIncomeNetOfTax": "None", "ebit": "-142600000", "ebitda": "38000000", "netIncome": "-172900000"}, {"fiscalDateEnding": "2020-06-30", "reportedCurrency": "USD", "grossProfit": "421200000", "totalRevenue": "962700000", "costOfRevenue": "541500000", "costofGoodsAndServicesSold": "541500000", "operatingIncome": "91700000", "sellingGeneralAndAdministrative": "68200000", "researchAndDevelopment": "None", "operatingExpenses": "245700000", "investmentIncomeNet": "None", "netInterestIncome": "-94200000", "interestIncome": "1400000", "interestExpense": "97000000", "nonInterestIncome": "None", "otherNonOperatingIncome": "6500000", "depreciation": "None", "depreciationAndAmortization": "177500000", "incomeBeforeTax": "1200000", "incomeTaxExpense": "5900000", "interestAndDebtExpense": "None", "netIncomeFromContinuingOperations": "-4700000", "comprehensiveIncomeNetOfTax": "None", "ebit": "178600000", "ebitda": "356100000", "netIncome": "-4700000"}, {"fiscalDateEnding": "2020-03-31", "reportedCurrency": "USD", "grossProfit": "698500000", "totalRevenue": "1605500000", "costOfRevenue": "907000000", "costofGoodsAndServicesSold": "907000000", "operatingIncome": "148200000", "sellingGeneralAndAdministrative": "85900000", "researchAndDevelopment": "None", "operatingExpenses": "270200000", "investmentIncomeNet": "None", "netInterestIncome": "-89500000", "interestIncome": "1700000", "interestExpense": "92900000", "nonInterestIncome": "None", "otherNonOperatingIncome": "5400000", "depreciation": "None", "depreciationAndAmortization": "184300000", "incomeBeforeTax": "60700000", "incomeTaxExpense": "-14900000", "interestAndDebtExpense": "None", "netIncomeFromContinuingOperations": "75600000", "comprehensiveIncomeNetOfTax": "None", "ebit": "431000000", "ebitda": "615300000", "netIncome": "75600000"}, {"fiscalDateEnding": "2019-12-31", "reportedCurrency": "USD", "grossProfit": "633700000", "totalRevenue": "1397200000", "costOfRevenue": "763500000", "costofGoodsAndServicesSold": "763500000", "operatingIncome": "-38000000", "sellingGeneralAndAdministrative": "2964400000", "researchAndDevelopment": "None", "operatingExpenses": "257100000", "investmentIncomeNet": "None", "netInterestIncome": "-90100000", "interestIncome": "2300000", "interestExpense": "85400000", "nonInterestIncome": "None", "otherNonOperatingIncome": "-5500000", "depreciation": "None", "depreciationAndAmortization": "182200000", "incomeBeforeTax": "-136800000", "incomeTaxExpense": "2500000", "interestAndDebtExpense": "None", "netIncomeFromContinuingOperations": "-139300000", "comprehensiveIncomeNetOfTax": "None", "ebit": "-43500000", "ebitda": "138700000", "netIncome": "-139300000"}, {"fiscalDateEnding": "2019-09-30", "reportedCurrency": "USD", "grossProfit": "340900000", "totalRevenue": "931500000", "costOfRevenue": "590600000", "costofGoodsAndServicesSold": "590600000", "operatingIncome": "91000000", "sellingGeneralAndAdministrative": "67900000", "researchAndDevelopment": "None", "operatingExpenses": "250100000", "investmentIncomeNet": "None", "netInterestIncome": "-90900000", "interestIncome": "2100000", "interestExpense": "95900000", "nonInterestIncome": "None", "otherNonOperatingIncome": "1300000", "depreciation": "None", "depreciationAndAmortization": "182200000", "incomeBeforeTax": "-3600000", "incomeTaxExpense": "-10200000", "interestAndDebtExpense": "None", "netIncomeFromContinuingOperations": "6600000", "comprehensiveIncomeNetOfTax": "None", "ebit": "88000000", "ebitda": "270200000", "netIncome": "6600000"}, {"fiscalDateEnding": "2019-06-30", "reportedCurrency": "USD", "grossProfit": "707700000", "totalRevenue": "1010400000", "costOfRevenue": "302700000", "costofGoodsAndServicesSold": "302700000", "operatingIncome": "463500000", "sellingGeneralAndAdministrative": "66400000", "researchAndDevelopment": "None", "operatingExpenses": "244300000", "investmentIncomeNet": "None", "netInterestIncome": "-90400000", "interestIncome": "1200000", "interestExpense": "94100000", "nonInterestIncome": "None", "otherNonOperatingIncome": "-300000", "depreciation": "None", "depreciationAndAmortization": "177900000", "incomeBeforeTax": "369100000", "incomeTaxExpense": "72200000", "interestAndDebtExpense": "None", "netIncomeFromContinuingOperations": "296900000", "comprehensiveIncomeNetOfTax": "None", "ebit": "460300000", "ebitda": "638200000", "netIncome": "296900000"}, {"fiscalDateEnding": "2019-03-31", "reportedCurrency": "USD", "grossProfit": "637100000", "totalRevenue": "1869800000", "costOfRevenue": "1232700000", "costofGoodsAndServicesSold": "1232700000", "operatingIncome": "374200000", "sellingGeneralAndAdministrative": "87600000", "researchAndDevelopment": "None", "operatingExpenses": "262700000", "investmentIncomeNet": "None", "netInterestIncome": "-91800000", "interestIncome": "93500000", "interestExpense": "95600000", "nonInterestIncome": "None", "otherNonOperatingIncome": "-700000", "depreciation": "None", "depreciationAndAmortization": "175100000", "incomeBeforeTax": "277900000", "incomeTaxExpense": "59000000", "interestAndDebtExpense": "None", "netIncomeFromContinuingOperations": "218900000", "comprehensiveIncomeNetOfTax": "None", "ebit": "371600000", "ebitda": "546700000", "netIncome": "218900000"}, {"fiscalDateEnding": "2018-12-31", "reportedCurrency": "USD", "grossProfit": "155700000", "totalRevenue": "1461700000", "costOfRevenue": "1306000000", "costofGoodsAndServicesSold": "1306000000", "operatingIncome": "-78400000", "sellingGeneralAndAdministrative": "3500900000", "researchAndDevelopment": "0", "operatingExpenses": "233300000", "investmentIncomeNet": "None", "netInterestIncome": "None", "interestIncome": "None", "interestExpense": "99700000", "nonInterestIncome": "None", "otherNonOperatingIncome": "1100000", "depreciation": "None", "depreciationAndAmortization": "161800000", "incomeBeforeTax": "-165400000", "incomeTaxExpense": "-153700000", "interestAndDebtExpense": "None", "netIncomeFromContinuingOperations": "-11700000", "comprehensiveIncomeNetOfTax": "None", "ebit": "-77300000", "ebitda": "84500000", "netIncome": "-11700000"}, {"fiscalDateEnding": "2018-09-30", "reportedCurrency": "USD", "grossProfit": "-107800000", "totalRevenue": "895000000", "costOfRevenue": "1002800000", "costofGoodsAndServicesSold": "1002800000", "operatingIncome": "-315900000", "sellingGeneralAndAdministrative": "1061700000", "researchAndDevelopment": "0", "operatingExpenses": "207400000", "investmentIncomeNet": "None", "netInterestIncome": "None", "interestIncome": "None", "interestExpense": "83400000", "nonInterestIncome": "None", "otherNonOperatingIncome": "-34700000", "depreciation": "None", "depreciationAndAmortization": "148500000", "incomeBeforeTax": "-434000000", "incomeTaxExpense": "-94500000", "interestAndDebtExpense": "None", "netIncomeFromContinuingOperations": "-339500000", "comprehensiveIncomeNetOfTax": "None", "ebit": "-350600000", "ebitda": "-202100000", "netIncome": "-339500000"}, {"fiscalDateEnding": "2018-06-30", "reportedCurrency": "USD", "grossProfit": "328500000", "totalRevenue": "1007000000", "costOfRevenue": "678500000", "costofGoodsAndServicesSold": "678500000", "operatingIncome": "118400000", "sellingGeneralAndAdministrative": "744000000", "researchAndDevelopment": "0", "operatingExpenses": "210100000", "investmentIncomeNet": "None", "netInterestIncome": "None", "interestIncome": "None", "interestExpense": "88700000", "nonInterestIncome": "None", "otherNonOperatingIncome": "300000", "depreciation": "None", "depreciationAndAmortization": "144600000", "incomeBeforeTax": "30000000", "incomeTaxExpense": "5500000", "interestAndDebtExpense": "None", "netIncomeFromContinuingOperations": "24500000", "comprehensiveIncomeNetOfTax": "None", "ebit": "124500000", "ebitda": "269100000", "netIncome": "24500000"}, {"fiscalDateEnding": "2018-03-31", "reportedCurrency": "USD", "grossProfit": "623900000", "totalRevenue": "1750800000", "costOfRevenue": "1126900000", "costofGoodsAndServicesSold": "1126900000", "operatingIncome": "400600000", "sellingGeneralAndAdministrative": "1205800000", "researchAndDevelopment": "0", "operatingExpenses": "223600000", "investmentIncomeNet": "None", "netInterestIncome": "None", "interestIncome": "None", "interestExpense": "93100000", "nonInterestIncome": "None", "otherNonOperatingIncome": "31300000", "depreciation": "None", "depreciationAndAmortization": "144700000", "incomeBeforeTax": "338800000", "incomeTaxExpense": "62700000", "interestAndDebtExpense": "None", "netIncomeFromContinuingOperations": "276100000", "comprehensiveIncomeNetOfTax": "None", "ebit": "406500000", "ebitda": "551200000", "netIncome": "276100000"}, {"fiscalDateEnding": "2017-12-31", "reportedCurrency": "USD", "grossProfit": "484900000", "totalRevenue": "1368300000", "costOfRevenue": "883400000", "costofGoodsAndServicesSold": "883400000", "operatingIncome": "270000000", "sellingGeneralAndAdministrative": "2013600000", "researchAndDevelopment": "0", "operatingExpenses": "209300000", "investmentIncomeNet": "None", "netInterestIncome": "None", "interestIncome": "None", "interestExpense": "102700000", "nonInterestIncome": "None", "otherNonOperatingIncome": "-12600000", "depreciation": "None", "depreciationAndAmortization": "141800000", "incomeBeforeTax": "165000000", "incomeTaxExpense": "217400000", "interestAndDebtExpense": "None", "netIncomeFromContinuingOperations": "-52400000", "comprehensiveIncomeNetOfTax": "None", "ebit": "257400000", "ebitda": "399200000", "netIncome": "-52400000"}, {"fiscalDateEnding": "2017-09-30", "reportedCurrency": "USD", "grossProfit": "300100000", "totalRevenue": "917000000", "costOfRevenue": "616900000", "costofGoodsAndServicesSold": "616900000", "operatingIncome": "99600000", "sellingGeneralAndAdministrative": "440800000", "researchAndDevelopment": "0", "operatingExpenses": "200500000", "investmentIncomeNet": "None", "netInterestIncome": "None", "interestIncome": "None", "interestExpense": "87900000", "nonInterestIncome": "None", "otherNonOperatingIncome": "4800000", "depreciation": "None", "depreciationAndAmortization": "143000000", "incomeBeforeTax": "16500000", "incomeTaxExpense": "2500000", "interestAndDebtExpense": "None", "netIncomeFromContinuingOperations": "14000000", "comprehensiveIncomeNetOfTax": "None", "ebit": "104400000", "ebitda": "247400000", "netIncome": "14000000"}, {"fiscalDateEnding": "2017-06-30", "reportedCurrency": "USD", "grossProfit": "322800000", "totalRevenue": "990700000", "costOfRevenue": "667900000", "costofGoodsAndServicesSold": "667900000", "operatingIncome": "124500000", "sellingGeneralAndAdministrative": "447300000", "researchAndDevelopment": "0", "operatingExpenses": "198400000", "investmentIncomeNet": "None", "netInterestIncome": "None", "interestIncome": "None", "interestExpense": "87700000", "nonInterestIncome": "None", "otherNonOperatingIncome": "-107700000", "depreciation": "None", "depreciationAndAmortization": "142200000", "incomeBeforeTax": "-70900000", "incomeTaxExpense": "-26600000", "interestAndDebtExpense": "None", "netIncomeFromContinuingOperations": "-44300000", "comprehensiveIncomeNetOfTax": "None", "ebit": "124400000", "ebitda": "266600000", "netIncome": "-44400000"}, {"fiscalDateEnding": "2017-03-31", "reportedCurrency": "USD", "grossProfit": "635800000", "totalRevenue": "1598600000", "costOfRevenue": "962800000", "costofGoodsAndServicesSold": "962800000", "operatingIncome": "416500000", "sellingGeneralAndAdministrative": "486500000", "researchAndDevelopment": "0", "operatingExpenses": "219300000", "investmentIncomeNet": "None", "netInterestIncome": "None", "interestIncome": "None", "interestExpense": "85200000", "nonInterestIncome": "None", "otherNonOperatingIncome": "1200000", "depreciation": "None", "depreciationAndAmortization": "143300000", "incomeBeforeTax": "332500000", "incomeTaxExpense": "121200000", "interestAndDebtExpense": "None", "netIncomeFromContinuingOperations": "211300000", "comprehensiveIncomeNetOfTax": "None", "ebit": "417700000", "ebitda": "561000000", "netIncome": "211300000"}, {"fiscalDateEnding": "2016-12-31", "reportedCurrency": "USD", "grossProfit": "431600000", "totalRevenue": "1297000000", "costOfRevenue": "865400000", "costofGoodsAndServicesSold": "865400000", "operatingIncome": "224900000", "sellingGeneralAndAdministrative": "491000000", "researchAndDevelopment": "0", "operatingExpenses": "207300000", "investmentIncomeNet": "None", "netInterestIncome": "None", "interestIncome": "None", "interestExpense": "94400000", "nonInterestIncome": "None", "otherNonOperatingIncome": "3400000", "depreciation": "None", "depreciationAndAmortization": "141100000", "incomeBeforeTax": "140300000", "incomeTaxExpense": "51500000", "interestAndDebtExpense": "None", "netIncomeFromContinuingOperations": "96000000", "comprehensiveIncomeNetOfTax": "None", "ebit": "227000000", "ebitda": "368100000", "netIncome": "88800000"}, {"fiscalDateEnding": "2016-09-30", "reportedCurrency": "USD", "grossProfit": "306500000", "totalRevenue": "861300000", "costOfRevenue": "554800000", "costofGoodsAndServicesSold": "554800000", "operatingIncome": "113700000", "sellingGeneralAndAdministrative": "393200000", "researchAndDevelopment": "0", "operatingExpenses": "192900000", "investmentIncomeNet": "None", "netInterestIncome": "None", "interestIncome": "None", "interestExpense": "85000000", "nonInterestIncome": "None", "otherNonOperatingIncome": "3500000", "depreciation": "None", "depreciationAndAmortization": "136300000", "incomeBeforeTax": "32200000", "incomeTaxExpense": "8500000", "interestAndDebtExpense": "None", "netIncomeFromContinuingOperations": "23700000", "comprehensiveIncomeNetOfTax": "None", "ebit": "113600000", "ebitda": "249900000", "netIncome": "27200000"}, {"fiscalDateEnding": "2016-06-30", "reportedCurrency": "USD", "grossProfit": "325100000", "totalRevenue": "897600000", "costOfRevenue": "572500000", "costofGoodsAndServicesSold": "572500000", "operatingIncome": "138200000", "sellingGeneralAndAdministrative": "387800000", "researchAndDevelopment": "0", "operatingExpenses": "187100000", "investmentIncomeNet": "None", "netInterestIncome": "None", "interestIncome": "None", "interestExpense": "86000000", "nonInterestIncome": "None", "otherNonOperatingIncome": "-6100000", "depreciation": "None", "depreciationAndAmortization": "136900000", "incomeBeforeTax": "46100000", "incomeTaxExpense": "17400000", "interestAndDebtExpense": "None", "netIncomeFromContinuingOperations": "28700000", "comprehensiveIncomeNetOfTax": "None", "ebit": "138000000", "ebitda": "274900000", "netIncome": "28600000"}, {"fiscalDateEnding": "2016-03-31", "reportedCurrency": "USD", "grossProfit": "585400000", "totalRevenue": "1436600000", "costOfRevenue": "851200000", "costofGoodsAndServicesSold": "851200000", "operatingIncome": "381400000", "sellingGeneralAndAdministrative": "426000000", "researchAndDevelopment": "0", "operatingExpenses": "204100000", "investmentIncomeNet": "None", "netInterestIncome": "None", "interestIncome": "None", "interestExpense": "90500000", "nonInterestIncome": "None", "otherNonOperatingIncome": "700000", "depreciation": "None", "depreciationAndAmortization": "132800000", "incomeBeforeTax": "291600000", "incomeTaxExpense": "111900000", "interestAndDebtExpense": "None", "netIncomeFromContinuingOperations": "179700000", "comprehensiveIncomeNetOfTax": "None", "ebit": "381300000", "ebitda": "514100000", "netIncome": "179700000"}, {"fiscalDateEnding": "2015-12-31", "reportedCurrency": "USD", "grossProfit": "412200000", "totalRevenue": "1097800000", "costOfRevenue": "685600000", "costofGoodsAndServicesSold": "685600000", "operatingIncome": "219500000", "sellingGeneralAndAdministrative": "47500000", "researchAndDevelopment": "0", "operatingExpenses": "192300000", "investmentIncomeNet": "None", "netInterestIncome": "None", "interestIncome": "None", "interestExpense": "94300000", "nonInterestIncome": "None", "otherNonOperatingIncome": "None", "depreciation": "None", "depreciationAndAmortization": "133400000", "incomeBeforeTax": "131000000", "incomeTaxExpense": "66600000", "interestAndDebtExpense": "None", "netIncomeFromContinuingOperations": "198600000", "comprehensiveIncomeNetOfTax": "None", "ebit": "228100000", "ebitda": "361500000", "netIncome": "59400000"}, {"fiscalDateEnding": "2015-09-30", "reportedCurrency": "USD", "grossProfit": "297000000", "totalRevenue": "817200000", "costOfRevenue": "520200000", "costofGoodsAndServicesSold": "520200000", "operatingIncome": "109700000", "sellingGeneralAndAdministrative": "364800000", "researchAndDevelopment": "0", "operatingExpenses": "186200000", "investmentIncomeNet": "None", "netInterestIncome": "None", "interestIncome": "None", "interestExpense": "94900000", "nonInterestIncome": "None", "otherNonOperatingIncome": "5800000", "depreciation": "None", "depreciationAndAmortization": "66100000", "incomeBeforeTax": "20600000", "incomeTaxExpense": "5800000", "interestAndDebtExpense": "None", "netIncomeFromContinuingOperations": "14800000", "comprehensiveIncomeNetOfTax": "None", "ebit": "177200000", "ebitda": "243300000", "netIncome": "-4900000"}, {"fiscalDateEnding": "2015-06-30", "reportedCurrency": "USD", "grossProfit": "389400000", "totalRevenue": "1169000000", "costOfRevenue": "779600000", "costofGoodsAndServicesSold": "779600000", "operatingIncome": "165100000", "sellingGeneralAndAdministrative": "0", "researchAndDevelopment": "0", "operatingExpenses": "246500000", "investmentIncomeNet": "None", "netInterestIncome": "None", "interestIncome": "None", "interestExpense": "117100000", "nonInterestIncome": "None", "otherNonOperatingIncome": "None", "depreciation": "None", "depreciationAndAmortization": "167400000", "incomeBeforeTax": "-42700000", "incomeTaxExpense": "-15300000", "interestAndDebtExpense": "None", "netIncomeFromContinuingOperations": "0", "comprehensiveIncomeNetOfTax": "None", "ebit": "50300000", "ebitda": "217700000", "netIncome": "-36400000"}, {"fiscalDateEnding": "2015-03-31", "reportedCurrency": "USD", "grossProfit": "769600000", "totalRevenue": "2149700000", "costOfRevenue": "1380100000", "costofGoodsAndServicesSold": "1380100000", "operatingIncome": "530100000", "sellingGeneralAndAdministrative": "676500000", "researchAndDevelopment": "0", "operatingExpenses": "259900000", "investmentIncomeNet": "None", "netInterestIncome": "None", "interestIncome": "None", "interestExpense": "111000000", "nonInterestIncome": "None", "otherNonOperatingIncome": "7100000", "depreciation": "None", "depreciationAndAmortization": "157500000", "incomeBeforeTax": "426200000", "incomeTaxExpense": "150900000", "interestAndDebtExpense": "None", "netIncomeFromContinuingOperations": "275300000", "comprehensiveIncomeNetOfTax": "None", "ebit": "354100000", "ebitda": "511600000", "netIncome": "268400000"}, {"fiscalDateEnding": "2014-12-31", "reportedCurrency": "USD", "grossProfit": "557900000", "totalRevenue": "1691100000", "costOfRevenue": "1133200000", "costofGoodsAndServicesSold": "1133200000", "operatingIncome": "351300000", "sellingGeneralAndAdministrative": "650300000", "researchAndDevelopment": "33700000", "operatingExpenses": "232500000", "investmentIncomeNet": "None", "netInterestIncome": "None", "interestIncome": "None", "interestExpense": "90700000", "nonInterestIncome": "None", "otherNonOperatingIncome": "1100000", "depreciation": "None", "depreciationAndAmortization": "154700000", "incomeBeforeTax": "236600000", "incomeTaxExpense": "82300000", "interestAndDebtExpense": "None", "netIncomeFromContinuingOperations": "154300000", "comprehensiveIncomeNetOfTax": "None", "ebit": "347000000", "ebitda": "501700000", "netIncome": "154200000"}, {"fiscalDateEnding": "2014-09-30", "reportedCurrency": "USD", "grossProfit": "363900000", "totalRevenue": "1123900000", "costOfRevenue": "760000000", "costofGoodsAndServicesSold": "760000000", "operatingIncome": "157800000", "sellingGeneralAndAdministrative": "597500000", "researchAndDevelopment": "0", "operatingExpenses": "221000000", "investmentIncomeNet": "None", "netInterestIncome": "None", "interestIncome": "None", "interestExpense": "109600000", "nonInterestIncome": "None", "otherNonOperatingIncome": "9200000", "depreciation": "None", "depreciationAndAmortization": "153000000", "incomeBeforeTax": "57400000", "incomeTaxExpense": "25900000", "interestAndDebtExpense": "None", "netIncomeFromContinuingOperations": "31500000", "comprehensiveIncomeNetOfTax": "None", "ebit": "47600000", "ebitda": "200600000", "netIncome": "31400000"}, {"fiscalDateEnding": "2014-06-30", "reportedCurrency": "USD", "grossProfit": "430300000", "totalRevenue": "1335100000", "costOfRevenue": "904800000", "costofGoodsAndServicesSold": "904800000", "operatingIncome": "219600000", "sellingGeneralAndAdministrative": "606500000", "researchAndDevelopment": "0", "operatingExpenses": "222500000", "investmentIncomeNet": "None", "netInterestIncome": "None", "interestIncome": "None", "interestExpense": "109100000", "nonInterestIncome": "None", "otherNonOperatingIncome": "7500000", "depreciation": "None", "depreciationAndAmortization": "149100000", "incomeBeforeTax": "118000000", "incomeTaxExpense": "39500000", "interestAndDebtExpense": "None", "netIncomeFromContinuingOperations": "78500000", "comprehensiveIncomeNetOfTax": "None", "ebit": "-15700000", "ebitda": "133400000", "netIncome": "78200000"}, {"fiscalDateEnding": "2014-03-31", "reportedCurrency": "USD", "grossProfit": "758000000", "totalRevenue": "2320500000", "costOfRevenue": "1562500000", "costofGoodsAndServicesSold": "1562500000", "operatingIncome": "533700000", "sellingGeneralAndAdministrative": "602300000", "researchAndDevelopment": "0", "operatingExpenses": "249800000", "investmentIncomeNet": "None", "netInterestIncome": "None", "interestIncome": "None", "interestExpense": "109100000", "nonInterestIncome": "None", "otherNonOperatingIncome": "4500000", "depreciation": "None", "depreciationAndAmortization": "148700000", "incomeBeforeTax": "429100000", "incomeTaxExpense": "162700000", "interestAndDebtExpense": "None", "netIncomeFromContinuingOperations": "266400000", "comprehensiveIncomeNetOfTax": "None", "ebit": "508200000", "ebitda": "656900000", "netIncome": "266200000"}, {"fiscalDateEnding": "2013-12-31", "reportedCurrency": "USD", "grossProfit": "551300000", "totalRevenue": "1596800000", "costOfRevenue": "1045500000", "costofGoodsAndServicesSold": "1045500000", "operatingIncome": "344100000", "sellingGeneralAndAdministrative": "575300000", "researchAndDevelopment": "36300000", "operatingExpenses": "224800000", "investmentIncomeNet": "None", "netInterestIncome": "None", "interestIncome": "None", "interestExpense": "117000000", "nonInterestIncome": "None", "otherNonOperatingIncome": "2100000", "depreciation": "None", "depreciationAndAmortization": "145900000", "incomeBeforeTax": "235700000", "incomeTaxExpense": "82700000", "interestAndDebtExpense": "None", "netIncomeFromContinuingOperations": "153900000", "comprehensiveIncomeNetOfTax": "None", "ebit": "337300000", "ebitda": "483200000", "netIncome": "151800000"}, {"fiscalDateEnding": "2013-09-30", "reportedCurrency": "USD", "grossProfit": "364900000", "totalRevenue": "1076800000", "costOfRevenue": "711900000", "costofGoodsAndServicesSold": "711900000", "operatingIncome": "176400000", "sellingGeneralAndAdministrative": "533200000", "researchAndDevelopment": "0", "operatingExpenses": "208800000", "investmentIncomeNet": "None", "netInterestIncome": "None", "interestIncome": "None", "interestExpense": "103700000", "nonInterestIncome": "None", "otherNonOperatingIncome": "4700000", "depreciation": "None", "depreciationAndAmortization": "144500000", "incomeBeforeTax": "77400000", "incomeTaxExpense": "27900000", "interestAndDebtExpense": "None", "netIncomeFromContinuingOperations": "49500000", "comprehensiveIncomeNetOfTax": "None", "ebit": "156100000", "ebitda": "300600000", "netIncome": "48100000"}, {"fiscalDateEnding": "2013-06-30", "reportedCurrency": "USD", "grossProfit": "399500000", "totalRevenue": "1212300000", "costOfRevenue": "812800000", "costofGoodsAndServicesSold": "812800000", "operatingIncome": "193500000", "sellingGeneralAndAdministrative": "523800000", "researchAndDevelopment": "0", "operatingExpenses": "214200000", "investmentIncomeNet": "None", "netInterestIncome": "None", "interestIncome": "None", "interestExpense": "102000000", "nonInterestIncome": "None", "otherNonOperatingIncome": "13300000", "depreciation": "None", "depreciationAndAmortization": "143300000", "incomeBeforeTax": "104800000", "incomeTaxExpense": "32700000", "interestAndDebtExpense": "None", "netIncomeFromContinuingOperations": "72100000", "comprehensiveIncomeNetOfTax": "None", "ebit": "207300000", "ebitda": "350600000", "netIncome": "71700000"}, {"fiscalDateEnding": "2013-03-31", "reportedCurrency": "USD", "grossProfit": "651200000", "totalRevenue": "1794300000", "costOfRevenue": "1143100000", "costofGoodsAndServicesSold": "1143100000", "operatingIncome": "428100000", "sellingGeneralAndAdministrative": "542200000", "researchAndDevelopment": "0", "operatingExpenses": "230400000", "investmentIncomeNet": "None", "netInterestIncome": "None", "interestIncome": "None", "interestExpense": "98600000", "nonInterestIncome": "None", "otherNonOperatingIncome": "4100000", "depreciation": "None", "depreciationAndAmortization": "143600000", "incomeBeforeTax": "333600000", "incomeTaxExpense": "118200000", "interestAndDebtExpense": "None", "netIncomeFromContinuingOperations": "215400000", "comprehensiveIncomeNetOfTax": "None", "ebit": "433000000", "ebitda": "576600000", "netIncome": "260500000"}, {"fiscalDateEnding": "2012-12-31", "reportedCurrency": "USD", "grossProfit": "-718900000", "totalRevenue": "1380300000", "costOfRevenue": "2099200000", "costofGoodsAndServicesSold": "2099200000", "operatingIncome": "297500000", "sellingGeneralAndAdministrative": "0", "researchAndDevelopment": "30600000", "operatingExpenses": "-1008400000", "investmentIncomeNet": "None", "netInterestIncome": "None", "interestIncome": "None", "interestExpense": "103900000", "nonInterestIncome": "None", "otherNonOperatingIncome": "None", "depreciation": "None", "depreciationAndAmortization": "141800000", "incomeBeforeTax": "190000000", "incomeTaxExpense": "63400000", "interestAndDebtExpense": "None", "netIncomeFromContinuingOperations": "0", "comprehensiveIncomeNetOfTax": "None", "ebit": "314500000", "ebitda": "456300000", "netIncome": "134000000"}, {"fiscalDateEnding": "2012-09-30", "reportedCurrency": "USD", "grossProfit": "739800000", "totalRevenue": "973500000", "costOfRevenue": "233700000", "costofGoodsAndServicesSold": "233700000", "operatingIncome": "137200000", "sellingGeneralAndAdministrative": "0", "researchAndDevelopment": "0", "operatingExpenses": "611300000", "investmentIncomeNet": "None", "netInterestIncome": "None", "interestIncome": "None", "interestExpense": "107900000", "nonInterestIncome": "None", "otherNonOperatingIncome": "None", "depreciation": "None", "depreciationAndAmortization": "126000000", "incomeBeforeTax": "31500000", "incomeTaxExpense": "11500000", "interestAndDebtExpense": "None", "netIncomeFromContinuingOperations": "0", "comprehensiveIncomeNetOfTax": "None", "ebit": "133000000", "ebitda": "259000000", "netIncome": "19300000"}, {"fiscalDateEnding": "2012-06-30", "reportedCurrency": "USD", "grossProfit": "807600000", "totalRevenue": "1048700000", "costOfRevenue": "241100000", "costofGoodsAndServicesSold": "241100000", "operatingIncome": "208600000", "sellingGeneralAndAdministrative": "0", "researchAndDevelopment": "0", "operatingExpenses": "609000000", "investmentIncomeNet": "None", "netInterestIncome": "None", "interestIncome": "None", "interestExpense": "103200000", "nonInterestIncome": "None", "otherNonOperatingIncome": "None", "depreciation": "None", "depreciationAndAmortization": "148000000", "incomeBeforeTax": "108200000", "incomeTaxExpense": "37700000", "interestAndDebtExpense": "None", "netIncomeFromContinuingOperations": "0", "comprehensiveIncomeNetOfTax": "None", "ebit": "207100000", "ebitda": "355100000", "netIncome": "69400000"}, {"fiscalDateEnding": "2012-03-31", "reportedCurrency": "USD", "grossProfit": "1028400000", "totalRevenue": "1658700000", "costOfRevenue": "630300000", "costofGoodsAndServicesSold": "630300000", "operatingIncome": "399400000", "sellingGeneralAndAdministrative": "0", "researchAndDevelopment": "0", "operatingExpenses": "638300000", "investmentIncomeNet": "None", "netInterestIncome": "None", "interestIncome": "None", "interestExpense": "103300000", "nonInterestIncome": "None", "otherNonOperatingIncome": "None", "depreciation": "None", "depreciationAndAmortization": "146100000", "incomeBeforeTax": "296400000", "incomeTaxExpense": "102900000", "interestAndDebtExpense": "None", "netIncomeFromContinuingOperations": "0", "comprehensiveIncomeNetOfTax": "None", "ebit": "397300000", "ebitda": "543400000", "netIncome": "193400000"}, {"fiscalDateEnding": "2011-12-31", "reportedCurrency": "USD", "grossProfit": "890000000", "totalRevenue": "1489900000", "costOfRevenue": "599900000", "costofGoodsAndServicesSold": "599900000", "operatingIncome": "195100000", "sellingGeneralAndAdministrative": "0", "researchAndDevelopment": "0", "operatingExpenses": "685000000", "investmentIncomeNet": "None", "netInterestIncome": "None", "interestIncome": "None", "interestExpense": "96900000", "nonInterestIncome": "None", "otherNonOperatingIncome": "None", "depreciation": "None", "depreciationAndAmortization": "129900000", "incomeBeforeTax": "31500000", "incomeTaxExpense": "8300000", "interestAndDebtExpense": "None", "netIncomeFromContinuingOperations": "0", "comprehensiveIncomeNetOfTax": "None", "ebit": "228000000", "ebitda": "357900000", "netIncome": "20300000"}, {"fiscalDateEnding": "2011-09-30", "reportedCurrency": "USD", "grossProfit": "745600000", "totalRevenue": "1068700000", "costOfRevenue": "323100000", "costofGoodsAndServicesSold": "323100000", "operatingIncome": "147500000", "sellingGeneralAndAdministrative": "466300000", "researchAndDevelopment": "0", "operatingExpenses": "601200000", "investmentIncomeNet": "None", "netInterestIncome": "None", "interestIncome": "None", "interestExpense": "95700000", "nonInterestIncome": "None", "otherNonOperatingIncome": "1600000", "depreciation": "None", "depreciationAndAmortization": "134900000", "incomeBeforeTax": "53400000", "incomeTaxExpense": "17100000", "interestAndDebtExpense": "None", "netIncomeFromContinuingOperations": "36300000", "comprehensiveIncomeNetOfTax": "None", "ebit": "144300000", "ebitda": "279200000", "netIncome": "34700000"}, {"fiscalDateEnding": "2011-06-30", "reportedCurrency": "USD", "grossProfit": "765800000", "totalRevenue": "1228300000", "costOfRevenue": "462500000", "costofGoodsAndServicesSold": "462500000", "operatingIncome": "163300000", "sellingGeneralAndAdministrative": "470300000", "researchAndDevelopment": "0", "operatingExpenses": "604800000", "investmentIncomeNet": "None", "netInterestIncome": "None", "interestIncome": "None", "interestExpense": "94400000", "nonInterestIncome": "None", "otherNonOperatingIncome": "600000", "depreciation": "None", "depreciationAndAmortization": "134500000", "incomeBeforeTax": "69500000", "incomeTaxExpense": "30000000", "interestAndDebtExpense": "None", "netIncomeFromContinuingOperations": "39500000", "comprehensiveIncomeNetOfTax": "None", "ebit": "163200000", "ebitda": "297700000", "netIncome": "38900000"}, {"fiscalDateEnding": "2011-03-31", "reportedCurrency": "USD", "grossProfit": "1061300000", "totalRevenue": "2232200000", "costOfRevenue": "1170900000", "costofGoodsAndServicesSold": "1170900000", "operatingIncome": "399200000", "sellingGeneralAndAdministrative": "525500000", "researchAndDevelopment": "0", "operatingExpenses": "664400000", "investmentIncomeNet": "None", "netInterestIncome": "None", "interestIncome": "None", "interestExpense": "89800000", "nonInterestIncome": "None", "otherNonOperatingIncome": "3300000", "depreciation": "None", "depreciationAndAmortization": "138900000", "incomeBeforeTax": "312700000", "incomeTaxExpense": "107900000", "interestAndDebtExpense": "None", "netIncomeFromContinuingOperations": "204800000", "comprehensiveIncomeNetOfTax": "None", "ebit": "399500000", "ebitda": "538400000", "netIncome": "205200000"}, {"fiscalDateEnding": "2010-12-31", "reportedCurrency": "USD", "grossProfit": "925400000", "totalRevenue": "1754100000", "costOfRevenue": "828700000", "costofGoodsAndServicesSold": "828700000", "operatingIncome": "255400000", "sellingGeneralAndAdministrative": "0", "researchAndDevelopment": "0", "operatingExpenses": "672900000", "investmentIncomeNet": "None", "netInterestIncome": "None", "interestIncome": "None", "interestExpense": "97800000", "nonInterestIncome": "None", "otherNonOperatingIncome": "None", "depreciation": "None", "depreciationAndAmortization": "141800000", "incomeBeforeTax": "57700000", "incomeTaxExpense": "21900000", "interestAndDebtExpense": "None", "netIncomeFromContinuingOperations": "0", "comprehensiveIncomeNetOfTax": "None", "ebit": "262800000", "ebitda": "404600000", "netIncome": "33400000"}, {"fiscalDateEnding": "2010-09-30", "reportedCurrency": "USD", "grossProfit": "718100000", "totalRevenue": "1138100000", "costOfRevenue": "420000000", "costofGoodsAndServicesSold": "420000000", "operatingIncome": "123300000", "sellingGeneralAndAdministrative": "0", "researchAndDevelopment": "0", "operatingExpenses": "597200000", "investmentIncomeNet": "None", "netInterestIncome": "None", "interestIncome": "None", "interestExpense": "97600000", "nonInterestIncome": "None", "otherNonOperatingIncome": "None", "depreciation": "None", "depreciationAndAmortization": "153100000", "incomeBeforeTax": "27800000", "incomeTaxExpense": "-5600000", "interestAndDebtExpense": "None", "netIncomeFromContinuingOperations": "0", "comprehensiveIncomeNetOfTax": "None", "ebit": "120900000", "ebitda": "274000000", "netIncome": "33200000"}, {"fiscalDateEnding": "2010-06-30", "reportedCurrency": "USD", "grossProfit": "732000000", "totalRevenue": "1171100000", "costOfRevenue": "439100000", "costofGoodsAndServicesSold": "439100000", "operatingIncome": "139200000", "sellingGeneralAndAdministrative": "0", "researchAndDevelopment": "0", "operatingExpenses": "593200000", "investmentIncomeNet": "None", "netInterestIncome": "None", "interestIncome": "None", "interestExpense": "98400000", "nonInterestIncome": "None", "otherNonOperatingIncome": "None", "depreciation": "None", "depreciationAndAmortization": "151600000", "incomeBeforeTax": "43400000", "incomeTaxExpense": "15400000", "interestAndDebtExpense": "None", "netIncomeFromContinuingOperations": "0", "comprehensiveIncomeNetOfTax": "None", "ebit": "138800000", "ebitda": "290400000", "netIncome": "28100000"}, {"fiscalDateEnding": "2010-03-31", "reportedCurrency": "USD", "grossProfit": "1072000000", "totalRevenue": "2358300000", "costOfRevenue": "1286300000", "costofGoodsAndServicesSold": "1286300000", "operatingIncome": "403200000", "sellingGeneralAndAdministrative": "0", "researchAndDevelopment": "0", "operatingExpenses": "676100000", "investmentIncomeNet": "None", "netInterestIncome": "None", "interestIncome": "None", "interestExpense": "98700000", "nonInterestIncome": "None", "otherNonOperatingIncome": "None", "depreciation": "None", "depreciationAndAmortization": "149800000", "incomeBeforeTax": "307100000", "incomeTaxExpense": "109800000", "interestAndDebtExpense": "None", "netIncomeFromContinuingOperations": "0", "comprehensiveIncomeNetOfTax": "None", "ebit": "396100000", "ebitda": "545900000", "netIncome": "197300000"}, {"fiscalDateEnding": "2009-12-31", "reportedCurrency": "USD", "grossProfit": "940300000", "totalRevenue": "2317900000", "costOfRevenue": "1377600000", "costofGoodsAndServicesSold": "1377600000", "operatingIncome": "249900000", "sellingGeneralAndAdministrative": "0", "researchAndDevelopment": "0", "operatingExpenses": "664000000", "investmentIncomeNet": "None", "netInterestIncome": "None", "interestIncome": "None", "interestExpense": "98600000", "nonInterestIncome": "None", "otherNonOperatingIncome": "None", "depreciation": "None", "depreciationAndAmortization": "148900000", "incomeBeforeTax": "145200000", "incomeTaxExpense": "55300000", "interestAndDebtExpense": "None", "netIncomeFromContinuingOperations": "0", "comprehensiveIncomeNetOfTax": "None", "ebit": "243800000", "ebitda": "392700000", "netIncome": "89500000"}, {"fiscalDateEnding": "2009-09-30", "reportedCurrency": "USD", "grossProfit": "657500000", "totalRevenue": "884800000", "costOfRevenue": "227300000", "costofGoodsAndServicesSold": "227300000", "operatingIncome": "99600000", "sellingGeneralAndAdministrative": "0", "researchAndDevelopment": "0", "operatingExpenses": "559300000", "investmentIncomeNet": "None", "netInterestIncome": "None", "interestIncome": "None", "interestExpense": "104800000", "nonInterestIncome": "None", "otherNonOperatingIncome": "None", "depreciation": "None", "depreciationAndAmortization": "148200000", "incomeBeforeTax": "-2900000", "incomeTaxExpense": "6800000", "interestAndDebtExpense": "None", "netIncomeFromContinuingOperations": "0", "comprehensiveIncomeNetOfTax": "None", "ebit": "96600000", "ebitda": "244800000", "netIncome": "-15400000"}, {"fiscalDateEnding": "2009-06-30", "reportedCurrency": "USD", "grossProfit": "671000000", "totalRevenue": "1009200000", "costOfRevenue": "338200000", "costofGoodsAndServicesSold": "338200000", "operatingIncome": "103900000", "sellingGeneralAndAdministrative": "0", "researchAndDevelopment": "0", "operatingExpenses": "564500000", "investmentIncomeNet": "None", "netInterestIncome": "None", "interestIncome": "None", "interestExpense": "105300000", "nonInterestIncome": "None", "otherNonOperatingIncome": "None", "depreciation": "None", "depreciationAndAmortization": "148200000", "incomeBeforeTax": "-2600000", "incomeTaxExpense": "6100000", "interestAndDebtExpense": "None", "netIncomeFromContinuingOperations": "0", "comprehensiveIncomeNetOfTax": "None", "ebit": "110500000", "ebitda": "258700000", "netIncome": "-4800000"}, {"fiscalDateEnding": "2009-03-31", "reportedCurrency": "USD", "grossProfit": "1065400000", "totalRevenue": "2720200000", "costOfRevenue": "1654800000", "costofGoodsAndServicesSold": "1654800000", "operatingIncome": "348300000", "sellingGeneralAndAdministrative": "0", "researchAndDevelopment": "0", "operatingExpenses": "725500000", "investmentIncomeNet": "None", "netInterestIncome": "None", "interestIncome": "None", "interestExpense": "90500000", "nonInterestIncome": "None", "otherNonOperatingIncome": "None", "depreciation": "None", "depreciationAndAmortization": "143800000", "incomeBeforeTax": "256800000", "incomeTaxExpense": "97500000", "interestAndDebtExpense": "None", "netIncomeFromContinuingOperations": "0", "comprehensiveIncomeNetOfTax": "None", "ebit": "347300000", "ebitda": "491100000", "netIncome": "148400000"}, {"fiscalDateEnding": "2008-12-31", "reportedCurrency": "USD", "grossProfit": "2385500000", "totalRevenue": "2385500000", "costOfRevenue": "1948000000", "costofGoodsAndServicesSold": "1948000000", "operatingIncome": "293400000", "sellingGeneralAndAdministrative": "0", "researchAndDevelopment": "0", "operatingExpenses": "2092100000", "investmentIncomeNet": "None", "netInterestIncome": "None", "interestIncome": "None", "interestExpense": "100500000", "nonInterestIncome": "None", "otherNonOperatingIncome": "None", "depreciation": "None", "depreciationAndAmortization": "142900000", "incomeBeforeTax": "195000000", "incomeTaxExpense": "68000000", "interestAndDebtExpense": "None", "netIncomeFromContinuingOperations": "0", "comprehensiveIncomeNetOfTax": "None", "ebit": "293400000", "ebitda": "436300000", "netIncome": "-489600000"}, {"fiscalDateEnding": "2008-09-30", "reportedCurrency": "USD", "grossProfit": "1096000000", "totalRevenue": "1409100000", "costOfRevenue": "313100000", "costofGoodsAndServicesSold": "313100000", "operatingIncome": "104500000", "sellingGeneralAndAdministrative": "0", "researchAndDevelopment": "0", "operatingExpenses": "1304600000", "investmentIncomeNet": "None", "netInterestIncome": "None", "interestIncome": "None", "interestExpense": "100200000", "nonInterestIncome": "None", "otherNonOperatingIncome": "None", "depreciation": "None", "depreciationAndAmortization": "137300000", "incomeBeforeTax": "28500000", "incomeTaxExpense": "-4100000", "interestAndDebtExpense": "None", "netIncomeFromContinuingOperations": "0", "comprehensiveIncomeNetOfTax": "None", "ebit": "129700000", "ebitda": "267000000", "netIncome": "20000000"}, {"fiscalDateEnding": "2008-06-30", "reportedCurrency": "USD", "grossProfit": "1446900000", "totalRevenue": "1792100000", "costOfRevenue": "345200000", "costofGoodsAndServicesSold": "345200000", "operatingIncome": "115000000", "sellingGeneralAndAdministrative": "0", "researchAndDevelopment": "0", "operatingExpenses": "1677100000", "investmentIncomeNet": "None", "netInterestIncome": "None", "interestIncome": "None", "interestExpense": "87400000", "nonInterestIncome": "None", "otherNonOperatingIncome": "None", "depreciation": "None", "depreciationAndAmortization": "149600000", "incomeBeforeTax": "30500000", "incomeTaxExpense": "9500000", "interestAndDebtExpense": "None", "netIncomeFromContinuingOperations": "0", "comprehensiveIncomeNetOfTax": "None", "ebit": "113700000", "ebitda": "263300000", "netIncome": "-202300000"}, {"fiscalDateEnding": "2008-03-31", "reportedCurrency": "USD", "grossProfit": "3289700000", "totalRevenue": "3289700000", "costOfRevenue": "2450600000", "costofGoodsAndServicesSold": "2450600000", "operatingIncome": "392800000", "sellingGeneralAndAdministrative": "0", "researchAndDevelopment": "0", "operatingExpenses": "2896900000", "investmentIncomeNet": "None", "netInterestIncome": "None", "interestIncome": "None", "interestExpense": "91800000", "nonInterestIncome": "None", "otherNonOperatingIncome": "None", "depreciation": "None", "depreciationAndAmortization": "137400000", "incomeBeforeTax": "301500000", "incomeTaxExpense": "112100000", "interestAndDebtExpense": "None", "netIncomeFromContinuingOperations": "0", "comprehensiveIncomeNetOfTax": "None", "ebit": "391600000", "ebitda": "529000000", "netIncome": "99300000"}, {"fiscalDateEnding": "2007-12-31", "reportedCurrency": "USD", "grossProfit": "2228000000", "totalRevenue": "2228000000", "costOfRevenue": "1834700000", "costofGoodsAndServicesSold": "1834700000", "operatingIncome": "198900000", "sellingGeneralAndAdministrative": "0", "researchAndDevelopment": "0", "operatingExpenses": "2029100000", "investmentIncomeNet": "None", "netInterestIncome": "None", "interestIncome": "None", "interestExpense": "103700000", "nonInterestIncome": "None", "otherNonOperatingIncome": "None", "depreciation": "None", "depreciationAndAmortization": "141600000", "incomeBeforeTax": "92600000", "incomeTaxExpense": "27700000", "interestAndDebtExpense": "None", "netIncomeFromContinuingOperations": "0", "comprehensiveIncomeNetOfTax": "None", "ebit": "198900000", "ebitda": "340500000", "netIncome": "67000000"}, {"fiscalDateEnding": "2007-09-30", "reportedCurrency": "USD", "grossProfit": "920400000", "totalRevenue": "1241000000", "costOfRevenue": "320600000", "costofGoodsAndServicesSold": "320600000", "operatingIncome": "110300000", "sellingGeneralAndAdministrative": "0", "researchAndDevelopment": "0", "operatingExpenses": "1130700000", "investmentIncomeNet": "None", "netInterestIncome": "None", "interestIncome": "None", "interestExpense": "100800000", "nonInterestIncome": "None", "otherNonOperatingIncome": "None", "depreciation": "None", "depreciationAndAmortization": "144100000", "incomeBeforeTax": "13500000", "incomeTaxExpense": "3700000", "interestAndDebtExpense": "None", "netIncomeFromContinuingOperations": "0", "comprehensiveIncomeNetOfTax": "None", "ebit": "106300000", "ebitda": "250400000", "netIncome": "11000000"}, {"fiscalDateEnding": "2007-06-30", "reportedCurrency": "USD", "grossProfit": "1234200000", "totalRevenue": "1577100000", "costOfRevenue": "342900000", "costofGoodsAndServicesSold": "342900000", "operatingIncome": "139600000", "sellingGeneralAndAdministrative": "0", "researchAndDevelopment": "0", "operatingExpenses": "1437500000", "investmentIncomeNet": "None", "netInterestIncome": "None", "interestIncome": "None", "interestExpense": "98100000", "nonInterestIncome": "None", "otherNonOperatingIncome": "None", "depreciation": "None", "depreciationAndAmortization": "140000000", "incomeBeforeTax": "44800000", "incomeTaxExpense": "16600000", "interestAndDebtExpense": "None", "netIncomeFromContinuingOperations": "0", "comprehensiveIncomeNetOfTax": "None", "ebit": "144900000", "ebitda": "284900000", "netIncome": "26700000"}, {"fiscalDateEnding": "2007-03-31", "reportedCurrency": "USD", "grossProfit": "2893700000", "totalRevenue": "2893700000", "costOfRevenue": "2281500000", "costofGoodsAndServicesSold": "2281500000", "operatingIncome": "433100000", "sellingGeneralAndAdministrative": "0", "researchAndDevelopment": "0", "operatingExpenses": "2460600000", "investmentIncomeNet": "None", "netInterestIncome": "None", "interestIncome": "None", "interestExpense": "102500000", "nonInterestIncome": "None", "otherNonOperatingIncome": "None", "depreciation": "None", "depreciationAndAmortization": "140800000", "incomeBeforeTax": "333200000", "incomeTaxExpense": "124100000", "interestAndDebtExpense": "None", "netIncomeFromContinuingOperations": "0", "comprehensiveIncomeNetOfTax": "None", "ebit": "424200000", "ebitda": "565000000", "netIncome": "216700000"}, {"fiscalDateEnding": "2006-12-31", "reportedCurrency": "USD", "grossProfit": "2049200000", "totalRevenue": "2049200000", "costOfRevenue": "1643100000", "costofGoodsAndServicesSold": "1643100000", "operatingIncome": "256700000", "sellingGeneralAndAdministrative": "0", "researchAndDevelopment": "0", "operatingExpenses": "1792500000", "investmentIncomeNet": "None", "netInterestIncome": "None", "interestIncome": "None", "interestExpense": "102500000", "nonInterestIncome": "None", "otherNonOperatingIncome": "None", "depreciation": "None", "depreciationAndAmortization": "139700000", "incomeBeforeTax": "142300000", "incomeTaxExpense": "49100000", "interestAndDebtExpense": "None", "netIncomeFromContinuingOperations": "0", "comprehensiveIncomeNetOfTax": "None", "ebit": "256700000", "ebitda": "396400000", "netIncome": "62500000"}, {"fiscalDateEnding": "2006-09-30", "reportedCurrency": "USD", "grossProfit": "846700000", "totalRevenue": "1156500000", "costOfRevenue": "309800000", "costofGoodsAndServicesSold": "309800000", "operatingIncome": "136400000", "sellingGeneralAndAdministrative": "0", "researchAndDevelopment": "0", "operatingExpenses": "1020100000", "investmentIncomeNet": "None", "netInterestIncome": "None", "interestIncome": "None", "interestExpense": "96200000", "nonInterestIncome": "None", "otherNonOperatingIncome": "None", "depreciation": "None", "depreciationAndAmortization": "138400000", "incomeBeforeTax": "39400000", "incomeTaxExpense": "13500000", "interestAndDebtExpense": "None", "netIncomeFromContinuingOperations": "0", "comprehensiveIncomeNetOfTax": "None", "ebit": "135600000", "ebitda": "274000000", "netIncome": "25800000"}, {"fiscalDateEnding": "2006-06-30", "reportedCurrency": "USD", "grossProfit": "1004900000", "totalRevenue": "1311900000", "costOfRevenue": "307000000", "costofGoodsAndServicesSold": "307000000", "operatingIncome": "130900000", "sellingGeneralAndAdministrative": "0", "researchAndDevelopment": "0", "operatingExpenses": "1181000000", "investmentIncomeNet": "None", "netInterestIncome": "None", "interestIncome": "None", "interestExpense": "93300000", "nonInterestIncome": "None", "otherNonOperatingIncome": "None", "depreciation": "None", "depreciationAndAmortization": "139900000", "incomeBeforeTax": "34900000", "incomeTaxExpense": "13400000", "interestAndDebtExpense": "None", "netIncomeFromContinuingOperations": "0", "comprehensiveIncomeNetOfTax": "None", "ebit": "131800000", "ebitda": "271700000", "netIncome": "21000000"}, {"fiscalDateEnding": "2006-03-31", "reportedCurrency": "USD", "grossProfit": "2972800000", "totalRevenue": "2972800000", "costOfRevenue": "2467900000", "costofGoodsAndServicesSold": "2467900000", "operatingIncome": "368500000", "sellingGeneralAndAdministrative": "0", "researchAndDevelopment": "0", "operatingExpenses": "2604300000", "investmentIncomeNet": "None", "netInterestIncome": "None", "interestIncome": "None", "interestExpense": "112400000", "nonInterestIncome": "None", "otherNonOperatingIncome": "None", "depreciation": "None", "depreciationAndAmortization": "138900000", "incomeBeforeTax": "269300000", "incomeTaxExpense": "96500000", "interestAndDebtExpense": "None", "netIncomeFromContinuingOperations": "0", "comprehensiveIncomeNetOfTax": "None", "ebit": "367800000", "ebitda": "506700000", "netIncome": "173900000"}, {"fiscalDateEnding": "2005-12-31", "reportedCurrency": "USD", "grossProfit": "2698600000", "totalRevenue": "2698600000", "costOfRevenue": "2254000000", "costofGoodsAndServicesSold": "2254000000", "operatingIncome": "324700000", "sellingGeneralAndAdministrative": "0", "researchAndDevelopment": "0", "operatingExpenses": "2373900000", "investmentIncomeNet": "None", "netInterestIncome": "None", "interestIncome": "None", "interestExpense": "112400000", "nonInterestIncome": "None", "otherNonOperatingIncome": "None", "depreciation": "None", "depreciationAndAmortization": "133900000", "incomeBeforeTax": "92300000", "incomeTaxExpense": "19500000", "interestAndDebtExpense": "None", "netIncomeFromContinuingOperations": "0", "comprehensiveIncomeNetOfTax": "None", "ebit": "328400000", "ebitda": "462300000", "netIncome": "68000000"}, {"fiscalDateEnding": "2005-09-30", "reportedCurrency": "USD", "grossProfit": "837300000", "totalRevenue": "1163800000", "costOfRevenue": "326500000", "costofGoodsAndServicesSold": "326500000", "operatingIncome": "93200000", "sellingGeneralAndAdministrative": "0", "researchAndDevelopment": "0", "operatingExpenses": "1070600000", "investmentIncomeNet": "None", "netInterestIncome": "None", "interestIncome": "None", "interestExpense": "107100000", "nonInterestIncome": "None", "otherNonOperatingIncome": "None", "depreciation": "None", "depreciationAndAmortization": "142900000", "incomeBeforeTax": "-11600000", "incomeTaxExpense": "-5800000", "interestAndDebtExpense": "None", "netIncomeFromContinuingOperations": "0", "comprehensiveIncomeNetOfTax": "None", "ebit": "92500000", "ebitda": "235400000", "netIncome": "-6800000"}, {"fiscalDateEnding": "2005-06-30", "reportedCurrency": "USD", "grossProfit": "1037300000", "totalRevenue": "1355200000", "costOfRevenue": "317900000", "costofGoodsAndServicesSold": "317900000", "operatingIncome": "119400000", "sellingGeneralAndAdministrative": "0", "researchAndDevelopment": "0", "operatingExpenses": "1235800000", "investmentIncomeNet": "None", "netInterestIncome": "None", "interestIncome": "None", "interestExpense": "101700000", "nonInterestIncome": "None", "otherNonOperatingIncome": "None", "depreciation": "None", "depreciationAndAmortization": "144500000", "incomeBeforeTax": "20200000", "incomeTaxExpense": "12300000", "interestAndDebtExpense": "None", "netIncomeFromContinuingOperations": "0", "comprehensiveIncomeNetOfTax": "None", "ebit": "119800000", "ebitda": "264300000", "netIncome": "39000000"}, {"fiscalDateEnding": "2005-03-31", "reportedCurrency": "USD", "grossProfit": "2681500000", "totalRevenue": "2681500000", "costOfRevenue": "2109900000", "costofGoodsAndServicesSold": "2109900000", "operatingIncome": "437200000", "sellingGeneralAndAdministrative": "0", "researchAndDevelopment": "0", "operatingExpenses": "2244300000", "investmentIncomeNet": "None", "netInterestIncome": "None", "interestIncome": "None", "interestExpense": "104000000", "nonInterestIncome": "None", "otherNonOperatingIncome": "None", "depreciation": "None", "depreciationAndAmortization": "141400000", "incomeBeforeTax": "332100000", "incomeTaxExpense": "123400000", "interestAndDebtExpense": "None", "netIncomeFromContinuingOperations": "0", "comprehensiveIncomeNetOfTax": "None", "ebit": "437200000", "ebitda": "578600000", "netIncome": "206300000"}, {"fiscalDateEnding": "2004-12-31", "reportedCurrency": "USD", "grossProfit": "1968200000", "totalRevenue": "1968200000", "costOfRevenue": "1492100000", "costofGoodsAndServicesSold": "1492100000", "operatingIncome": "340100000", "sellingGeneralAndAdministrative": "0", "researchAndDevelopment": "0", "operatingExpenses": "1628100000", "investmentIncomeNet": "None", "netInterestIncome": "None", "interestIncome": "None", "interestExpense": "103100000", "nonInterestIncome": "None", "otherNonOperatingIncome": "None", "depreciation": "None", "depreciationAndAmortization": "131600000", "incomeBeforeTax": "243400000", "incomeTaxExpense": "86500000", "interestAndDebtExpense": "None", "netIncomeFromContinuingOperations": "0", "comprehensiveIncomeNetOfTax": "None", "ebit": "340100000", "ebitda": "471700000", "netIncome": "159400000"}]}