{"symbol": "DOC", "annualReports": [{"fiscalDateEnding": "2024-12-31", "reportedCurrency": "USD", "grossProfit": "1625588000", "totalRevenue": "2700449000", "costOfRevenue": "1074861000", "costofGoodsAndServicesSold": "1074861000", "operatingIncome": "471221000", "sellingGeneralAndAdministrative": "97162000", "researchAndDevelopment": "None", "operatingExpenses": "1154367000", "investmentIncomeNet": "None", "netInterestIncome": "-280430000", "interestIncome": "None", "interestExpense": "280430000", "nonInterestIncome": "None", "otherNonOperatingIncome": "None", "depreciation": "None", "depreciationAndAmortization": "1057205000", "incomeBeforeTax": "273168000", "incomeTaxExpense": "4350000", "interestAndDebtExpense": "None", "netIncomeFromContinuingOperations": "267303000", "comprehensiveIncomeNetOfTax": "None", "ebit": "553598000", "ebitda": "1610803000", "netIncome": "243142000"}, {"fiscalDateEnding": "2023-12-31", "reportedCurrency": "USD", "grossProfit": "1278340000", "totalRevenue": "2181003000", "costOfRevenue": "902663000", "costofGoodsAndServicesSold": "902663000", "operatingIncome": "1175208000", "sellingGeneralAndAdministrative": "95132000", "researchAndDevelopment": "0.14", "operatingExpenses": "103132000", "investmentIncomeNet": "None", "netInterestIncome": "-196960000", "interestIncome": "None", "interestExpense": "200331000", "nonInterestIncome": "None", "otherNonOperatingIncome": "None", "depreciation": "None", "depreciationAndAmortization": "749901000", "incomeBeforeTax": "314936000", "incomeTaxExpense": "-9617000", "interestAndDebtExpense": "None", "netIncomeFromContinuingOperations": "269291000", "comprehensiveIncomeNetOfTax": "None", "ebit": "439511000", "ebitda": "1189412000", "netIncome": "306009000"}, {"fiscalDateEnding": "2022-12-31", "reportedCurrency": "USD", "grossProfit": "355535000", "totalRevenue": "526635000", "costOfRevenue": "171100000", "costofGoodsAndServicesSold": "171100000", "operatingIncome": "124895000", "sellingGeneralAndAdministrative": "40209000", "researchAndDevelopment": "0.25", "operatingExpenses": "229850000", "investmentIncomeNet": "None", "netInterestIncome": "-172944000", "interestIncome": "None", "interestExpense": "172944000", "nonInterestIncome": "None", "otherNonOperatingIncome": "None", "depreciation": "None", "depreciationAndAmortization": "1711597000", "incomeBeforeTax": "110036000", "incomeTaxExpense": "72234000", "interestAndDebtExpense": "None", "netIncomeFromContinuingOperations": "513540000", "comprehensiveIncomeNetOfTax": "None", "ebit": "-1397061000", "ebitda": "314536000", "netIncome": "37802000"}, {"fiscalDateEnding": "2021-12-31", "reportedCurrency": "USD", "grossProfit": "320291000", "totalRevenue": "457699000", "costOfRevenue": "137408000", "costofGoodsAndServicesSold": "137408000", "operatingIncome": "123094000", "sellingGeneralAndAdministrative": "37757000", "researchAndDevelopment": "0.07", "operatingExpenses": "195627000", "investmentIncomeNet": "None", "netInterestIncome": "-157980000", "interestIncome": "None", "interestExpense": "157980000", "nonInterestIncome": "None", "otherNonOperatingIncome": "None", "depreciation": "None", "depreciationAndAmortization": "1579028000", "incomeBeforeTax": "86783000", "incomeTaxExpense": "61384000", "interestAndDebtExpense": "None", "netIncomeFromContinuingOperations": "137728000", "comprehensiveIncomeNetOfTax": "None", "ebit": "-1298064000", "ebitda": "280964000", "netIncome": "25399000"}, {"fiscalDateEnding": "2020-12-31", "reportedCurrency": "USD", "grossProfit": "309307000", "totalRevenue": "437505000", "costOfRevenue": "128198000", "costofGoodsAndServicesSold": "128198000", "operatingIncome": "124697000", "sellingGeneralAndAdministrative": "33763000", "researchAndDevelopment": "0.13", "operatingExpenses": "183353000", "investmentIncomeNet": "None", "netInterestIncome": "-218336000", "interestIncome": "218336000", "interestExpense": "218336000", "nonInterestIncome": "None", "otherNonOperatingIncome": "None", "depreciation": "None", "depreciationAndAmortization": "1472636000", "incomeBeforeTax": "68488000", "incomeTaxExpense": "58293000", "interestAndDebtExpense": "None", "netIncomeFromContinuingOperations": "160507000", "comprehensiveIncomeNetOfTax": "None", "ebit": "-339474000", "ebitda": "1133162000", "netIncome": "10195000"}, {"fiscalDateEnding": "2019-12-31", "reportedCurrency": "USD", "grossProfit": "290462000", "totalRevenue": "415281000", "costOfRevenue": "124819000", "costofGoodsAndServicesSold": "124819000", "operatingIncome": "110899000", "sellingGeneralAndAdministrative": "33099000", "researchAndDevelopment": "0.14", "operatingExpenses": "179535000", "investmentIncomeNet": "None", "netInterestIncome": "-225619000", "interestIncome": "9844000", "interestExpense": "217612000", "nonInterestIncome": "None", "otherNonOperatingIncome": "None", "depreciation": "None", "depreciationAndAmortization": "951109000", "incomeBeforeTax": "77186000", "incomeTaxExpense": "67697000", "interestAndDebtExpense": "None", "netIncomeFromContinuingOperations": "60061000", "comprehensiveIncomeNetOfTax": "None", "ebit": "-693774000", "ebitda": "257335000", "netIncome": "9489000"}, {"fiscalDateEnding": "2018-12-31", "reportedCurrency": "USD", "grossProfit": "299931000", "totalRevenue": "422551000", "costOfRevenue": "122620000", "costofGoodsAndServicesSold": "122620000", "operatingIncome": "112726000", "sellingGeneralAndAdministrative": "28816000", "researchAndDevelopment": "0.57", "operatingExpenses": "187205000", "investmentIncomeNet": "None", "netInterestIncome": "-266343000", "interestIncome": "10406000", "interestExpense": "261280000", "nonInterestIncome": "None", "otherNonOperatingIncome": "None", "depreciation": "None", "depreciationAndAmortization": "1405863000", "incomeBeforeTax": "58321000", "incomeTaxExpense": "11778000", "interestAndDebtExpense": "None", "netIncomeFromContinuingOperations": "1073474000", "comprehensiveIncomeNetOfTax": "None", "ebit": "-416174000", "ebitda": "989689000", "netIncome": "56230000"}, {"fiscalDateEnding": "2017-12-31", "reportedCurrency": "USD", "grossProfit": "246549000", "totalRevenue": "343584000", "costOfRevenue": "97035000", "costofGoodsAndServicesSold": "97035000", "operatingIncome": "98433000", "sellingGeneralAndAdministrative": "22957000", "researchAndDevelopment": "0.22", "operatingExpenses": "148116000", "investmentIncomeNet": "None", "netInterestIncome": "-307716000", "interestIncome": "56237000", "interestExpense": "307716000", "nonInterestIncome": "None", "otherNonOperatingIncome": "None", "depreciation": "None", "depreciationAndAmortization": "1455393000", "incomeBeforeTax": "39773000", "incomeTaxExpense": "48818000", "interestAndDebtExpense": "None", "netIncomeFromContinuingOperations": "422634000", "comprehensiveIncomeNetOfTax": "None", "ebit": "-528422000", "ebitda": "926971000", "netIncome": "38146000"}, {"fiscalDateEnding": "2016-12-31", "reportedCurrency": "USD", "grossProfit": "175035000", "totalRevenue": "241034000", "costOfRevenue": "65999000", "costofGoodsAndServicesSold": "65999000", "operatingIncome": "70049000", "sellingGeneralAndAdministrative": "18397000", "researchAndDevelopment": "0.17", "operatingExpenses": "104986000", "investmentIncomeNet": "None", "netInterestIncome": "-464403000", "interestIncome": "88808000", "interestExpense": "464403000", "nonInterestIncome": "None", "otherNonOperatingIncome": "None", "depreciation": "None", "depreciationAndAmortization": "1409118000", "incomeBeforeTax": "31522000", "incomeTaxExpense": "25520000", "interestAndDebtExpense": "None", "netIncomeFromContinuingOperations": "374171000", "comprehensiveIncomeNetOfTax": "None", "ebit": "-121834000", "ebitda": "1287284000", "netIncome": "29981000"}, {"fiscalDateEnding": "2015-12-31", "reportedCurrency": "USD", "grossProfit": "98415000", "totalRevenue": "129441000", "costOfRevenue": "31026000", "costofGoodsAndServicesSold": "31026000", "operatingIncome": "38036000", "sellingGeneralAndAdministrative": "14908000", "researchAndDevelopment": "None", "operatingExpenses": "60379000", "investmentIncomeNet": "None", "netInterestIncome": "None", "interestIncome": "479596000", "interestExpense": "479596000", "nonInterestIncome": "None", "otherNonOperatingIncome": "None", "depreciation": "None", "depreciationAndAmortization": "45471000", "incomeBeforeTax": "12741000", "incomeTaxExpense": "11693000", "interestAndDebtExpense": "None", "netIncomeFromContinuingOperations": "152668000", "comprehensiveIncomeNetOfTax": "None", "ebit": "1080025000", "ebitda": "1125496000", "netIncome": "11788000"}, {"fiscalDateEnding": "2014-12-31", "reportedCurrency": "USD", "grossProfit": "43180000", "totalRevenue": "53334000", "costOfRevenue": "10154000", "costofGoodsAndServicesSold": "10154000", "operatingIncome": "15009000", "sellingGeneralAndAdministrative": "11440000", "researchAndDevelopment": "None", "operatingExpenses": "28171000", "investmentIncomeNet": "None", "netInterestIncome": "None", "interestIncome": "None", "interestExpense": "439742000", "nonInterestIncome": "None", "otherNonOperatingIncome": "None", "depreciation": "None", "depreciationAndAmortization": "16731000", "incomeBeforeTax": "-4418000", "incomeTaxExpense": "6621000", "interestAndDebtExpense": "None", "netIncomeFromContinuingOperations": "None", "comprehensiveIncomeNetOfTax": "None", "ebit": "1138952000", "ebitda": "1155683000", "netIncome": "-4037000"}, {"fiscalDateEnding": "2013-12-31", "reportedCurrency": "USD", "grossProfit": "12149000", "totalRevenue": "16799000", "costOfRevenue": "4650000", "costofGoodsAndServicesSold": "4650000", "operatingIncome": "1413000", "sellingGeneralAndAdministrative": "3689000", "researchAndDevelopment": "None", "operatingExpenses": "8796000", "investmentIncomeNet": "None", "netInterestIncome": "None", "interestIncome": "None", "interestExpense": "435252000", "nonInterestIncome": "None", "otherNonOperatingIncome": "None", "depreciation": "None", "depreciationAndAmortization": "5107000", "incomeBeforeTax": "-2636000", "incomeTaxExpense": "5590000", "interestAndDebtExpense": "None", "netIncomeFromContinuingOperations": "None", "comprehensiveIncomeNetOfTax": "None", "ebit": "1705472000", "ebitda": "1710579000", "netIncome": "-2237000"}, {"fiscalDateEnding": "2012-12-31", "reportedCurrency": "USD", "grossProfit": "8189112", "totalRevenue": "12946899", "costOfRevenue": "4757787", "costofGoodsAndServicesSold": "4757787", "operatingIncome": "1562615", "sellingGeneralAndAdministrative": "1312565", "researchAndDevelopment": "None", "operatingExpenses": "5462104", "investmentIncomeNet": "None", "netInterestIncome": "None", "interestIncome": "None", "interestExpense": "416172000", "nonInterestIncome": "None", "otherNonOperatingIncome": "None", "depreciation": "None", "depreciationAndAmortization": "4429044", "incomeBeforeTax": "-2852991", "incomeTaxExpense": "3340276", "interestAndDebtExpense": "None", "netIncomeFromContinuingOperations": "None", "comprehensiveIncomeNetOfTax": "None", "ebit": "1510527956", "ebitda": "1514957000", "netIncome": "-1655607"}, {"fiscalDateEnding": "2011-12-31", "reportedCurrency": "USD", "grossProfit": "8894000", "totalRevenue": "13847000", "costOfRevenue": "4953000", "costofGoodsAndServicesSold": "4953000", "operatingIncome": "1617000", "sellingGeneralAndAdministrative": "1252000", "researchAndDevelopment": "None", "operatingExpenses": "5840000", "investmentIncomeNet": "None", "netInterestIncome": "None", "interestIncome": "None", "interestExpense": "415455000", "nonInterestIncome": "None", "otherNonOperatingIncome": "None", "depreciation": "None", "depreciationAndAmortization": "4783000", "incomeBeforeTax": "-3325000", "incomeTaxExpense": "6114000", "interestAndDebtExpense": "None", "netIncomeFromContinuingOperations": "None", "comprehensiveIncomeNetOfTax": "None", "ebit": "1247408000", "ebitda": "1252191000", "netIncome": "-3060000"}, {"fiscalDateEnding": "2010-12-31", "reportedCurrency": "USD", "grossProfit": "1044858000", "totalRevenue": "1255134000", "costOfRevenue": "210276000", "costofGoodsAndServicesSold": "210276000", "operatingIncome": "361208000", "sellingGeneralAndAdministrative": "83048000", "researchAndDevelopment": "None", "operatingExpenses": "395000000", "investmentIncomeNet": "None", "netInterestIncome": "None", "interestIncome": "None", "interestExpense": "288650000", "nonInterestIncome": "None", "otherNonOperatingIncome": "None", "depreciation": "None", "depreciationAndAmortization": "307069000", "incomeBeforeTax": "388927000", "incomeTaxExpense": "412000", "interestAndDebtExpense": "None", "netIncomeFromContinuingOperations": "None", "comprehensiveIncomeNetOfTax": "None", "ebit": "654741000", "ebitda": "961810000", "netIncome": "330709000"}, {"fiscalDateEnding": "2009-12-31", "reportedCurrency": "USD", "grossProfit": "971132000", "totalRevenue": "1157030000", "costOfRevenue": "185898000", "costofGoodsAndServicesSold": "185898000", "operatingIncome": "471100000", "sellingGeneralAndAdministrative": "180449000", "researchAndDevelopment": "None", "operatingExpenses": "500032000", "investmentIncomeNet": "None", "netInterestIncome": "None", "interestIncome": "None", "interestExpense": "298897000", "nonInterestIncome": "None", "otherNonOperatingIncome": "None", "depreciation": "None", "depreciationAndAmortization": "305345000", "incomeBeforeTax": "104754000", "incomeTaxExpense": "1924000", "interestAndDebtExpense": "None", "netIncomeFromContinuingOperations": "None", "comprehensiveIncomeNetOfTax": "None", "ebit": "485338000", "ebitda": "790683000", "netIncome": "130199000"}, {"fiscalDateEnding": "2008-12-31", "reportedCurrency": "USD", "grossProfit": "833186000", "totalRevenue": "1025818000", "costOfRevenue": "192632000", "costofGoodsAndServicesSold": "192632000", "operatingIncome": "251218000", "sellingGeneralAndAdministrative": "75686000", "researchAndDevelopment": "None", "operatingExpenses": "390318000", "investmentIncomeNet": "None", "netInterestIncome": "None", "interestIncome": "None", "interestExpense": "348402000", "nonInterestIncome": "None", "otherNonOperatingIncome": "None", "depreciation": "None", "depreciationAndAmortization": "314632000", "incomeBeforeTax": "226558000", "incomeTaxExpense": "4292000", "interestAndDebtExpense": "None", "netIncomeFromContinuingOperations": "None", "comprehensiveIncomeNetOfTax": "None", "ebit": "599620000", "ebitda": "914252000", "netIncome": "448495000"}, {"fiscalDateEnding": "2007-12-31", "reportedCurrency": "USD", "grossProfit": "795959000", "totalRevenue": "982509000", "costOfRevenue": "186550000", "costofGoodsAndServicesSold": "186550000", "operatingIncome": "450681000", "sellingGeneralAndAdministrative": "70930000", "researchAndDevelopment": "None", "operatingExpenses": "345278000", "investmentIncomeNet": "None", "netInterestIncome": "None", "interestIncome": "None", "interestExpense": "0", "nonInterestIncome": "None", "otherNonOperatingIncome": "None", "depreciation": "None", "depreciationAndAmortization": "301592000", "incomeBeforeTax": "589015000", "incomeTaxExpense": "357024000", "interestAndDebtExpense": "None", "netIncomeFromContinuingOperations": "None", "comprehensiveIncomeNetOfTax": "None", "ebit": "450681000", "ebitda": "752273000", "netIncome": "589015000"}, {"fiscalDateEnding": "2006-12-31", "reportedCurrency": "USD", "grossProfit": "529901000", "totalRevenue": "619087000", "costOfRevenue": "89186000", "costofGoodsAndServicesSold": "89186000", "operatingIncome": "338316000", "sellingGeneralAndAdministrative": "47370000", "researchAndDevelopment": "None", "operatingExpenses": "191585000", "investmentIncomeNet": "None", "netInterestIncome": "None", "interestIncome": "None", "interestExpense": "0", "nonInterestIncome": "None", "otherNonOperatingIncome": "None", "depreciation": "None", "depreciationAndAmortization": "9581000", "incomeBeforeTax": "417547000", "incomeTaxExpense": "55403000", "interestAndDebtExpense": "None", "netIncomeFromContinuingOperations": "None", "comprehensiveIncomeNetOfTax": "None", "ebit": "476527000", "ebitda": "486108000", "netIncome": "417547000"}, {"fiscalDateEnding": "2005-12-31", "reportedCurrency": "USD", "grossProfit": "418293000", "totalRevenue": "477276000", "costOfRevenue": "58983000", "costofGoodsAndServicesSold": "58983000", "operatingIncome": "279292000", "sellingGeneralAndAdministrative": "32067000", "researchAndDevelopment": "None", "operatingExpenses": "139001000", "investmentIncomeNet": "None", "netInterestIncome": "None", "interestIncome": "None", "interestExpense": "0", "nonInterestIncome": "None", "otherNonOperatingIncome": "None", "depreciation": "None", "depreciationAndAmortization": "106054000", "incomeBeforeTax": "173057000", "incomeTaxExpense": "121031000", "interestAndDebtExpense": "None", "netIncomeFromContinuingOperations": "None", "comprehensiveIncomeNetOfTax": "None", "ebit": "280172000", "ebitda": "386226000", "netIncome": "173057000"}], "quarterlyReports": [{"fiscalDateEnding": "2024-12-31", "reportedCurrency": "USD", "grossProfit": "420962000", "totalRevenue": "697988000", "costOfRevenue": "277026000", "costofGoodsAndServicesSold": "277026000", "operatingIncome": "122564000", "sellingGeneralAndAdministrative": "23929000", "researchAndDevelopment": "None", "operatingExpenses": "298398000", "investmentIncomeNet": "None", "netInterestIncome": "-70508000", "interestIncome": "None", "interestExpense": "70508000", "nonInterestIncome": "None", "otherNonOperatingIncome": "None", "depreciation": "None", "depreciationAndAmortization": "274469000", "incomeBeforeTax": "-3234000", "incomeTaxExpense": "-14014000", "interestAndDebtExpense": "None", "netIncomeFromContinuingOperations": "10672000", "comprehensiveIncomeNetOfTax": "None", "ebit": "67274000", "ebitda": "341743000", "netIncome": "4547000"}, {"fiscalDateEnding": "2024-09-30", "reportedCurrency": "USD", "grossProfit": "420118000", "totalRevenue": "700397000", "costOfRevenue": "280279000", "costofGoodsAndServicesSold": "280279000", "operatingIncome": "116883000", "sellingGeneralAndAdministrative": "23216000", "researchAndDevelopment": "None", "operatingExpenses": "420118000", "investmentIncomeNet": "None", "netInterestIncome": "-59804000", "interestIncome": "14301000", "interestExpense": "74105000", "nonInterestIncome": "None", "otherNonOperatingIncome": "None", "depreciation": "None", "depreciationAndAmortization": "280019000", "incomeBeforeTax": "98510000", "incomeTaxExpense": "1938000", "interestAndDebtExpense": "None", "netIncomeFromContinuingOperations": "92738000", "comprehensiveIncomeNetOfTax": "None", "ebit": "172615000", "ebitda": "452634000", "netIncome": "85675000"}, {"fiscalDateEnding": "2024-06-30", "reportedCurrency": "USD", "grossProfit": "138179000", "totalRevenue": "695504000", "costOfRevenue": "557325000", "costofGoodsAndServicesSold": "557325000", "operatingIncome": "112014000", "sellingGeneralAndAdministrative": "26718000", "researchAndDevelopment": "None", "operatingExpenses": "310216000", "investmentIncomeNet": "None", "netInterestIncome": "-67078000", "interestIncome": "7832000", "interestExpense": "74910000", "nonInterestIncome": "None", "otherNonOperatingIncome": "None", "depreciation": "None", "depreciationAndAmortization": "283498000", "incomeBeforeTax": "155393000", "incomeTaxExpense": "2728000", "interestAndDebtExpense": "None", "netIncomeFromContinuingOperations": "152716000", "comprehensiveIncomeNetOfTax": "None", "ebit": "112014000", "ebitda": "395512000", "netIncome": "146047000"}, {"fiscalDateEnding": "2024-03-31", "reportedCurrency": "USD", "grossProfit": "143612000", "totalRevenue": "606560000", "costOfRevenue": "462948000", "costofGoodsAndServicesSold": "462948000", "operatingIncome": "108855000", "sellingGeneralAndAdministrative": "23299000", "researchAndDevelopment": "None", "operatingExpenses": "34757000", "investmentIncomeNet": "None", "netInterestIncome": "-55156000", "interestIncome": "5751000", "interestExpense": "60907000", "nonInterestIncome": "None", "otherNonOperatingIncome": "None", "depreciation": "None", "depreciationAndAmortization": "219219000", "incomeBeforeTax": "22499000", "incomeTaxExpense": "13698000", "interestAndDebtExpense": "None", "netIncomeFromContinuingOperations": "11177000", "comprehensiveIncomeNetOfTax": "None", "ebit": "108855000", "ebitda": "328074000", "netIncome": "6676000"}, {"fiscalDateEnding": "2023-12-31", "reportedCurrency": "USD", "grossProfit": "128501000", "totalRevenue": "135472000", "costOfRevenue": "6971000", "costofGoodsAndServicesSold": "6971000", "operatingIncome": "90905000", "sellingGeneralAndAdministrative": "7623000", "researchAndDevelopment": "None", "operatingExpenses": "37596000", "investmentIncomeNet": "None", "netInterestIncome": "-52784000", "interestIncome": "None", "interestExpense": "52784000", "nonInterestIncome": "None", "otherNonOperatingIncome": "None", "depreciation": "None", "depreciationAndAmortization": "188544000", "incomeBeforeTax": "6795000", "incomeTaxExpense": "-11842000", "interestAndDebtExpense": "None", "netIncomeFromContinuingOperations": "75395000", "comprehensiveIncomeNetOfTax": "None", "ebit": "119151000", "ebitda": "307695000", "netIncome": "6795000"}, {"fiscalDateEnding": "2023-09-30", "reportedCurrency": "USD", "grossProfit": "90922000", "totalRevenue": "138547000", "costOfRevenue": "47625000", "costofGoodsAndServicesSold": "47625000", "operatingIncome": "90922000", "sellingGeneralAndAdministrative": "9771000", "researchAndDevelopment": "None", "operatingExpenses": "57703000", "investmentIncomeNet": "None", "netInterestIncome": "-50510000", "interestIncome": "5360000", "interestExpense": "50510000", "nonInterestIncome": "None", "otherNonOperatingIncome": "None", "depreciation": "None", "depreciationAndAmortization": "184559000", "incomeBeforeTax": "12891000", "incomeTaxExpense": "20328000", "interestAndDebtExpense": "None", "netIncomeFromContinuingOperations": "68656000", "comprehensiveIncomeNetOfTax": "None", "ebit": "115821000", "ebitda": "300380000", "netIncome": "12335000"}, {"fiscalDateEnding": "2023-06-30", "reportedCurrency": "USD", "grossProfit": "90025000", "totalRevenue": "135100000", "costOfRevenue": "45075000", "costofGoodsAndServicesSold": "45075000", "operatingIncome": "33719000", "sellingGeneralAndAdministrative": "10162000", "researchAndDevelopment": "None", "operatingExpenses": "58108000", "investmentIncomeNet": "None", "netInterestIncome": "-49074000", "interestIncome": "5279000", "interestExpense": "49074000", "nonInterestIncome": "None", "otherNonOperatingIncome": "None", "depreciation": "None", "depreciationAndAmortization": "197573000", "incomeBeforeTax": "13085000", "incomeTaxExpense": "22977000", "interestAndDebtExpense": "None", "netIncomeFromContinuingOperations": "56199000", "comprehensiveIncomeNetOfTax": "None", "ebit": "99447000", "ebitda": "297020000", "netIncome": "12544000"}, {"fiscalDateEnding": "2023-03-31", "reportedCurrency": "USD", "grossProfit": "88950000", "totalRevenue": "134344000", "costOfRevenue": "45394000", "costofGoodsAndServicesSold": "45394000", "operatingIncome": "29809000", "sellingGeneralAndAdministrative": "11200000", "researchAndDevelopment": "None", "operatingExpenses": "58877000", "investmentIncomeNet": "None", "netInterestIncome": "-47963000", "interestIncome": "6163000", "interestExpense": "47963000", "nonInterestIncome": "None", "otherNonOperatingIncome": "None", "depreciation": "None", "depreciationAndAmortization": "179225000", "incomeBeforeTax": "10669000", "incomeTaxExpense": "59595000", "interestAndDebtExpense": "None", "netIncomeFromContinuingOperations": "134507000", "comprehensiveIncomeNetOfTax": "None", "ebit": "96393000", "ebitda": "275618000", "netIncome": "-48926000"}, {"fiscalDateEnding": "2022-12-31", "reportedCurrency": "USD", "grossProfit": "89545000", "totalRevenue": "132565000", "costOfRevenue": "43020000", "costofGoodsAndServicesSold": "43020000", "operatingIncome": "31759000", "sellingGeneralAndAdministrative": "9809000", "researchAndDevelopment": "None", "operatingExpenses": "57448000", "investmentIncomeNet": "None", "netInterestIncome": "-49413000", "interestIncome": "None", "interestExpense": "49413000", "nonInterestIncome": "None", "otherNonOperatingIncome": "None", "depreciation": "None", "depreciationAndAmortization": "179157000", "incomeBeforeTax": "11881000", "incomeTaxExpense": "19878000", "interestAndDebtExpense": "None", "netIncomeFromContinuingOperations": "9929000", "comprehensiveIncomeNetOfTax": "None", "ebit": "63621000", "ebitda": "242778000", "netIncome": "-7997000"}, {"fiscalDateEnding": "2022-09-30", "reportedCurrency": "USD", "grossProfit": "87866000", "totalRevenue": "131513000", "costOfRevenue": "43647000", "costofGoodsAndServicesSold": "43647000", "operatingIncome": "30685000", "sellingGeneralAndAdministrative": "10079000", "researchAndDevelopment": "None", "operatingExpenses": "57119000", "investmentIncomeNet": "None", "netInterestIncome": "-44078000", "interestIncome": "None", "interestExpense": "44078000", "nonInterestIncome": "None", "otherNonOperatingIncome": "None", "depreciation": "None", "depreciationAndAmortization": "173190000", "incomeBeforeTax": "66280000", "incomeTaxExpense": "18299000", "interestAndDebtExpense": "None", "netIncomeFromContinuingOperations": "359284000", "comprehensiveIncomeNetOfTax": "None", "ebit": "101731000", "ebitda": "274921000", "netIncome": "47981000"}, {"fiscalDateEnding": "2022-06-30", "reportedCurrency": "USD", "grossProfit": "89486000", "totalRevenue": "132167000", "costOfRevenue": "42681000", "costofGoodsAndServicesSold": "42681000", "operatingIncome": "31532000", "sellingGeneralAndAdministrative": "10028000", "researchAndDevelopment": "None", "operatingExpenses": "57730000", "investmentIncomeNet": "None", "netInterestIncome": "-41867000", "interestIncome": "None", "interestExpense": "41867000", "nonInterestIncome": "None", "otherNonOperatingIncome": "None", "depreciation": "None", "depreciationAndAmortization": "180489000", "incomeBeforeTax": "17932000", "incomeTaxExpense": "17234000", "interestAndDebtExpense": "None", "netIncomeFromContinuingOperations": "69301000", "comprehensiveIncomeNetOfTax": "None", "ebit": "97006000", "ebitda": "277495000", "netIncome": "698000"}, {"fiscalDateEnding": "2022-03-31", "reportedCurrency": "USD", "grossProfit": "88638000", "totalRevenue": "130390000", "costOfRevenue": "41752000", "costofGoodsAndServicesSold": "41752000", "operatingIncome": "30919000", "sellingGeneralAndAdministrative": "10293000", "researchAndDevelopment": "None", "operatingExpenses": "57553000", "investmentIncomeNet": "None", "netInterestIncome": "-37586000", "interestIncome": "None", "interestExpense": "37586000", "nonInterestIncome": "None", "otherNonOperatingIncome": "None", "depreciation": "None", "depreciationAndAmortization": "177733000", "incomeBeforeTax": "13943000", "incomeTaxExpense": "16823000", "interestAndDebtExpense": "None", "netIncomeFromContinuingOperations": "75026000", "comprehensiveIncomeNetOfTax": "None", "ebit": "89265000", "ebitda": "266998000", "netIncome": "-2880000"}, {"fiscalDateEnding": "2021-12-31", "reportedCurrency": "USD", "grossProfit": "81785000", "totalRevenue": "116124000", "costOfRevenue": "34339000", "costofGoodsAndServicesSold": "34339000", "operatingIncome": "46676000", "sellingGeneralAndAdministrative": "9641000", "researchAndDevelopment": "None", "operatingExpenses": "52848000", "investmentIncomeNet": "None", "netInterestIncome": "-36551000", "interestIncome": "None", "interestExpense": "36551000", "nonInterestIncome": "None", "otherNonOperatingIncome": "None", "depreciation": "None", "depreciationAndAmortization": "178114000", "incomeBeforeTax": "28252000", "incomeTaxExpense": "19382000", "interestAndDebtExpense": "None", "netIncomeFromContinuingOperations": "28943000", "comprehensiveIncomeNetOfTax": "None", "ebit": "61099000", "ebitda": "239213000", "netIncome": "27294000"}, {"fiscalDateEnding": "2021-09-30", "reportedCurrency": "USD", "grossProfit": "79632000", "totalRevenue": "115311000", "costOfRevenue": "35679000", "costofGoodsAndServicesSold": "35679000", "operatingIncome": "31516000", "sellingGeneralAndAdministrative": "9534000", "researchAndDevelopment": "None", "operatingExpenses": "48116000", "investmentIncomeNet": "None", "netInterestIncome": "-35905000", "interestIncome": "None", "interestExpense": "35905000", "nonInterestIncome": "None", "otherNonOperatingIncome": "None", "depreciation": "None", "depreciationAndAmortization": "177175000", "incomeBeforeTax": "22045000", "incomeTaxExpense": "13789000", "interestAndDebtExpense": "None", "netIncomeFromContinuingOperations": "61305000", "comprehensiveIncomeNetOfTax": "None", "ebit": "78596000", "ebitda": "255771000", "netIncome": "21364000"}, {"fiscalDateEnding": "2021-06-30", "reportedCurrency": "USD", "grossProfit": "79469000", "totalRevenue": "112925000", "costOfRevenue": "33456000", "costofGoodsAndServicesSold": "33456000", "operatingIncome": "32247000", "sellingGeneralAndAdministrative": "9117000", "researchAndDevelopment": "None", "operatingExpenses": "47222000", "investmentIncomeNet": "None", "netInterestIncome": "-38681000", "interestIncome": "None", "interestExpense": "38681000", "nonInterestIncome": "None", "otherNonOperatingIncome": "None", "depreciation": "None", "depreciationAndAmortization": "171459000", "incomeBeforeTax": "18681000", "incomeTaxExpense": "13706000", "interestAndDebtExpense": "None", "netIncomeFromContinuingOperations": "168065000", "comprehensiveIncomeNetOfTax": "None", "ebit": "89940000", "ebitda": "261399000", "netIncome": "18113000"}, {"fiscalDateEnding": "2021-03-31", "reportedCurrency": "USD", "grossProfit": "79405000", "totalRevenue": "113339000", "costOfRevenue": "33934000", "costofGoodsAndServicesSold": "33934000", "operatingIncome": "31964000", "sellingGeneralAndAdministrative": "9465000", "researchAndDevelopment": "None", "operatingExpenses": "47441000", "investmentIncomeNet": "None", "netInterestIncome": "-46843000", "interestIncome": "46843000", "interestExpense": "46843000", "nonInterestIncome": "None", "otherNonOperatingIncome": "None", "depreciation": "None", "depreciationAndAmortization": "37991000", "incomeBeforeTax": "17805000", "incomeTaxExpense": "13906000", "interestAndDebtExpense": "None", "netIncomeFromContinuingOperations": "-120585000", "comprehensiveIncomeNetOfTax": "None", "ebit": "209824000", "ebitda": "247815000", "netIncome": "17194000"}, {"fiscalDateEnding": "2020-12-31", "reportedCurrency": "USD", "grossProfit": "77742000", "totalRevenue": "111445000", "costOfRevenue": "33703000", "costofGoodsAndServicesSold": "33703000", "operatingIncome": "31698000", "sellingGeneralAndAdministrative": "8198000", "researchAndDevelopment": "None", "operatingExpenses": "46044000", "investmentIncomeNet": "None", "netInterestIncome": "-54088000", "interestIncome": "218336000", "interestExpense": "46175000", "nonInterestIncome": "None", "otherNonOperatingIncome": "None", "depreciation": "None", "depreciationAndAmortization": "37846000", "incomeBeforeTax": "18609000", "incomeTaxExpense": "13882000", "interestAndDebtExpense": "None", "netIncomeFromContinuingOperations": "-19204000", "comprehensiveIncomeNetOfTax": "None", "ebit": "71424000", "ebitda": "109270000", "netIncome": "17984000"}, {"fiscalDateEnding": "2020-09-30", "reportedCurrency": "USD", "grossProfit": "77063000", "totalRevenue": "109566000", "costOfRevenue": "32503000", "costofGoodsAndServicesSold": "32503000", "operatingIncome": "30765000", "sellingGeneralAndAdministrative": "8346000", "researchAndDevelopment": "None", "operatingExpenses": "46298000", "investmentIncomeNet": "None", "netInterestIncome": "-56235000", "interestIncome": "56235000", "interestExpense": "53734000", "nonInterestIncome": "None", "otherNonOperatingIncome": "None", "depreciation": "None", "depreciationAndAmortization": "37952000", "incomeBeforeTax": "16475000", "incomeTaxExpense": "13682000", "interestAndDebtExpense": "None", "netIncomeFromContinuingOperations": "-59581000", "comprehensiveIncomeNetOfTax": "None", "ebit": "77063000", "ebitda": "115015000", "netIncome": "15899000"}, {"fiscalDateEnding": "2020-06-30", "reportedCurrency": "USD", "grossProfit": "78037000", "totalRevenue": "109066000", "costOfRevenue": "31029000", "costofGoodsAndServicesSold": "31029000", "operatingIncome": "32750000", "sellingGeneralAndAdministrative": "8242000", "researchAndDevelopment": "None", "operatingExpenses": "45287000", "investmentIncomeNet": "None", "netInterestIncome": "-57550000", "interestIncome": "57550000", "interestExpense": "54823000", "nonInterestIncome": "None", "otherNonOperatingIncome": "None", "depreciation": "None", "depreciationAndAmortization": "37045000", "incomeBeforeTax": "18444000", "incomeTaxExpense": "14712000", "interestAndDebtExpense": "None", "netIncomeFromContinuingOperations": "55049000", "comprehensiveIncomeNetOfTax": "None", "ebit": "203410000", "ebitda": "240455000", "netIncome": "17820000"}, {"fiscalDateEnding": "2020-03-31", "reportedCurrency": "USD", "grossProfit": "76465000", "totalRevenue": "107428000", "costOfRevenue": "30963000", "costofGoodsAndServicesSold": "30963000", "operatingIncome": "30741000", "sellingGeneralAndAdministrative": "8977000", "researchAndDevelopment": "None", "operatingExpenses": "45724000", "investmentIncomeNet": "None", "netInterestIncome": "-58376000", "interestIncome": "58376000", "interestExpense": "55691000", "nonInterestIncome": "None", "otherNonOperatingIncome": "None", "depreciation": "None", "depreciationAndAmortization": "36747000", "incomeBeforeTax": "14960000", "incomeTaxExpense": "16017000", "interestAndDebtExpense": "None", "netIncomeFromContinuingOperations": "282540000", "comprehensiveIncomeNetOfTax": "None", "ebit": "126182000", "ebitda": "162929000", "netIncome": "14414000"}, {"fiscalDateEnding": "2019-12-31", "reportedCurrency": "USD", "grossProfit": "76946000", "totalRevenue": "107417000", "costOfRevenue": "30471000", "costofGoodsAndServicesSold": "30471000", "operatingIncome": "31517000", "sellingGeneralAndAdministrative": "8341000", "researchAndDevelopment": "None", "operatingExpenses": "45429000", "investmentIncomeNet": "None", "netInterestIncome": "-58120000", "interestIncome": "2976000", "interestExpense": "58120000", "nonInterestIncome": "None", "otherNonOperatingIncome": "None", "depreciation": "None", "depreciationAndAmortization": "37088000", "incomeBeforeTax": "42751000", "incomeTaxExpense": "-1349000", "interestAndDebtExpense": "None", "netIncomeFromContinuingOperations": "47359000", "comprehensiveIncomeNetOfTax": "None", "ebit": "114417000", "ebitda": "151505000", "netIncome": "41397000"}, {"fiscalDateEnding": "2019-09-30", "reportedCurrency": "USD", "grossProfit": "76089000", "totalRevenue": "107593000", "costOfRevenue": "31504000", "costofGoodsAndServicesSold": "31504000", "operatingIncome": "31365000", "sellingGeneralAndAdministrative": "8110000", "researchAndDevelopment": "None", "operatingExpenses": "44724000", "investmentIncomeNet": "None", "netInterestIncome": "-61230000", "interestIncome": "2741000", "interestExpense": "61230000", "nonInterestIncome": "None", "otherNonOperatingIncome": "None", "depreciation": "None", "depreciationAndAmortization": "36614000", "incomeBeforeTax": "15619000", "incomeTaxExpense": "16785000", "interestAndDebtExpense": "None", "netIncomeFromContinuingOperations": "-42308000", "comprehensiveIncomeNetOfTax": "None", "ebit": "228999000", "ebitda": "265613000", "netIncome": "15049000"}, {"fiscalDateEnding": "2019-06-30", "reportedCurrency": "USD", "grossProfit": "64267000", "totalRevenue": "94903000", "costOfRevenue": "30636000", "costofGoodsAndServicesSold": "30636000", "operatingIncome": "20306000", "sellingGeneralAndAdministrative": "7676000", "researchAndDevelopment": "None", "operatingExpenses": "43961000", "investmentIncomeNet": "None", "netInterestIncome": "-56942000", "interestIncome": "2414000", "interestExpense": "56942000", "nonInterestIncome": "None", "otherNonOperatingIncome": "None", "depreciation": "None", "depreciationAndAmortization": "36285000", "incomeBeforeTax": "7316000", "incomeTaxExpense": "16419000", "interestAndDebtExpense": "None", "netIncomeFromContinuingOperations": "-9980000", "comprehensiveIncomeNetOfTax": "None", "ebit": "212832000", "ebitda": "249117000", "netIncome": "6980000"}, {"fiscalDateEnding": "2019-03-31", "reportedCurrency": "USD", "grossProfit": "73160000", "totalRevenue": "105368000", "costOfRevenue": "32208000", "costofGoodsAndServicesSold": "32208000", "operatingIncome": "27739000", "sellingGeneralAndAdministrative": "8972000", "researchAndDevelopment": "None", "operatingExpenses": "45421000", "investmentIncomeNet": "None", "netInterestIncome": "-49327000", "interestIncome": "49327000", "interestExpense": "49327000", "nonInterestIncome": "None", "otherNonOperatingIncome": "None", "depreciation": "None", "depreciationAndAmortization": "36449000", "incomeBeforeTax": "11500000", "incomeTaxExpense": "16742000", "interestAndDebtExpense": "None", "netIncomeFromContinuingOperations": "64990000", "comprehensiveIncomeNetOfTax": "None", "ebit": "204905000", "ebitda": "241354000", "netIncome": "11057000"}, {"fiscalDateEnding": "2018-12-31", "reportedCurrency": "USD", "grossProfit": "73361000", "totalRevenue": "105311000", "costOfRevenue": "31950000", "costofGoodsAndServicesSold": "31950000", "operatingIncome": "27336000", "sellingGeneralAndAdministrative": "6660000", "researchAndDevelopment": "None", "operatingExpenses": "46025000", "investmentIncomeNet": "None", "netInterestIncome": "None", "interestIncome": "None", "interestExpense": "54717000", "nonInterestIncome": "None", "otherNonOperatingIncome": "None", "depreciation": "None", "depreciationAndAmortization": "39365000", "incomeBeforeTax": "11156000", "incomeTaxExpense": "16655000", "interestAndDebtExpense": "None", "netIncomeFromContinuingOperations": "834383000", "comprehensiveIncomeNetOfTax": "None", "ebit": "167551000", "ebitda": "206916000", "netIncome": "10739000"}, {"fiscalDateEnding": "2018-09-30", "reportedCurrency": "USD", "grossProfit": "75158000", "totalRevenue": "105028000", "costOfRevenue": "29870000", "costofGoodsAndServicesSold": "29870000", "operatingIncome": "25842000", "sellingGeneralAndAdministrative": "6593000", "researchAndDevelopment": "None", "operatingExpenses": "49316000", "investmentIncomeNet": "None", "netInterestIncome": "None", "interestIncome": "None", "interestExpense": "63486000", "nonInterestIncome": "None", "otherNonOperatingIncome": "None", "depreciation": "None", "depreciationAndAmortization": "42723000", "incomeBeforeTax": "23771000", "incomeTaxExpense": "17129000", "interestAndDebtExpense": "None", "netIncomeFromContinuingOperations": "None", "comprehensiveIncomeNetOfTax": "None", "ebit": "204100000", "ebitda": "246823000", "netIncome": "22996000"}, {"fiscalDateEnding": "2018-06-30", "reportedCurrency": "USD", "grossProfit": "76648000", "totalRevenue": "106989000", "costOfRevenue": "30341000", "costofGoodsAndServicesSold": "30341000", "operatingIncome": "31819000", "sellingGeneralAndAdministrative": "7104000", "researchAndDevelopment": "None", "operatingExpenses": "44829000", "investmentIncomeNet": "None", "netInterestIncome": "None", "interestIncome": "None", "interestExpense": "73038000", "nonInterestIncome": "None", "otherNonOperatingIncome": "None", "depreciation": "None", "depreciationAndAmortization": "37725000", "incomeBeforeTax": "12062000", "incomeTaxExpense": "17658000", "interestAndDebtExpense": "None", "netIncomeFromContinuingOperations": "None", "comprehensiveIncomeNetOfTax": "None", "ebit": "233042000", "ebitda": "270767000", "netIncome": "11587000"}, {"fiscalDateEnding": "2018-03-31", "reportedCurrency": "USD", "grossProfit": "74764000", "totalRevenue": "105223000", "costOfRevenue": "30459000", "costofGoodsAndServicesSold": "30459000", "operatingIncome": "27729000", "sellingGeneralAndAdministrative": "8459000", "researchAndDevelopment": "None", "operatingExpenses": "47035000", "investmentIncomeNet": "None", "netInterestIncome": "None", "interestIncome": "None", "interestExpense": "75102000", "nonInterestIncome": "None", "otherNonOperatingIncome": "None", "depreciation": "None", "depreciationAndAmortization": "38576000", "incomeBeforeTax": "11332000", "incomeTaxExpense": "16946000", "interestAndDebtExpense": "None", "netIncomeFromContinuingOperations": "None", "comprehensiveIncomeNetOfTax": "None", "ebit": "236699000", "ebitda": "275275000", "netIncome": "10908000"}, {"fiscalDateEnding": "2017-12-31", "reportedCurrency": "USD", "grossProfit": "70364000", "totalRevenue": "97320000", "costOfRevenue": "26956000", "costofGoodsAndServicesSold": "26956000", "operatingIncome": "28124000", "sellingGeneralAndAdministrative": "6112000", "researchAndDevelopment": "None", "operatingExpenses": "42240000", "investmentIncomeNet": "None", "netInterestIncome": "None", "interestIncome": "None", "interestExpense": "71882000", "nonInterestIncome": "None", "otherNonOperatingIncome": "None", "depreciation": "None", "depreciationAndAmortization": "36128000", "incomeBeforeTax": "10187000", "incomeTaxExpense": "14246000", "interestAndDebtExpense": "None", "netIncomeFromContinuingOperations": "None", "comprehensiveIncomeNetOfTax": "None", "ebit": "102603000", "ebitda": "138731000", "netIncome": "9762000"}, {"fiscalDateEnding": "2017-09-30", "reportedCurrency": "USD", "grossProfit": "65528000", "totalRevenue": "92999000", "costOfRevenue": "27471000", "costofGoodsAndServicesSold": "27471000", "operatingIncome": "24509000", "sellingGeneralAndAdministrative": "5860000", "researchAndDevelopment": "None", "operatingExpenses": "38835000", "investmentIncomeNet": "None", "netInterestIncome": "None", "interestIncome": "None", "interestExpense": "71328000", "nonInterestIncome": "None", "otherNonOperatingIncome": "None", "depreciation": "None", "depreciationAndAmortization": "32975000", "incomeBeforeTax": "12539000", "incomeTaxExpense": "12441000", "interestAndDebtExpense": "None", "netIncomeFromContinuingOperations": "None", "comprehensiveIncomeNetOfTax": "None", "ebit": "241607000", "ebitda": "274582000", "netIncome": "12124000"}, {"fiscalDateEnding": "2017-06-30", "reportedCurrency": "USD", "grossProfit": "56080000", "totalRevenue": "76599000", "costOfRevenue": "20519000", "costofGoodsAndServicesSold": "20519000", "operatingIncome": "21708000", "sellingGeneralAndAdministrative": "6249000", "researchAndDevelopment": "None", "operatingExpenses": "34372000", "investmentIncomeNet": "None", "netInterestIncome": "None", "interestIncome": "None", "interestExpense": "77788000", "nonInterestIncome": "None", "otherNonOperatingIncome": "None", "depreciation": "None", "depreciationAndAmortization": "28123000", "incomeBeforeTax": "10331000", "incomeTaxExpense": "11974000", "interestAndDebtExpense": "None", "netIncomeFromContinuingOperations": "None", "comprehensiveIncomeNetOfTax": "None", "ebit": "198807000", "ebitda": "226930000", "netIncome": "9858000"}, {"fiscalDateEnding": "2017-03-31", "reportedCurrency": "USD", "grossProfit": "54577000", "totalRevenue": "76666000", "costOfRevenue": "22089000", "costofGoodsAndServicesSold": "22089000", "operatingIncome": "21908000", "sellingGeneralAndAdministrative": "4736000", "researchAndDevelopment": "None", "operatingExpenses": "32669000", "investmentIncomeNet": "None", "netInterestIncome": "None", "interestIncome": "None", "interestExpense": "86718000", "nonInterestIncome": "None", "otherNonOperatingIncome": "None", "depreciation": "None", "depreciationAndAmortization": "27933000", "incomeBeforeTax": "6716000", "incomeTaxExpense": "10157000", "interestAndDebtExpense": "None", "netIncomeFromContinuingOperations": "None", "comprehensiveIncomeNetOfTax": "None", "ebit": "281619000", "ebitda": "309552000", "netIncome": "6402000"}, {"fiscalDateEnding": "2016-12-31", "reportedCurrency": "USD", "grossProfit": "51669000", "totalRevenue": "73674000", "costOfRevenue": "22005000", "costofGoodsAndServicesSold": "22005000", "operatingIncome": "20425000", "sellingGeneralAndAdministrative": "4433000", "researchAndDevelopment": "None", "operatingExpenses": "31244000", "investmentIncomeNet": "None", "netInterestIncome": "None", "interestIncome": "None", "interestExpense": "103148000", "nonInterestIncome": "None", "otherNonOperatingIncome": "None", "depreciation": "None", "depreciationAndAmortization": "26811000", "incomeBeforeTax": "8620000", "incomeTaxExpense": "8477000", "interestAndDebtExpense": "None", "netIncomeFromContinuingOperations": "None", "comprehensiveIncomeNetOfTax": "None", "ebit": "-67677000", "ebitda": "-40866000", "netIncome": "8261000"}, {"fiscalDateEnding": "2016-09-30", "reportedCurrency": "USD", "grossProfit": "50851000", "totalRevenue": "70010000", "costOfRevenue": "19159000", "costofGoodsAndServicesSold": "19159000", "operatingIncome": "21965000", "sellingGeneralAndAdministrative": "4917000", "researchAndDevelopment": "None", "operatingExpenses": "28886000", "investmentIncomeNet": "None", "netInterestIncome": "None", "interestIncome": "None", "interestExpense": "117860000", "nonInterestIncome": "None", "otherNonOperatingIncome": "None", "depreciation": "None", "depreciationAndAmortization": "23969000", "incomeBeforeTax": "10294000", "incomeTaxExpense": "7758000", "interestAndDebtExpense": "None", "netIncomeFromContinuingOperations": "None", "comprehensiveIncomeNetOfTax": "None", "ebit": "50851000", "ebitda": "74820000", "netIncome": "9863000"}, {"fiscalDateEnding": "2016-06-30", "reportedCurrency": "USD", "grossProfit": "39418000", "totalRevenue": "53216000", "costOfRevenue": "13798000", "costofGoodsAndServicesSold": "13798000", "operatingIncome": "14693000", "sellingGeneralAndAdministrative": "4926000", "researchAndDevelopment": "None", "operatingExpenses": "24725000", "investmentIncomeNet": "None", "netInterestIncome": "None", "interestIncome": "None", "interestExpense": "121333000", "nonInterestIncome": "None", "otherNonOperatingIncome": "None", "depreciation": "None", "depreciationAndAmortization": "19799000", "incomeBeforeTax": "7184000", "incomeTaxExpense": "4566000", "interestAndDebtExpense": "None", "netIncomeFromContinuingOperations": "None", "comprehensiveIncomeNetOfTax": "None", "ebit": "315854000", "ebitda": "335653000", "netIncome": "6923000"}, {"fiscalDateEnding": "2016-03-31", "reportedCurrency": "USD", "grossProfit": "33097000", "totalRevenue": "44134000", "costOfRevenue": "11037000", "costofGoodsAndServicesSold": "11037000", "operatingIncome": "12966000", "sellingGeneralAndAdministrative": "4121000", "researchAndDevelopment": "None", "operatingExpenses": "20131000", "investmentIncomeNet": "None", "netInterestIncome": "None", "interestIncome": "None", "interestExpense": "122062000", "nonInterestIncome": "None", "otherNonOperatingIncome": "None", "depreciation": "None", "depreciationAndAmortization": "16010000", "incomeBeforeTax": "5424000", "incomeTaxExpense": "4719000", "interestAndDebtExpense": "None", "netIncomeFromContinuingOperations": "None", "comprehensiveIncomeNetOfTax": "None", "ebit": "300564000", "ebitda": "316574000", "netIncome": "4934000"}, {"fiscalDateEnding": "2015-12-31", "reportedCurrency": "USD", "grossProfit": "30357000", "totalRevenue": "40404000", "costOfRevenue": "10047000", "costofGoodsAndServicesSold": "10047000", "operatingIncome": "12404000", "sellingGeneralAndAdministrative": "3549000", "researchAndDevelopment": "None", "operatingExpenses": "17953000", "investmentIncomeNet": "None", "netInterestIncome": "None", "interestIncome": "None", "interestExpense": "122027000", "nonInterestIncome": "None", "otherNonOperatingIncome": "None", "depreciation": "None", "depreciationAndAmortization": "14404000", "incomeBeforeTax": "5909000", "incomeTaxExpense": "3783000", "interestAndDebtExpense": "None", "netIncomeFromContinuingOperations": "None", "comprehensiveIncomeNetOfTax": "None", "ebit": "-352965000", "ebitda": "-338561000", "netIncome": "5544000"}, {"fiscalDateEnding": "2015-09-30", "reportedCurrency": "USD", "grossProfit": "26904000", "totalRevenue": "34870000", "costOfRevenue": "7966000", "costofGoodsAndServicesSold": "7966000", "operatingIncome": "10410000", "sellingGeneralAndAdministrative": "4018000", "researchAndDevelopment": "None", "operatingExpenses": "16494000", "investmentIncomeNet": "None", "netInterestIncome": "None", "interestIncome": "None", "interestExpense": "122157000", "nonInterestIncome": "None", "otherNonOperatingIncome": "None", "depreciation": "None", "depreciationAndAmortization": "12476000", "incomeBeforeTax": "3983000", "incomeTaxExpense": "3646000", "interestAndDebtExpense": "None", "netIncomeFromContinuingOperations": "None", "comprehensiveIncomeNetOfTax": "None", "ebit": "379279000", "ebitda": "391755000", "netIncome": "3704000"}, {"fiscalDateEnding": "2015-06-30", "reportedCurrency": "USD", "grossProfit": "22379000", "totalRevenue": "29683000", "costOfRevenue": "7304000", "costofGoodsAndServicesSold": "7304000", "operatingIncome": "8039000", "sellingGeneralAndAdministrative": "3989000", "researchAndDevelopment": "None", "operatingExpenses": "14340000", "investmentIncomeNet": "None", "netInterestIncome": "None", "interestIncome": "None", "interestExpense": "118632000", "nonInterestIncome": "None", "otherNonOperatingIncome": "None", "depreciation": "None", "depreciationAndAmortization": "10351000", "incomeBeforeTax": "3297000", "incomeTaxExpense": "2520000", "interestAndDebtExpense": "None", "netIncomeFromContinuingOperations": "None", "comprehensiveIncomeNetOfTax": "None", "ebit": "379868000", "ebitda": "390219000", "netIncome": "2996000"}, {"fiscalDateEnding": "2015-03-31", "reportedCurrency": "USD", "grossProfit": "18775000", "totalRevenue": "24484000", "costOfRevenue": "5709000", "costofGoodsAndServicesSold": "5709000", "operatingIncome": "7183000", "sellingGeneralAndAdministrative": "3352000", "researchAndDevelopment": "None", "operatingExpenses": "11592000", "investmentIncomeNet": "None", "netInterestIncome": "None", "interestIncome": "None", "interestExpense": "116780000", "nonInterestIncome": "None", "otherNonOperatingIncome": "None", "depreciation": "None", "depreciationAndAmortization": "8240000", "incomeBeforeTax": "-448000", "incomeTaxExpense": "1744000", "interestAndDebtExpense": "None", "netIncomeFromContinuingOperations": "None", "comprehensiveIncomeNetOfTax": "None", "ebit": "18775000", "ebitda": "27015000", "netIncome": "-456000"}, {"fiscalDateEnding": "2014-12-31", "reportedCurrency": "USD", "grossProfit": "15907000", "totalRevenue": "19694000", "costOfRevenue": "3787000", "costofGoodsAndServicesSold": "3787000", "operatingIncome": "7168000", "sellingGeneralAndAdministrative": "2573000", "researchAndDevelopment": "None", "operatingExpenses": "8739000", "investmentIncomeNet": "None", "netInterestIncome": "None", "interestIncome": "None", "interestExpense": "114987000", "nonInterestIncome": "None", "otherNonOperatingIncome": "None", "depreciation": "None", "depreciationAndAmortization": "6166000", "incomeBeforeTax": "1991000", "incomeTaxExpense": "2364000", "interestAndDebtExpense": "None", "netIncomeFromContinuingOperations": "None", "comprehensiveIncomeNetOfTax": "None", "ebit": "448091000", "ebitda": "454257000", "netIncome": "1711000"}, {"fiscalDateEnding": "2014-09-30", "reportedCurrency": "USD", "grossProfit": "11630000", "totalRevenue": "14161000", "costOfRevenue": "2531000", "costofGoodsAndServicesSold": "2531000", "operatingIncome": "2772000", "sellingGeneralAndAdministrative": "4445000", "researchAndDevelopment": "None", "operatingExpenses": "8858000", "investmentIncomeNet": "None", "netInterestIncome": "None", "interestIncome": "None", "interestExpense": "111275000", "nonInterestIncome": "None", "otherNonOperatingIncome": "None", "depreciation": "None", "depreciationAndAmortization": "4413000", "incomeBeforeTax": "-2251000", "incomeTaxExpense": "1780000", "interestAndDebtExpense": "None", "netIncomeFromContinuingOperations": "None", "comprehensiveIncomeNetOfTax": "None", "ebit": "470783000", "ebitda": "475196000", "netIncome": "-2094000"}, {"fiscalDateEnding": "2014-06-30", "reportedCurrency": "USD", "grossProfit": "9220000", "totalRevenue": "11447000", "costOfRevenue": "2227000", "costofGoodsAndServicesSold": "2227000", "operatingIncome": "3076000", "sellingGeneralAndAdministrative": "2408000", "researchAndDevelopment": "None", "operatingExpenses": "6144000", "investmentIncomeNet": "None", "netInterestIncome": "None", "interestIncome": "None", "interestExpense": "106842000", "nonInterestIncome": "None", "otherNonOperatingIncome": "None", "depreciation": "None", "depreciationAndAmortization": "3736000", "incomeBeforeTax": "-600000", "incomeTaxExpense": "1644000", "interestAndDebtExpense": "None", "netIncomeFromContinuingOperations": "None", "comprehensiveIncomeNetOfTax": "None", "ebit": "425165000", "ebitda": "428901000", "netIncome": "-561000"}, {"fiscalDateEnding": "2014-03-31", "reportedCurrency": "USD", "grossProfit": "6382000", "totalRevenue": "7991000", "costOfRevenue": "1609000", "costofGoodsAndServicesSold": "1609000", "operatingIncome": "1952000", "sellingGeneralAndAdministrative": "2014000", "researchAndDevelopment": "None", "operatingExpenses": "4430000", "investmentIncomeNet": "None", "netInterestIncome": "None", "interestIncome": "None", "interestExpense": "106638000", "nonInterestIncome": "None", "otherNonOperatingIncome": "None", "depreciation": "None", "depreciationAndAmortization": "2416000", "incomeBeforeTax": "-3558000", "incomeTaxExpense": "833000", "interestAndDebtExpense": "None", "netIncomeFromContinuingOperations": "None", "comprehensiveIncomeNetOfTax": "None", "ebit": "432405000", "ebitda": "434821000", "netIncome": "-3093000"}, {"fiscalDateEnding": "2013-12-31", "reportedCurrency": "USD", "grossProfit": "5376000", "totalRevenue": "6448000", "costOfRevenue": "1072000", "costofGoodsAndServicesSold": "1072000", "operatingIncome": "503000", "sellingGeneralAndAdministrative": "1707000", "researchAndDevelopment": "None", "operatingExpenses": "3691000", "investmentIncomeNet": "None", "netInterestIncome": "None", "interestIncome": "None", "interestExpense": "109158000", "nonInterestIncome": "None", "otherNonOperatingIncome": "None", "depreciation": "None", "depreciationAndAmortization": "1984000", "incomeBeforeTax": "-638000", "incomeTaxExpense": "2186000", "interestAndDebtExpense": "None", "netIncomeFromContinuingOperations": "None", "comprehensiveIncomeNetOfTax": "None", "ebit": "443478000", "ebitda": "445462000", "netIncome": "-501000"}, {"fiscalDateEnding": "2013-09-30", "reportedCurrency": "USD", "grossProfit": "2583000", "totalRevenue": "3713000", "costOfRevenue": "1130000", "costofGoodsAndServicesSold": "1130000", "operatingIncome": "-606000", "sellingGeneralAndAdministrative": "1285000", "researchAndDevelopment": "None", "operatingExpenses": "2431000", "investmentIncomeNet": "None", "netInterestIncome": "None", "interestIncome": "None", "interestExpense": "108088000", "nonInterestIncome": "None", "otherNonOperatingIncome": "None", "depreciation": "None", "depreciationAndAmortization": "1146000", "incomeBeforeTax": "-1416000", "incomeTaxExpense": "564000", "interestAndDebtExpense": "None", "netIncomeFromContinuingOperations": "None", "comprehensiveIncomeNetOfTax": "None", "ebit": "425900000", "ebitda": "427046000", "netIncome": "-1154000"}, {"fiscalDateEnding": "2013-06-30", "reportedCurrency": "USD", "grossProfit": "2061630", "totalRevenue": "3322183", "costOfRevenue": "1260553", "costofGoodsAndServicesSold": "1260553", "operatingIncome": "682361", "sellingGeneralAndAdministrative": "339789", "researchAndDevelopment": "None", "operatingExpenses": "1379269", "investmentIncomeNet": "None", "netInterestIncome": "None", "interestIncome": "None", "interestExpense": "108452000", "nonInterestIncome": "None", "otherNonOperatingIncome": "None", "depreciation": "None", "depreciationAndAmortization": "1039479", "incomeBeforeTax": "-283075", "incomeTaxExpense": "1059082", "interestAndDebtExpense": "None", "netIncomeFromContinuingOperations": "None", "comprehensiveIncomeNetOfTax": "None", "ebit": "407260521", "ebitda": "408300000", "netIncome": "-261413"}, {"fiscalDateEnding": "2013-03-31", "reportedCurrency": "USD", "grossProfit": "2052312", "totalRevenue": "3315929", "costOfRevenue": "1263617", "costofGoodsAndServicesSold": "1263617", "operatingIncome": "673666", "sellingGeneralAndAdministrative": "357633", "researchAndDevelopment": "None", "operatingExpenses": "1378646", "investmentIncomeNet": "None", "netInterestIncome": "None", "interestIncome": "None", "interestExpense": "109110000", "nonInterestIncome": "None", "otherNonOperatingIncome": "None", "depreciation": "None", "depreciationAndAmortization": "1021013", "incomeBeforeTax": "-301353", "incomeTaxExpense": "1107523", "interestAndDebtExpense": "None", "netIncomeFromContinuingOperations": "None", "comprehensiveIncomeNetOfTax": "None", "ebit": "428934987", "ebitda": "429956000", "netIncome": "-359476"}, {"fiscalDateEnding": "2012-12-31", "reportedCurrency": "USD", "grossProfit": "2095112", "totalRevenue": "3392899", "costOfRevenue": "1297787", "costofGoodsAndServicesSold": "1297787", "operatingIncome": "-397385", "sellingGeneralAndAdministrative": "307565", "researchAndDevelopment": "None", "operatingExpenses": "1556104", "investmentIncomeNet": "None", "netInterestIncome": "None", "interestIncome": "None", "interestExpense": "107255000", "nonInterestIncome": "None", "otherNonOperatingIncome": "None", "depreciation": "None", "depreciationAndAmortization": "1009044", "incomeBeforeTax": "-1203991", "incomeTaxExpense": "1232771", "interestAndDebtExpense": "None", "netIncomeFromContinuingOperations": "None", "comprehensiveIncomeNetOfTax": "None", "ebit": "408036956", "ebitda": "409046000", "netIncome": "-1326607"}, {"fiscalDateEnding": "2012-09-30", "reportedCurrency": "USD", "grossProfit": "2001000", "totalRevenue": "3111000", "costOfRevenue": "1110000", "costofGoodsAndServicesSold": "1110000", "operatingIncome": "525000", "sellingGeneralAndAdministrative": "342000", "researchAndDevelopment": "None", "operatingExpenses": "1315000", "investmentIncomeNet": "None", "netInterestIncome": "None", "interestIncome": "None", "interestExpense": "103355000", "nonInterestIncome": "None", "otherNonOperatingIncome": "None", "depreciation": "None", "depreciationAndAmortization": "1119433", "incomeBeforeTax": "-678000", "incomeTaxExpense": "286000", "interestAndDebtExpense": "None", "netIncomeFromContinuingOperations": "None", "comprehensiveIncomeNetOfTax": "None", "ebit": "367770567", "ebitda": "368890000", "netIncome": "239000"}, {"fiscalDateEnding": "2012-06-30", "reportedCurrency": "USD", "grossProfit": "1995998", "totalRevenue": "3180757", "costOfRevenue": "1184759", "costofGoodsAndServicesSold": "1184759", "operatingIncome": "700084", "sellingGeneralAndAdministrative": "267119", "researchAndDevelopment": "None", "operatingExpenses": "1295914", "investmentIncomeNet": "None", "netInterestIncome": "None", "interestIncome": "None", "interestExpense": "102354000", "nonInterestIncome": "None", "otherNonOperatingIncome": "None", "depreciation": "None", "depreciationAndAmortization": "1127387", "incomeBeforeTax": "-395089", "incomeTaxExpense": "795564", "interestAndDebtExpense": "None", "netIncomeFromContinuingOperations": "None", "comprehensiveIncomeNetOfTax": "None", "ebit": "375438613", "ebitda": "376566000", "netIncome": "-63525"}, {"fiscalDateEnding": "2012-03-31", "reportedCurrency": "USD", "grossProfit": "2097232", "totalRevenue": "3262645", "costOfRevenue": "1165413", "costofGoodsAndServicesSold": "1165413", "operatingIncome": "573217", "sellingGeneralAndAdministrative": "396589", "researchAndDevelopment": "None", "operatingExpenses": "1457162", "investmentIncomeNet": "None", "netInterestIncome": "None", "interestIncome": "None", "interestExpense": "103752000", "nonInterestIncome": "None", "otherNonOperatingIncome": "None", "depreciation": "None", "depreciationAndAmortization": "1173180", "incomeBeforeTax": "-576240", "incomeTaxExpense": "1189558", "interestAndDebtExpense": "None", "netIncomeFromContinuingOperations": "None", "comprehensiveIncomeNetOfTax": "None", "ebit": "367667820", "ebitda": "368841000", "netIncome": "-590158"}, {"fiscalDateEnding": "2011-12-31", "reportedCurrency": "USD", "grossProfit": "391270000", "totalRevenue": "460303000", "costOfRevenue": "69033000", "costofGoodsAndServicesSold": "69033000", "operatingIncome": "284786000", "sellingGeneralAndAdministrative": "19678000", "researchAndDevelopment": "None", "operatingExpenses": "106484000", "investmentIncomeNet": "None", "netInterestIncome": "None", "interestIncome": "None", "interestExpense": "101434000", "nonInterestIncome": "None", "otherNonOperatingIncome": "None", "depreciation": "None", "depreciationAndAmortization": "86128000", "incomeBeforeTax": "53632000", "incomeTaxExpense": "959000", "interestAndDebtExpense": "None", "netIncomeFromContinuingOperations": "None", "comprehensiveIncomeNetOfTax": "None", "ebit": "285464000", "ebitda": "371592000", "netIncome": "67844000"}, {"fiscalDateEnding": "2011-09-30", "reportedCurrency": "USD", "grossProfit": "387000000", "totalRevenue": "444672000", "costOfRevenue": "57672000", "costofGoodsAndServicesSold": "57672000", "operatingIncome": "174598000", "sellingGeneralAndAdministrative": "19648000", "researchAndDevelopment": "None", "operatingExpenses": "108204000", "investmentIncomeNet": "None", "netInterestIncome": "None", "interestIncome": "None", "interestExpense": "104198000", "nonInterestIncome": "None", "otherNonOperatingIncome": "None", "depreciation": "None", "depreciationAndAmortization": "87378000", "incomeBeforeTax": "158426000", "incomeTaxExpense": "5000", "interestAndDebtExpense": "None", "netIncomeFromContinuingOperations": "None", "comprehensiveIncomeNetOfTax": "None", "ebit": "279974000", "ebitda": "367352000", "netIncome": "172195000"}, {"fiscalDateEnding": "2011-06-30", "reportedCurrency": "USD", "grossProfit": "442085000", "totalRevenue": "488706000", "costOfRevenue": "46621000", "costofGoodsAndServicesSold": "46621000", "operatingIncome": "212032000", "sellingGeneralAndAdministrative": "34872000", "researchAndDevelopment": "None", "operatingExpenses": "124924000", "investmentIncomeNet": "None", "netInterestIncome": "None", "interestIncome": "None", "interestExpense": "105129000", "nonInterestIncome": "None", "otherNonOperatingIncome": "None", "depreciation": "None", "depreciationAndAmortization": "88865000", "incomeBeforeTax": "219550000", "incomeTaxExpense": "248000", "interestAndDebtExpense": "None", "netIncomeFromContinuingOperations": "None", "comprehensiveIncomeNetOfTax": "None", "ebit": "318348000", "ebitda": "407213000", "netIncome": "228759000"}, {"fiscalDateEnding": "2011-03-31", "reportedCurrency": "USD", "grossProfit": "284859000", "totalRevenue": "331705000", "costOfRevenue": "46846000", "costofGoodsAndServicesSold": "46846000", "operatingIncome": "62911000", "sellingGeneralAndAdministrative": "21952000", "researchAndDevelopment": "None", "operatingExpenses": "113372000", "investmentIncomeNet": "None", "netInterestIncome": "None", "interestIncome": "None", "interestExpense": "108576000", "nonInterestIncome": "None", "otherNonOperatingIncome": "None", "depreciation": "None", "depreciationAndAmortization": "90514000", "incomeBeforeTax": "73223000", "incomeTaxExpense": "37000", "interestAndDebtExpense": "None", "netIncomeFromContinuingOperations": "None", "comprehensiveIncomeNetOfTax": "None", "ebit": "172393000", "ebitda": "262907000", "netIncome": "70093000"}, {"fiscalDateEnding": "2010-12-31", "reportedCurrency": "USD", "grossProfit": "282825000", "totalRevenue": "341073000", "costOfRevenue": "58248000", "costofGoodsAndServicesSold": "58248000", "operatingIncome": "174972000", "sellingGeneralAndAdministrative": "18009000", "researchAndDevelopment": "None", "operatingExpenses": "107853000", "investmentIncomeNet": "None", "netInterestIncome": "None", "interestIncome": "None", "interestExpense": "68347000", "nonInterestIncome": "None", "otherNonOperatingIncome": "None", "depreciation": "None", "depreciationAndAmortization": "77016000", "incomeBeforeTax": "127193000", "incomeTaxExpense": "-1397000", "interestAndDebtExpense": "None", "netIncomeFromContinuingOperations": "None", "comprehensiveIncomeNetOfTax": "None", "ebit": "175900000", "ebitda": "252916000", "netIncome": "141917000"}, {"fiscalDateEnding": "2010-09-30", "reportedCurrency": "USD", "grossProfit": "256688000", "totalRevenue": "317149000", "costOfRevenue": "60461000", "costofGoodsAndServicesSold": "60461000", "operatingIncome": "158764000", "sellingGeneralAndAdministrative": "19590000", "researchAndDevelopment": "None", "operatingExpenses": "97924000", "investmentIncomeNet": "None", "netInterestIncome": "None", "interestIncome": "None", "interestExpense": "71600000", "nonInterestIncome": "None", "otherNonOperatingIncome": "None", "depreciation": "None", "depreciationAndAmortization": "76878000", "incomeBeforeTax": "93821000", "incomeTaxExpense": "867000", "interestAndDebtExpense": "None", "netIncomeFromContinuingOperations": "None", "comprehensiveIncomeNetOfTax": "None", "ebit": "160220000", "ebitda": "237098000", "netIncome": "22655000"}, {"fiscalDateEnding": "2010-06-30", "reportedCurrency": "USD", "grossProfit": "257568000", "totalRevenue": "303019000", "costOfRevenue": "45451000", "costofGoodsAndServicesSold": "45451000", "operatingIncome": "159130000", "sellingGeneralAndAdministrative": "20526000", "researchAndDevelopment": "None", "operatingExpenses": "98438000", "investmentIncomeNet": "None", "netInterestIncome": "None", "interestIncome": "None", "interestExpense": "72747000", "nonInterestIncome": "None", "otherNonOperatingIncome": "None", "depreciation": "None", "depreciationAndAmortization": "76108000", "incomeBeforeTax": "86607000", "incomeTaxExpense": "577000", "interestAndDebtExpense": "None", "netIncomeFromContinuingOperations": "None", "comprehensiveIncomeNetOfTax": "None", "ebit": "160934000", "ebitda": "237042000", "netIncome": "85101000"}, {"fiscalDateEnding": "2010-03-31", "reportedCurrency": "USD", "grossProfit": "249797000", "totalRevenue": "295914000", "costOfRevenue": "46117000", "costofGoodsAndServicesSold": "46117000", "operatingIncome": "146726000", "sellingGeneralAndAdministrative": "24924000", "researchAndDevelopment": "None", "operatingExpenses": "103071000", "investmentIncomeNet": "None", "netInterestIncome": "None", "interestIncome": "None", "interestExpense": "75956000", "nonInterestIncome": "None", "otherNonOperatingIncome": "None", "depreciation": "None", "depreciationAndAmortization": "77067000", "incomeBeforeTax": "83026000", "incomeTaxExpense": "387000", "interestAndDebtExpense": "None", "netIncomeFromContinuingOperations": "None", "comprehensiveIncomeNetOfTax": "None", "ebit": "147806000", "ebitda": "224873000", "netIncome": "81036000"}, {"fiscalDateEnding": "2009-12-31", "reportedCurrency": "USD", "grossProfit": "337341000", "totalRevenue": "383427000", "costOfRevenue": "46086000", "costofGoodsAndServicesSold": "46086000", "operatingIncome": "243225000", "sellingGeneralAndAdministrative": "16851000", "researchAndDevelopment": "None", "operatingExpenses": "94116000", "investmentIncomeNet": "None", "netInterestIncome": "None", "interestIncome": "None", "interestExpense": "72844000", "nonInterestIncome": "None", "otherNonOperatingIncome": "None", "depreciation": "None", "depreciationAndAmortization": "75418000", "incomeBeforeTax": "30809000", "incomeTaxExpense": "518000", "interestAndDebtExpense": "None", "netIncomeFromContinuingOperations": "None", "comprehensiveIncomeNetOfTax": "None", "ebit": "152045000", "ebitda": "227463000", "netIncome": "31679000"}, {"fiscalDateEnding": "2009-09-30", "reportedCurrency": "USD", "grossProfit": "209156000", "totalRevenue": "255329000", "costOfRevenue": "46173000", "costofGoodsAndServicesSold": "46173000", "operatingIncome": "2022000", "sellingGeneralAndAdministrative": "124833000", "researchAndDevelopment": "None", "operatingExpenses": "207134000", "investmentIncomeNet": "None", "netInterestIncome": "None", "interestIncome": "None", "interestExpense": "74039000", "nonInterestIncome": "None", "otherNonOperatingIncome": "None", "depreciation": "None", "depreciationAndAmortization": "80680000", "incomeBeforeTax": "-47178000", "incomeTaxExpense": "-322000", "interestAndDebtExpense": "None", "netIncomeFromContinuingOperations": "None", "comprehensiveIncomeNetOfTax": "None", "ebit": "43605000", "ebitda": "124285000", "netIncome": "-47115000"}, {"fiscalDateEnding": "2009-06-30", "reportedCurrency": "USD", "grossProfit": "222131000", "totalRevenue": "267336000", "costOfRevenue": "45205000", "costofGoodsAndServicesSold": "45205000", "operatingIncome": "74985000", "sellingGeneralAndAdministrative": "20932000", "researchAndDevelopment": "None", "operatingExpenses": "100538000", "investmentIncomeNet": "None", "netInterestIncome": "None", "interestIncome": "None", "interestExpense": "75340000", "nonInterestIncome": "None", "otherNonOperatingIncome": "None", "depreciation": "None", "depreciationAndAmortization": "71309000", "incomeBeforeTax": "69079000", "incomeTaxExpense": "841000", "interestAndDebtExpense": "None", "netIncomeFromContinuingOperations": "None", "comprehensiveIncomeNetOfTax": "None", "ebit": "158622000", "ebitda": "229931000", "netIncome": "97067000"}, {"fiscalDateEnding": "2009-03-31", "reportedCurrency": "USD", "grossProfit": "203939000", "totalRevenue": "251615000", "costOfRevenue": "47676000", "costofGoodsAndServicesSold": "47676000", "operatingIncome": "52070000", "sellingGeneralAndAdministrative": "18991000", "researchAndDevelopment": "None", "operatingExpenses": "99528000", "investmentIncomeNet": "None", "netInterestIncome": "None", "interestIncome": "None", "interestExpense": "76674000", "nonInterestIncome": "None", "otherNonOperatingIncome": "None", "depreciation": "None", "depreciationAndAmortization": "77938000", "incomeBeforeTax": "52070000", "incomeTaxExpense": "915000", "interestAndDebtExpense": "None", "netIncomeFromContinuingOperations": "None", "comprehensiveIncomeNetOfTax": "None", "ebit": "131343000", "ebitda": "209281000", "netIncome": "48568000"}, {"fiscalDateEnding": "2008-12-31", "reportedCurrency": "USD", "grossProfit": "214765000", "totalRevenue": "263265000", "costOfRevenue": "48500000", "costofGoodsAndServicesSold": "48500000", "operatingIncome": "112774000", "sellingGeneralAndAdministrative": "18773000", "researchAndDevelopment": "None", "operatingExpenses": "100334000", "investmentIncomeNet": "None", "netInterestIncome": "None", "interestIncome": "None", "interestExpense": "83902000", "nonInterestIncome": "None", "otherNonOperatingIncome": "None", "depreciation": "None", "depreciationAndAmortization": "81292000", "incomeBeforeTax": "44876000", "incomeTaxExpense": "-512000", "interestAndDebtExpense": "None", "netIncomeFromContinuingOperations": "None", "comprehensiveIncomeNetOfTax": "None", "ebit": "142804000", "ebitda": "224096000", "netIncome": "40371000"}, {"fiscalDateEnding": "2008-09-30", "reportedCurrency": "USD", "grossProfit": "220092000", "totalRevenue": "269938000", "costOfRevenue": "49846000", "costofGoodsAndServicesSold": "49846000", "operatingIncome": "103955000", "sellingGeneralAndAdministrative": "17541000", "researchAndDevelopment": "None", "operatingExpenses": "95200000", "investmentIncomeNet": "None", "netInterestIncome": "None", "interestIncome": "None", "interestExpense": "83249000", "nonInterestIncome": "None", "otherNonOperatingIncome": "None", "depreciation": "None", "depreciationAndAmortization": "77659000", "incomeBeforeTax": "100245000", "incomeTaxExpense": "866000", "interestAndDebtExpense": "None", "netIncomeFromContinuingOperations": "None", "comprehensiveIncomeNetOfTax": "None", "ebit": "183494000", "ebitda": "261153000", "netIncome": "125417000"}, {"fiscalDateEnding": "2008-06-30", "reportedCurrency": "USD", "grossProfit": "203792000", "totalRevenue": "251372000", "costOfRevenue": "47580000", "costofGoodsAndServicesSold": "47580000", "operatingIncome": "106644000", "sellingGeneralAndAdministrative": "18840000", "researchAndDevelopment": "None", "operatingExpenses": "97148000", "investmentIncomeNet": "None", "netInterestIncome": "None", "interestIncome": "None", "interestExpense": "85509000", "nonInterestIncome": "None", "otherNonOperatingIncome": "None", "depreciation": "None", "depreciationAndAmortization": "77811000", "incomeBeforeTax": "42159000", "incomeTaxExpense": "1274000", "interestAndDebtExpense": "None", "netIncomeFromContinuingOperations": "None", "comprehensiveIncomeNetOfTax": "None", "ebit": "137880000", "ebitda": "215691000", "netIncome": "232295000"}, {"fiscalDateEnding": "2008-03-31", "reportedCurrency": "USD", "grossProfit": "200749000", "totalRevenue": "252177000", "costOfRevenue": "51428000", "costofGoodsAndServicesSold": "51428000", "operatingIncome": "100935000", "sellingGeneralAndAdministrative": "20538000", "researchAndDevelopment": "None", "operatingExpenses": "99814000", "investmentIncomeNet": "None", "netInterestIncome": "None", "interestIncome": "None", "interestExpense": "192740000", "nonInterestIncome": "None", "otherNonOperatingIncome": "None", "depreciation": "None", "depreciationAndAmortization": "80206000", "incomeBeforeTax": "35463000", "incomeTaxExpense": "2245000", "interestAndDebtExpense": "None", "netIncomeFromContinuingOperations": "None", "comprehensiveIncomeNetOfTax": "None", "ebit": "228203000", "ebitda": "308409000", "netIncome": "50412000"}, {"fiscalDateEnding": "2007-12-31", "reportedCurrency": "USD", "grossProfit": "164775000", "totalRevenue": "217661000", "costOfRevenue": "52886000", "costofGoodsAndServicesSold": "52886000", "operatingIncome": "70355000", "sellingGeneralAndAdministrative": "15487000", "researchAndDevelopment": "None", "operatingExpenses": "94420000", "investmentIncomeNet": "None", "netInterestIncome": "None", "interestIncome": "None", "interestExpense": "None", "nonInterestIncome": "None", "otherNonOperatingIncome": "None", "depreciation": "None", "depreciationAndAmortization": "99712000", "incomeBeforeTax": "-538720000", "incomeTaxExpense": "-129311000", "interestAndDebtExpense": "None", "netIncomeFromContinuingOperations": "None", "comprehensiveIncomeNetOfTax": "None", "ebit": "70355000", "ebitda": "170067000", "netIncome": "50295000"}, {"fiscalDateEnding": "2007-09-30", "reportedCurrency": "USD", "grossProfit": "231667000", "totalRevenue": "284249000", "costOfRevenue": "52582000", "costofGoodsAndServicesSold": "52582000", "operatingIncome": "140856000", "sellingGeneralAndAdministrative": "16558000", "researchAndDevelopment": "None", "operatingExpenses": "90811000", "investmentIncomeNet": "None", "netInterestIncome": "None", "interestIncome": "None", "interestExpense": "None", "nonInterestIncome": "None", "otherNonOperatingIncome": "None", "depreciation": "None", "depreciationAndAmortization": "74304000", "incomeBeforeTax": "322148000", "incomeTaxExpense": "103829000", "interestAndDebtExpense": "None", "netIncomeFromContinuingOperations": "None", "comprehensiveIncomeNetOfTax": "None", "ebit": "140856000", "ebitda": "215160000", "netIncome": "322148000"}, {"fiscalDateEnding": "2007-06-30", "reportedCurrency": "USD", "grossProfit": "203798000", "totalRevenue": "242747000", "costOfRevenue": "38949000", "costofGoodsAndServicesSold": "38949000", "operatingIncome": "125072000", "sellingGeneralAndAdministrative": "18292000", "researchAndDevelopment": "None", "operatingExpenses": "78726000", "investmentIncomeNet": "None", "netInterestIncome": "None", "interestIncome": "None", "interestExpense": "None", "nonInterestIncome": "None", "otherNonOperatingIncome": "None", "depreciation": "None", "depreciationAndAmortization": "63203000", "incomeBeforeTax": "71284000", "incomeTaxExpense": "53788000", "interestAndDebtExpense": "None", "netIncomeFromContinuingOperations": "None", "comprehensiveIncomeNetOfTax": "None", "ebit": "104790000", "ebitda": "167993000", "netIncome": "71284000"}, {"fiscalDateEnding": "2007-03-31", "reportedCurrency": "USD", "grossProfit": "208047000", "totalRevenue": "250448000", "costOfRevenue": "42401000", "costofGoodsAndServicesSold": "42401000", "operatingIncome": "123421000", "sellingGeneralAndAdministrative": "20593000", "researchAndDevelopment": "None", "operatingExpenses": "84626000", "investmentIncomeNet": "None", "netInterestIncome": "None", "interestIncome": "None", "interestExpense": "None", "nonInterestIncome": "None", "otherNonOperatingIncome": "None", "depreciation": "None", "depreciationAndAmortization": "64373000", "incomeBeforeTax": "145288000", "incomeTaxExpense": "79590000", "interestAndDebtExpense": "None", "netIncomeFromContinuingOperations": "None", "comprehensiveIncomeNetOfTax": "None", "ebit": "123421000", "ebitda": "187794000", "netIncome": "145288000"}, {"fiscalDateEnding": "2006-12-31", "reportedCurrency": "USD", "grossProfit": "172899000", "totalRevenue": "205299000", "costOfRevenue": "32400000", "costofGoodsAndServicesSold": "32400000", "operatingIncome": "100215000", "sellingGeneralAndAdministrative": "22152000", "researchAndDevelopment": "None", "operatingExpenses": "72684000", "investmentIncomeNet": "None", "netInterestIncome": "None", "interestIncome": "None", "interestExpense": "None", "nonInterestIncome": "None", "otherNonOperatingIncome": "None", "depreciation": "None", "depreciationAndAmortization": "-90955000", "incomeBeforeTax": "417547000", "incomeTaxExpense": "176273000", "interestAndDebtExpense": "None", "netIncomeFromContinuingOperations": "None", "comprehensiveIncomeNetOfTax": "None", "ebit": "242192000", "ebitda": "151237000", "netIncome": "241274000"}, {"fiscalDateEnding": "2006-09-30", "reportedCurrency": "USD", "grossProfit": "119492000", "totalRevenue": "139597000", "costOfRevenue": "20105000", "costofGoodsAndServicesSold": "20105000", "operatingIncome": "78975000", "sellingGeneralAndAdministrative": "8280000", "researchAndDevelopment": "None", "operatingExpenses": "40517000", "investmentIncomeNet": "None", "netInterestIncome": "None", "interestIncome": "None", "interestExpense": "None", "nonInterestIncome": "None", "otherNonOperatingIncome": "None", "depreciation": "None", "depreciationAndAmortization": "32788000", "incomeBeforeTax": "76818000", "incomeTaxExpense": "40479000", "interestAndDebtExpense": "None", "netIncomeFromContinuingOperations": "None", "comprehensiveIncomeNetOfTax": "None", "ebit": "78975000", "ebitda": "111763000", "netIncome": "76818000"}, {"fiscalDateEnding": "2006-06-30", "reportedCurrency": "USD", "grossProfit": "120964000", "totalRevenue": "140082000", "costOfRevenue": "19118000", "costofGoodsAndServicesSold": "19118000", "operatingIncome": "75981000", "sellingGeneralAndAdministrative": "8434000", "researchAndDevelopment": "None", "operatingExpenses": "44983000", "investmentIncomeNet": "None", "netInterestIncome": "None", "interestIncome": "None", "interestExpense": "None", "nonInterestIncome": "None", "otherNonOperatingIncome": "None", "depreciation": "None", "depreciationAndAmortization": "36892000", "incomeBeforeTax": "41567000", "incomeTaxExpense": "37810000", "interestAndDebtExpense": "None", "netIncomeFromContinuingOperations": "None", "comprehensiveIncomeNetOfTax": "None", "ebit": "75981000", "ebitda": "112873000", "netIncome": "41567000"}, {"fiscalDateEnding": "2006-03-31", "reportedCurrency": "USD", "grossProfit": "124131000", "totalRevenue": "141695000", "costOfRevenue": "17564000", "costofGoodsAndServicesSold": "17564000", "operatingIncome": "84710000", "sellingGeneralAndAdministrative": "8742000", "researchAndDevelopment": "None", "operatingExpenses": "39421000", "investmentIncomeNet": "None", "netInterestIncome": "None", "interestIncome": "None", "interestExpense": "None", "nonInterestIncome": "None", "otherNonOperatingIncome": "None", "depreciation": "None", "depreciationAndAmortization": "30856000", "incomeBeforeTax": "57888000", "incomeTaxExpense": "35870000", "interestAndDebtExpense": "None", "netIncomeFromContinuingOperations": "None", "comprehensiveIncomeNetOfTax": "None", "ebit": "84710000", "ebitda": "115566000", "netIncome": "57888000"}, {"fiscalDateEnding": "2005-12-31", "reportedCurrency": "USD", "grossProfit": "109375000", "totalRevenue": "126236000", "costOfRevenue": "16861000", "costofGoodsAndServicesSold": "16861000", "operatingIncome": "72428000", "sellingGeneralAndAdministrative": "8620000", "researchAndDevelopment": "None", "operatingExpenses": "36947000", "investmentIncomeNet": "None", "netInterestIncome": "None", "interestIncome": "None", "interestExpense": "None", "nonInterestIncome": "None", "otherNonOperatingIncome": "None", "depreciation": "None", "depreciationAndAmortization": "26947000", "incomeBeforeTax": "173057000", "incomeTaxExpense": "131546000", "interestAndDebtExpense": "None", "netIncomeFromContinuingOperations": "None", "comprehensiveIncomeNetOfTax": "None", "ebit": "73808000", "ebitda": "100755000", "netIncome": "41511000"}, {"fiscalDateEnding": "2005-09-30", "reportedCurrency": "USD", "grossProfit": "111005000", "totalRevenue": "124392000", "costOfRevenue": "13387000", "costofGoodsAndServicesSold": "13387000", "operatingIncome": "76073000", "sellingGeneralAndAdministrative": "7301000", "researchAndDevelopment": "None", "operatingExpenses": "34932000", "investmentIncomeNet": "None", "netInterestIncome": "None", "interestIncome": "None", "interestExpense": "None", "nonInterestIncome": "None", "otherNonOperatingIncome": "None", "depreciation": "None", "depreciationAndAmortization": "29156000", "incomeBeforeTax": "45041000", "incomeTaxExpense": "31677000", "interestAndDebtExpense": "None", "netIncomeFromContinuingOperations": "None", "comprehensiveIncomeNetOfTax": "None", "ebit": "76073000", "ebitda": "105229000", "netIncome": "45041000"}, {"fiscalDateEnding": "2005-06-30", "reportedCurrency": "USD", "grossProfit": "103123000", "totalRevenue": "118542000", "costOfRevenue": "15419000", "costofGoodsAndServicesSold": "15419000", "operatingIncome": "67043000", "sellingGeneralAndAdministrative": "8827000", "researchAndDevelopment": "None", "operatingExpenses": "36080000", "investmentIncomeNet": "None", "netInterestIncome": "None", "interestIncome": "None", "interestExpense": "None", "nonInterestIncome": "None", "otherNonOperatingIncome": "None", "depreciation": "None", "depreciationAndAmortization": "25989000", "incomeBeforeTax": "43047000", "incomeTaxExpense": "29667000", "interestAndDebtExpense": "None", "netIncomeFromContinuingOperations": "None", "comprehensiveIncomeNetOfTax": "None", "ebit": "68307000", "ebitda": "94296000", "netIncome": "43047000"}, {"fiscalDateEnding": "2005-03-31", "reportedCurrency": "USD", "grossProfit": "95052000", "totalRevenue": "108396000", "costOfRevenue": "13344000", "costofGoodsAndServicesSold": "13344000", "operatingIncome": "63984000", "sellingGeneralAndAdministrative": "7297000", "researchAndDevelopment": "None", "operatingExpenses": "31068000", "investmentIncomeNet": "None", "netInterestIncome": "None", "interestIncome": "None", "interestExpense": "None", "nonInterestIncome": "None", "otherNonOperatingIncome": "None", "depreciation": "None", "depreciationAndAmortization": "23962000", "incomeBeforeTax": "43458000", "incomeTaxExpense": "26385000", "interestAndDebtExpense": "None", "netIncomeFromContinuingOperations": "None", "comprehensiveIncomeNetOfTax": "None", "ebit": "63984000", "ebitda": "87946000", "netIncome": "43458000"}, {"fiscalDateEnding": "2004-12-31", "reportedCurrency": "USD", "grossProfit": "99879000", "totalRevenue": "113783000", "costOfRevenue": "13904000", "costofGoodsAndServicesSold": "13904000", "operatingIncome": "63070000", "sellingGeneralAndAdministrative": "10681000", "researchAndDevelopment": "None", "operatingExpenses": "36809000", "investmentIncomeNet": "None", "netInterestIncome": "None", "interestIncome": "None", "interestExpense": "None", "nonInterestIncome": "None", "otherNonOperatingIncome": "None", "depreciation": "None", "depreciationAndAmortization": "42340000", "incomeBeforeTax": "169040000", "incomeTaxExpense": "122909000", "interestAndDebtExpense": "None", "netIncomeFromContinuingOperations": "None", "comprehensiveIncomeNetOfTax": "None", "ebit": "63070000", "ebitda": "105410000", "netIncome": "46131000"}]}