{"symbol": "LLY", "annualReports": [{"fiscalDateEnding": "2024-12-31", "reportedCurrency": "USD", "grossProfit": "36624400001", "totalRevenue": "45042700000", "costOfRevenue": "8418299999", "costofGoodsAndServicesSold": "8418299999", "operatingIncome": "17501700000", "sellingGeneralAndAdministrative": "8132100000", "researchAndDevelopment": "10990600000", "operatingExpenses": "19584400000", "investmentIncomeNet": "None", "netInterestIncome": "-605400000", "interestIncome": "175200000", "interestExpense": "605400000", "nonInterestIncome": "None", "otherNonOperatingIncome": "None", "depreciation": "None", "depreciationAndAmortization": "1766600000", "incomeBeforeTax": "12680400000", "incomeTaxExpense": "2090400000", "interestAndDebtExpense": "None", "netIncomeFromContinuingOperations": "10590000000", "comprehensiveIncomeNetOfTax": "None", "ebit": "13461000000", "ebitda": "15227600000", "netIncome": "10590000000"}, {"fiscalDateEnding": "2023-12-31", "reportedCurrency": "USD", "grossProfit": "27041900000", "totalRevenue": "34124100000", "costOfRevenue": "7082200000", "costofGoodsAndServicesSold": "7082200000", "operatingIncome": "10325400000", "sellingGeneralAndAdministrative": "6941200000", "researchAndDevelopment": "9313400000", "operatingExpenses": "16254600000", "investmentIncomeNet": "None", "netInterestIncome": "-312300000", "interestIncome": "173600000", "interestExpense": "485900000", "nonInterestIncome": "None", "otherNonOperatingIncome": "None", "depreciation": "None", "depreciationAndAmortization": "1527300000", "incomeBeforeTax": "6554600000", "incomeTaxExpense": "1314200000", "interestAndDebtExpense": "None", "netIncomeFromContinuingOperations": "5240400000", "comprehensiveIncomeNetOfTax": "None", "ebit": "7040500000", "ebitda": "8567800000", "netIncome": "5240400000"}, {"fiscalDateEnding": "2022-12-31", "reportedCurrency": "USD", "grossProfit": "21911600000", "totalRevenue": "28541400000", "costOfRevenue": "6629800000", "costofGoodsAndServicesSold": "6629800000", "operatingIncome": "8653300000", "sellingGeneralAndAdministrative": "5100700000", "researchAndDevelopment": "7190800000", "operatingExpenses": "13631200000", "investmentIncomeNet": "None", "netInterestIncome": "-268800000", "interestIncome": "268800000", "interestExpense": "331600000", "nonInterestIncome": "None", "otherNonOperatingIncome": "-320900000", "depreciation": "None", "depreciationAndAmortization": "1522500000", "incomeBeforeTax": "6806400000", "incomeTaxExpense": "561600000", "interestAndDebtExpense": "None", "netIncomeFromContinuingOperations": "6244800000", "comprehensiveIncomeNetOfTax": "None", "ebit": "7138000000", "ebitda": "8660500000", "netIncome": "6244800000"}, {"fiscalDateEnding": "2021-12-31", "reportedCurrency": "USD", "grossProfit": "21005600000", "totalRevenue": "28318400000", "costOfRevenue": "7312800000", "costofGoodsAndServicesSold": "7312800000", "operatingIncome": "7302600000", "sellingGeneralAndAdministrative": "4901900000", "researchAndDevelopment": "6930700000", "operatingExpenses": "13457500000", "investmentIncomeNet": "None", "netInterestIncome": "-314400000", "interestIncome": "314400000", "interestExpense": "339800000", "nonInterestIncome": "None", "otherNonOperatingIncome": "None", "depreciation": "None", "depreciationAndAmortization": "1547600000", "incomeBeforeTax": "6155500000", "incomeTaxExpense": "573800000", "interestAndDebtExpense": "None", "netIncomeFromContinuingOperations": "5581700000", "comprehensiveIncomeNetOfTax": "None", "ebit": "6495300000", "ebitda": "8042900000", "netIncome": "5581700000"}, {"fiscalDateEnding": "2020-12-31", "reportedCurrency": "USD", "grossProfit": "19056500000", "totalRevenue": "24539800000", "costOfRevenue": "5483300000", "costofGoodsAndServicesSold": "5483300000", "operatingIncome": "6058000000", "sellingGeneralAndAdministrative": "6121200000", "researchAndDevelopment": "6085700000", "operatingExpenses": "12206900000", "investmentIncomeNet": "None", "netInterestIncome": "-326600000", "interestIncome": "326600000", "interestExpense": "359600000", "nonInterestIncome": "None", "otherNonOperatingIncome": "None", "depreciation": "None", "depreciationAndAmortization": "1323900000", "incomeBeforeTax": "7229900000", "incomeTaxExpense": "1036200000", "interestAndDebtExpense": "None", "netIncomeFromContinuingOperations": "6193700000", "comprehensiveIncomeNetOfTax": "None", "ebit": "7589500000", "ebitda": "8913400000", "netIncome": "6193700000"}, {"fiscalDateEnding": "2019-12-31", "reportedCurrency": "USD", "grossProfit": "17598300000", "totalRevenue": "22319500000", "costOfRevenue": "4721200000", "costofGoodsAndServicesSold": "4721200000", "operatingIncome": "4974300000", "sellingGeneralAndAdministrative": "6213800000", "researchAndDevelopment": "5595000000", "operatingExpenses": "11808800000", "investmentIncomeNet": "None", "netInterestIncome": "-320200000", "interestIncome": "80400000", "interestExpense": "400600000", "nonInterestIncome": "None", "otherNonOperatingIncome": "291600000", "depreciation": "None", "depreciationAndAmortization": "1232600000", "incomeBeforeTax": "5265900000", "incomeTaxExpense": "628000000", "interestAndDebtExpense": "None", "netIncomeFromContinuingOperations": "4637900000", "comprehensiveIncomeNetOfTax": "None", "ebit": "5666500000", "ebitda": "6899100000", "netIncome": "4637900000"}, {"fiscalDateEnding": "2018-12-31", "reportedCurrency": "USD", "grossProfit": "16811600000", "totalRevenue": "21493300000", "costOfRevenue": "4681700000", "costofGoodsAndServicesSold": "4681700000", "operatingIncome": "6186800000", "sellingGeneralAndAdministrative": "5975100000", "researchAndDevelopment": "5051200000", "operatingExpenses": "11026300000", "investmentIncomeNet": "None", "netInterestIncome": "-110800000", "interestIncome": "161300000", "interestExpense": "272100000", "nonInterestIncome": "None", "otherNonOperatingIncome": "74800000", "depreciation": "None", "depreciationAndAmortization": "1609000000", "incomeBeforeTax": "3680100000", "incomeTaxExpense": "529500000", "interestAndDebtExpense": "None", "netIncomeFromContinuingOperations": "3232000000", "comprehensiveIncomeNetOfTax": "None", "ebit": "3922600000", "ebitda": "5531600000", "netIncome": "3232000000"}, {"fiscalDateEnding": "2017-12-31", "reportedCurrency": "USD", "grossProfit": "16801100000", "totalRevenue": "22871300000", "costOfRevenue": "6070200000", "costofGoodsAndServicesSold": "6070200000", "operatingIncome": "2145000000", "sellingGeneralAndAdministrative": "6588100000", "researchAndDevelopment": "5281800000", "operatingExpenses": "11869900000", "investmentIncomeNet": "None", "netInterestIncome": "-57700000", "interestIncome": "167300000", "interestExpense": "225000000", "nonInterestIncome": "None", "otherNonOperatingIncome": "52400000", "depreciation": "None", "depreciationAndAmortization": "1567300000", "incomeBeforeTax": "2197400000", "incomeTaxExpense": "2401500000", "interestAndDebtExpense": "None", "netIncomeFromContinuingOperations": "-204100000", "comprehensiveIncomeNetOfTax": "None", "ebit": "2422400000", "ebitda": "3989700000", "netIncome": "-204100000"}, {"fiscalDateEnding": "2016-12-31", "reportedCurrency": "USD", "grossProfit": "15567200000", "totalRevenue": "21222100000", "costOfRevenue": "5654900000", "costofGoodsAndServicesSold": "5654900000", "operatingIncome": "3458800000", "sellingGeneralAndAdministrative": "6452000000", "researchAndDevelopment": "5243900000", "operatingExpenses": "11695900000", "investmentIncomeNet": "None", "netInterestIncome": "-76500000", "interestIncome": "108700000", "interestExpense": "185200000", "nonInterestIncome": "None", "otherNonOperatingIncome": "-84800000", "depreciation": "None", "depreciationAndAmortization": "1496600000", "incomeBeforeTax": "3374000000", "incomeTaxExpense": "636400000", "interestAndDebtExpense": "None", "netIncomeFromContinuingOperations": "2737600000", "comprehensiveIncomeNetOfTax": "None", "ebit": "3559200000", "ebitda": "5055800000", "netIncome": "2737600000"}, {"fiscalDateEnding": "2015-12-31", "reportedCurrency": "USD", "grossProfit": "14921500000", "totalRevenue": "19958700000", "costOfRevenue": "5037200000", "costofGoodsAndServicesSold": "5037200000", "operatingIncome": "2689400000", "sellingGeneralAndAdministrative": "6533000000", "researchAndDevelopment": "4796400000", "operatingExpenses": "11329400000", "investmentIncomeNet": "None", "netInterestIncome": "None", "interestIncome": "74200000", "interestExpense": "161200000", "nonInterestIncome": "None", "otherNonOperatingIncome": "100600000", "depreciation": "None", "depreciationAndAmortization": "1427700000", "incomeBeforeTax": "2790000000", "incomeTaxExpense": "381600000", "interestAndDebtExpense": "None", "netIncomeFromContinuingOperations": "2408400000", "comprehensiveIncomeNetOfTax": "None", "ebit": "2951200000", "ebitda": "4378900000", "netIncome": "2408400000"}, {"fiscalDateEnding": "2014-12-31", "reportedCurrency": "USD", "grossProfit": "14683100000", "totalRevenue": "19615600000", "costOfRevenue": "4932500000", "costofGoodsAndServicesSold": "4932500000", "operatingIncome": "2659800000", "sellingGeneralAndAdministrative": "6620800000", "researchAndDevelopment": "4733600000", "operatingExpenses": "11354400000", "investmentIncomeNet": "None", "netInterestIncome": "None", "interestIncome": "None", "interestExpense": "148800000", "nonInterestIncome": "None", "otherNonOperatingIncome": "340500000", "depreciation": "None", "depreciationAndAmortization": "1379000000", "incomeBeforeTax": "3000300000", "incomeTaxExpense": "609800000", "interestAndDebtExpense": "None", "netIncomeFromContinuingOperations": "2390500000", "comprehensiveIncomeNetOfTax": "None", "ebit": "3149100000", "ebitda": "4528100000", "netIncome": "2390500000"}, {"fiscalDateEnding": "2013-12-31", "reportedCurrency": "USD", "grossProfit": "18205000000", "totalRevenue": "23113100000", "costOfRevenue": "4908100000", "costofGoodsAndServicesSold": "4908100000", "operatingIncome": "5370400000", "sellingGeneralAndAdministrative": "7125600000", "researchAndDevelopment": "5531300000", "operatingExpenses": "12656900000", "investmentIncomeNet": "None", "netInterestIncome": "None", "interestIncome": "None", "interestExpense": "160100000", "nonInterestIncome": "None", "otherNonOperatingIncome": "None", "depreciation": "None", "depreciationAndAmortization": "1445600000", "incomeBeforeTax": "5889300000", "incomeTaxExpense": "1204500000", "interestAndDebtExpense": "None", "netIncomeFromContinuingOperations": "None", "comprehensiveIncomeNetOfTax": "None", "ebit": "6049400000", "ebitda": "7495000000", "netIncome": "4684800000"}, {"fiscalDateEnding": "2012-12-31", "reportedCurrency": "USD", "grossProfit": "17806900000", "totalRevenue": "22603400000", "costOfRevenue": "4796500000", "costofGoodsAndServicesSold": "4796500000", "operatingIncome": "4734200000", "sellingGeneralAndAdministrative": "7513500000", "researchAndDevelopment": "5278100000", "operatingExpenses": "12791600000", "investmentIncomeNet": "None", "netInterestIncome": "None", "interestIncome": "None", "interestExpense": "177800000", "nonInterestIncome": "None", "otherNonOperatingIncome": "674000000", "depreciation": "None", "depreciationAndAmortization": "1462200000", "incomeBeforeTax": "5408200000", "incomeTaxExpense": "1319600000", "interestAndDebtExpense": "None", "netIncomeFromContinuingOperations": "4088600000", "comprehensiveIncomeNetOfTax": "None", "ebit": "5586000000", "ebitda": "7048200000", "netIncome": "4088600000"}, {"fiscalDateEnding": "2011-12-31", "reportedCurrency": "USD", "grossProfit": "19218600000", "totalRevenue": "24286500000", "costOfRevenue": "5067900000", "costofGoodsAndServicesSold": "5067900000", "operatingIncome": "5528500000", "sellingGeneralAndAdministrative": "7879900000", "researchAndDevelopment": "5020800000", "operatingExpenses": "12900700000", "investmentIncomeNet": "None", "netInterestIncome": "None", "interestIncome": "None", "interestExpense": "186000000", "nonInterestIncome": "None", "otherNonOperatingIncome": "None", "depreciation": "None", "depreciationAndAmortization": "1373600000", "incomeBeforeTax": "5349500000", "incomeTaxExpense": "1001800000", "interestAndDebtExpense": "None", "netIncomeFromContinuingOperations": "None", "comprehensiveIncomeNetOfTax": "None", "ebit": "5535500000", "ebitda": "6909100000", "netIncome": "4347700000"}, {"fiscalDateEnding": "2010-12-31", "reportedCurrency": "USD", "grossProfit": "18709800000", "totalRevenue": "23076000000", "costOfRevenue": "4366200000", "costofGoodsAndServicesSold": "4366200000", "operatingIncome": "6772200000", "sellingGeneralAndAdministrative": "7053400000", "researchAndDevelopment": "4884200000", "operatingExpenses": "11937600000", "investmentIncomeNet": "None", "netInterestIncome": "None", "interestIncome": "None", "interestExpense": "185500000", "nonInterestIncome": "None", "otherNonOperatingIncome": "5000000", "depreciation": "None", "depreciationAndAmortization": "1328200000", "incomeBeforeTax": "6525200000", "incomeTaxExpense": "1455700000", "interestAndDebtExpense": "None", "netIncomeFromContinuingOperations": "5069500000", "comprehensiveIncomeNetOfTax": "None", "ebit": "6710700000", "ebitda": "8038900000", "netIncome": "5069500000"}, {"fiscalDateEnding": "2009-12-31", "reportedCurrency": "USD", "grossProfit": "17589000000", "totalRevenue": "21836000000", "costOfRevenue": "4247000000", "costofGoodsAndServicesSold": "4247000000", "operatingIncome": "6370000000", "sellingGeneralAndAdministrative": "6892500000", "researchAndDevelopment": "4326500000", "operatingExpenses": "11219000000", "investmentIncomeNet": "None", "netInterestIncome": "None", "interestIncome": "None", "interestExpense": "261300000", "nonInterestIncome": "None", "otherNonOperatingIncome": "None", "depreciation": "None", "depreciationAndAmortization": "1297800000", "incomeBeforeTax": "5357800000", "incomeTaxExpense": "1029000000", "interestAndDebtExpense": "None", "netIncomeFromContinuingOperations": "None", "comprehensiveIncomeNetOfTax": "None", "ebit": "5619100000", "ebitda": "6916900000", "netIncome": "4328800000"}, {"fiscalDateEnding": "2008-12-31", "reportedCurrency": "USD", "grossProfit": "15995200000", "totalRevenue": "20378000000", "costOfRevenue": "4382800000", "costofGoodsAndServicesSold": "4382800000", "operatingIncome": "5527900000", "sellingGeneralAndAdministrative": "6626400000", "researchAndDevelopment": "3840900000", "operatingExpenses": "10467300000", "investmentIncomeNet": "None", "netInterestIncome": "None", "interestIncome": "None", "interestExpense": "228300000", "nonInterestIncome": "None", "otherNonOperatingIncome": "None", "depreciation": "None", "depreciationAndAmortization": "1122600000", "incomeBeforeTax": "-1307600000", "incomeTaxExpense": "764300000", "interestAndDebtExpense": "None", "netIncomeFromContinuingOperations": "None", "comprehensiveIncomeNetOfTax": "None", "ebit": "-1079300000", "ebitda": "43300000", "netIncome": "-2071900000"}, {"fiscalDateEnding": "2007-12-31", "reportedCurrency": "USD", "grossProfit": "14384700000", "totalRevenue": "18633500000", "costOfRevenue": "4248800000", "costofGoodsAndServicesSold": "4248800000", "operatingIncome": "4802900000", "sellingGeneralAndAdministrative": "6095100000", "researchAndDevelopment": "3486700000", "operatingExpenses": "9581800000", "investmentIncomeNet": "None", "netInterestIncome": "None", "interestIncome": "None", "interestExpense": "0", "nonInterestIncome": "None", "otherNonOperatingIncome": "None", "depreciation": "None", "depreciationAndAmortization": "1047900000", "incomeBeforeTax": "3876800000", "incomeTaxExpense": "923800000", "interestAndDebtExpense": "None", "netIncomeFromContinuingOperations": "None", "comprehensiveIncomeNetOfTax": "None", "ebit": "4802900000", "ebitda": "5850800000", "netIncome": "2953000000"}, {"fiscalDateEnding": "2006-12-31", "reportedCurrency": "USD", "grossProfit": "12144500000", "totalRevenue": "15691000000", "costOfRevenue": "3546500000", "costofGoodsAndServicesSold": "3546500000", "operatingIncome": "4125400000", "sellingGeneralAndAdministrative": "4889800000", "researchAndDevelopment": "3129300000", "operatingExpenses": "8019100000", "investmentIncomeNet": "None", "netInterestIncome": "None", "interestIncome": "None", "interestExpense": "0", "nonInterestIncome": "None", "otherNonOperatingIncome": "None", "depreciation": "None", "depreciationAndAmortization": "801800000", "incomeBeforeTax": "3418000000", "incomeTaxExpense": "755300000", "interestAndDebtExpense": "None", "netIncomeFromContinuingOperations": "None", "comprehensiveIncomeNetOfTax": "None", "ebit": "3656100000", "ebitda": "4457900000", "netIncome": "2662700000"}, {"fiscalDateEnding": "2005-12-31", "reportedCurrency": "USD", "grossProfit": "11171100000", "totalRevenue": "14645300000", "costOfRevenue": "3474200000", "costofGoodsAndServicesSold": "3474200000", "operatingIncome": "3648600000", "sellingGeneralAndAdministrative": "4497000000", "researchAndDevelopment": "3025500000", "operatingExpenses": "7522500000", "investmentIncomeNet": "None", "netInterestIncome": "None", "interestIncome": "None", "interestExpense": "105200000", "nonInterestIncome": "None", "otherNonOperatingIncome": "None", "depreciation": "None", "depreciationAndAmortization": "726400000", "incomeBeforeTax": "2717500000", "incomeTaxExpense": "715900000", "interestAndDebtExpense": "None", "netIncomeFromContinuingOperations": "None", "comprehensiveIncomeNetOfTax": "None", "ebit": "3648600000", "ebitda": "4375000000", "netIncome": "1979600000"}], "quarterlyReports": [{"fiscalDateEnding": "2024-12-31", "reportedCurrency": "USD", "grossProfit": "11129000000", "totalRevenue": "13532800000", "costOfRevenue": "2403800000", "costofGoodsAndServicesSold": "2403800000", "operatingIncome": "5148800000", "sellingGeneralAndAdministrative": "1962800000", "researchAndDevelopment": "3211700000", "operatingExpenses": "5980200000", "investmentIncomeNet": "None", "netInterestIncome": "-180400000", "interestIncome": "44300000", "interestExpense": "180400000", "nonInterestIncome": "None", "otherNonOperatingIncome": "None", "depreciation": "None", "depreciationAndAmortization": "466800000", "incomeBeforeTax": "5038700000", "incomeTaxExpense": "628900000", "interestAndDebtExpense": "None", "netIncomeFromContinuingOperations": "4409800000", "comprehensiveIncomeNetOfTax": "None", "ebit": "5682000000", "ebitda": "6148800000", "netIncome": "4409800000"}, {"fiscalDateEnding": "2024-09-30", "reportedCurrency": "USD", "grossProfit": "9268300000", "totalRevenue": "11439100000", "costOfRevenue": "2170800000", "costofGoodsAndServicesSold": "2170800000", "operatingIncome": "4434400000", "sellingGeneralAndAdministrative": "2099800000", "researchAndDevelopment": "2734100000", "operatingExpenses": "4833900000", "investmentIncomeNet": "None", "netInterestIncome": "-144900000", "interestIncome": "47800000", "interestExpense": "192700000", "nonInterestIncome": "None", "otherNonOperatingIncome": "None", "depreciation": "None", "depreciationAndAmortization": "466800000", "incomeBeforeTax": "1588400000", "incomeTaxExpense": "618100000", "interestAndDebtExpense": "None", "netIncomeFromContinuingOperations": "970300000", "comprehensiveIncomeNetOfTax": "None", "ebit": "1781100000", "ebitda": "2247900000", "netIncome": "970300000"}, {"fiscalDateEnding": "2024-06-30", "reportedCurrency": "USD", "grossProfit": "9132600000", "totalRevenue": "11302800000", "costOfRevenue": "2170200000", "costofGoodsAndServicesSold": "2170200000", "operatingIncome": "4304100000", "sellingGeneralAndAdministrative": "2002900000", "researchAndDevelopment": "2711200000", "operatingExpenses": "4828500000", "investmentIncomeNet": "None", "netInterestIncome": "-146300000", "interestIncome": "37300000", "interestExpense": "183600000", "nonInterestIncome": "None", "otherNonOperatingIncome": "None", "depreciation": "None", "depreciationAndAmortization": "414400000", "incomeBeforeTax": "3517200000", "incomeTaxExpense": "550200000", "interestAndDebtExpense": "None", "netIncomeFromContinuingOperations": "2967000000", "comprehensiveIncomeNetOfTax": "None", "ebit": "3700800000", "ebitda": "4115200000", "netIncome": "2967000000"}, {"fiscalDateEnding": "2024-03-31", "reportedCurrency": "USD", "grossProfit": "7094500000", "totalRevenue": "8768000000", "costOfRevenue": "1673500000", "costofGoodsAndServicesSold": "1673500000", "operatingIncome": "2735600000", "sellingGeneralAndAdministrative": "1836100000", "researchAndDevelopment": "2522800000", "operatingExpenses": "4358900000", "investmentIncomeNet": "None", "netInterestIncome": "-133800000", "interestIncome": "45800000", "interestExpense": "179600000", "nonInterestIncome": "None", "otherNonOperatingIncome": "None", "depreciation": "None", "depreciationAndAmortization": "400600000", "incomeBeforeTax": "2536100000", "incomeTaxExpense": "293200000", "interestAndDebtExpense": "None", "netIncomeFromContinuingOperations": "2242900000", "comprehensiveIncomeNetOfTax": "None", "ebit": "2715700000", "ebitda": "3116300000", "netIncome": "2242900000"}, {"fiscalDateEnding": "2023-12-31", "reportedCurrency": "USD", "grossProfit": "7694400000", "totalRevenue": "9353400000", "costOfRevenue": "1659000000", "costofGoodsAndServicesSold": "1659000000", "operatingIncome": "3078100000", "sellingGeneralAndAdministrative": "1462700000", "researchAndDevelopment": "2562700000", "operatingExpenses": "4616300000", "investmentIncomeNet": "None", "netInterestIncome": "-93700000", "interestIncome": "44500000", "interestExpense": "93700000", "nonInterestIncome": "None", "otherNonOperatingIncome": "None", "depreciation": "None", "depreciationAndAmortization": "387700000", "incomeBeforeTax": "2508800000", "incomeTaxExpense": "319200000", "interestAndDebtExpense": "None", "netIncomeFromContinuingOperations": "2189700000", "comprehensiveIncomeNetOfTax": "None", "ebit": "2647000000", "ebitda": "3034700000", "netIncome": "2189700000"}, {"fiscalDateEnding": "2023-09-30", "reportedCurrency": "USD", "grossProfit": "7638500000", "totalRevenue": "9498600000", "costOfRevenue": "1860100000", "costofGoodsAndServicesSold": "1860100000", "operatingIncome": "450400000", "sellingGeneralAndAdministrative": "1803900000", "researchAndDevelopment": "2409100000", "operatingExpenses": "4213000000", "investmentIncomeNet": "None", "netInterestIncome": "-75700000", "interestIncome": "138600000", "interestExpense": "124600000", "nonInterestIncome": "None", "otherNonOperatingIncome": "None", "depreciation": "None", "depreciationAndAmortization": "411000000", "incomeBeforeTax": "427200000", "incomeTaxExpense": "484600000", "interestAndDebtExpense": "None", "netIncomeFromContinuingOperations": "-57400000", "comprehensiveIncomeNetOfTax": "None", "ebit": "551800000", "ebitda": "962800000", "netIncome": "-57400000"}, {"fiscalDateEnding": "2023-06-30", "reportedCurrency": "USD", "grossProfit": "6504700000", "totalRevenue": "8312100000", "costOfRevenue": "1807400000", "costofGoodsAndServicesSold": "1807400000", "operatingIncome": "2125700000", "sellingGeneralAndAdministrative": "1925400000", "researchAndDevelopment": "2356500000", "operatingExpenses": "4281900000", "investmentIncomeNet": "None", "netInterestIncome": "-74300000", "interestIncome": "46000000", "interestExpense": "120300000", "nonInterestIncome": "None", "otherNonOperatingIncome": "-36800000", "depreciation": "None", "depreciationAndAmortization": "366300000", "incomeBeforeTax": "2088900000", "incomeTaxExpense": "325700000", "interestAndDebtExpense": "None", "netIncomeFromContinuingOperations": "1763200000", "comprehensiveIncomeNetOfTax": "None", "ebit": "2209200000", "ebitda": "2575500000", "netIncome": "1763200000"}, {"fiscalDateEnding": "2023-03-31", "reportedCurrency": "USD", "grossProfit": "5333300000", "totalRevenue": "6960000000", "costOfRevenue": "1626700000", "costofGoodsAndServicesSold": "1626700000", "operatingIncome": "1494000000", "sellingGeneralAndAdministrative": "1749200000", "researchAndDevelopment": "1985100000", "operatingExpenses": "3734300000", "investmentIncomeNet": "None", "netInterestIncome": "-68600000", "interestIncome": "68600000", "interestExpense": "102800000", "nonInterestIncome": "None", "otherNonOperatingIncome": "35700000", "depreciation": "None", "depreciationAndAmortization": "362300000", "incomeBeforeTax": "1529700000", "incomeTaxExpense": "184800000", "interestAndDebtExpense": "None", "netIncomeFromContinuingOperations": "1344900000", "comprehensiveIncomeNetOfTax": "None", "ebit": "1632500000", "ebitda": "1994800000", "netIncome": "1344900000"}, {"fiscalDateEnding": "2022-12-31", "reportedCurrency": "USD", "grossProfit": "5753700000", "totalRevenue": "7301800000", "costOfRevenue": "1548100000", "costofGoodsAndServicesSold": "1548100000", "operatingIncome": "1836400000", "sellingGeneralAndAdministrative": "1643200000", "researchAndDevelopment": "1995900000", "operatingExpenses": "3639100000", "investmentIncomeNet": "None", "netInterestIncome": "-58500000", "interestIncome": "58500000", "interestExpense": "84000000", "nonInterestIncome": "None", "otherNonOperatingIncome": "260000000", "depreciation": "None", "depreciationAndAmortization": "375000000", "incomeBeforeTax": "2096400000", "incomeTaxExpense": "158700000", "interestAndDebtExpense": "None", "netIncomeFromContinuingOperations": "1937700000", "comprehensiveIncomeNetOfTax": "None", "ebit": "2180400000", "ebitda": "2555400000", "netIncome": "1937700000"}, {"fiscalDateEnding": "2022-09-30", "reportedCurrency": "USD", "grossProfit": "5362500000", "totalRevenue": "6941600000", "costOfRevenue": "1579100000", "costofGoodsAndServicesSold": "1579100000", "operatingIncome": "2039200000", "sellingGeneralAndAdministrative": "1521800000", "researchAndDevelopment": "1802900000", "operatingExpenses": "3417100000", "investmentIncomeNet": "None", "netInterestIncome": "-61400000", "interestIncome": "20100000", "interestExpense": "81500000", "nonInterestIncome": "None", "otherNonOperatingIncome": "-111000000", "depreciation": "None", "depreciationAndAmortization": "362900000", "incomeBeforeTax": "1565500000", "incomeTaxExpense": "113800000", "interestAndDebtExpense": "None", "netIncomeFromContinuingOperations": "1451700000", "comprehensiveIncomeNetOfTax": "None", "ebit": "1647000000", "ebitda": "2009900000", "netIncome": "1451700000"}, {"fiscalDateEnding": "2022-06-30", "reportedCurrency": "USD", "grossProfit": "5057500000", "totalRevenue": "6488000000", "costOfRevenue": "1430500000", "costofGoodsAndServicesSold": "1430500000", "operatingIncome": "1731400000", "sellingGeneralAndAdministrative": "1530800000", "researchAndDevelopment": "1781900000", "operatingExpenses": "3407000000", "investmentIncomeNet": "None", "netInterestIncome": "-71000000", "interestIncome": "10200000", "interestExpense": "81200000", "nonInterestIncome": "None", "otherNonOperatingIncome": "-119200000", "depreciation": "None", "depreciationAndAmortization": "348900000", "incomeBeforeTax": "1090900000", "incomeTaxExpense": "138400000", "interestAndDebtExpense": "None", "netIncomeFromContinuingOperations": "952500000", "comprehensiveIncomeNetOfTax": "None", "ebit": "1172100000", "ebitda": "1521000000", "netIncome": "952500000"}, {"fiscalDateEnding": "2022-03-31", "reportedCurrency": "USD", "grossProfit": "5737900000", "totalRevenue": "7810000000", "costOfRevenue": "2072100000", "costofGoodsAndServicesSold": "2072100000", "operatingIncome": "2404300000", "sellingGeneralAndAdministrative": "1557900000", "researchAndDevelopment": "1610100000", "operatingExpenses": "3168000000", "investmentIncomeNet": "None", "netInterestIncome": "-77900000", "interestIncome": "7000000", "interestExpense": "84900000", "nonInterestIncome": "None", "otherNonOperatingIncome": "-350700000", "depreciation": "None", "depreciationAndAmortization": "435700000", "incomeBeforeTax": "2053600000", "incomeTaxExpense": "150700000", "interestAndDebtExpense": "None", "netIncomeFromContinuingOperations": "1902900000", "comprehensiveIncomeNetOfTax": "None", "ebit": "2138500000", "ebitda": "2574200000", "netIncome": "1902900000"}, {"fiscalDateEnding": "2021-12-31", "reportedCurrency": "USD", "grossProfit": "5949700000", "totalRevenue": "7999900000", "costOfRevenue": "2050200000", "costofGoodsAndServicesSold": "2050200000", "operatingIncome": "1917200000", "sellingGeneralAndAdministrative": "1592000000", "researchAndDevelopment": "1959400000", "operatingExpenses": "3551400000", "investmentIncomeNet": "None", "netInterestIncome": "-74000000", "interestIncome": "74000000", "interestExpense": "81400000", "nonInterestIncome": "None", "otherNonOperatingIncome": "None", "depreciation": "None", "depreciationAndAmortization": "445700000", "incomeBeforeTax": "1839900000", "incomeTaxExpense": "113800000", "interestAndDebtExpense": "None", "netIncomeFromContinuingOperations": "1726100000", "comprehensiveIncomeNetOfTax": "None", "ebit": "1921300000", "ebitda": "2367000000", "netIncome": "1726100000"}, {"fiscalDateEnding": "2021-09-30", "reportedCurrency": "USD", "grossProfit": "5342000000", "totalRevenue": "6772800000", "costOfRevenue": "1430800000", "costofGoodsAndServicesSold": "1430800000", "operatingIncome": "1881200000", "sellingGeneralAndAdministrative": "1577900000", "researchAndDevelopment": "1708900000", "operatingExpenses": "3286800000", "investmentIncomeNet": "None", "netInterestIncome": "-76600000", "interestIncome": "76600000", "interestExpense": "83600000", "nonInterestIncome": "None", "otherNonOperatingIncome": "-635900000", "depreciation": "None", "depreciationAndAmortization": "382300000", "incomeBeforeTax": "1245300000", "incomeTaxExpense": "135200000", "interestAndDebtExpense": "None", "netIncomeFromContinuingOperations": "1110100000", "comprehensiveIncomeNetOfTax": "None", "ebit": "1328899999", "ebitda": "1711199999", "netIncome": "1110100000"}, {"fiscalDateEnding": "2021-06-30", "reportedCurrency": "USD", "grossProfit": "4786900000", "totalRevenue": "6740100000", "costOfRevenue": "1953200000", "costofGoodsAndServicesSold": "1953200000", "operatingIncome": "1428400000", "sellingGeneralAndAdministrative": "1614600000", "researchAndDevelopment": "1672800000", "operatingExpenses": "3358500000", "investmentIncomeNet": "None", "netInterestIncome": "-81500000", "interestIncome": "5400000", "interestExpense": "86900000", "nonInterestIncome": "None", "otherNonOperatingIncome": "190500000", "depreciation": "None", "depreciationAndAmortization": "369300000", "incomeBeforeTax": "1593900000", "incomeTaxExpense": "203700000", "interestAndDebtExpense": "None", "netIncomeFromContinuingOperations": "1390200000", "comprehensiveIncomeNetOfTax": "None", "ebit": "1680800000", "ebitda": "2050100000", "netIncome": "1390200000"}, {"fiscalDateEnding": "2021-03-31", "reportedCurrency": "USD", "grossProfit": "4927000000", "totalRevenue": "6805600000", "costOfRevenue": "1878600000", "costofGoodsAndServicesSold": "1878600000", "operatingIncome": "1155300000", "sellingGeneralAndAdministrative": "1576000000", "researchAndDevelopment": "1684800000", "operatingExpenses": "3260800000", "investmentIncomeNet": "None", "netInterestIncome": "-82300000", "interestIncome": "5500000", "interestExpense": "87800000", "nonInterestIncome": "None", "otherNonOperatingIncome": "321100000", "depreciation": "None", "depreciationAndAmortization": "350300000", "incomeBeforeTax": "1476400000", "incomeTaxExpense": "121100000", "interestAndDebtExpense": "None", "netIncomeFromContinuingOperations": "1355300000", "comprehensiveIncomeNetOfTax": "None", "ebit": "1564200000", "ebitda": "1914500000", "netIncome": "1355300000"}, {"fiscalDateEnding": "2020-12-31", "reportedCurrency": "USD", "grossProfit": "5720200000", "totalRevenue": "7440000000", "costOfRevenue": "1719800000", "costofGoodsAndServicesSold": "1719800000", "operatingIncome": "1992100000", "sellingGeneralAndAdministrative": "1553900000", "researchAndDevelopment": "1838000000", "operatingExpenses": "3391900000", "investmentIncomeNet": "None", "netInterestIncome": "-83400000", "interestIncome": "83400000", "interestExpense": "89200000", "nonInterestIncome": "None", "otherNonOperatingIncome": "None", "depreciation": "None", "depreciationAndAmortization": "367500000", "incomeBeforeTax": "2469100000", "incomeTaxExpense": "352300000", "interestAndDebtExpense": "None", "netIncomeFromContinuingOperations": "2116800000", "comprehensiveIncomeNetOfTax": "None", "ebit": "2558300000", "ebitda": "2925800000", "netIncome": "2116800000"}, {"fiscalDateEnding": "2020-09-30", "reportedCurrency": "USD", "grossProfit": "4414200000", "totalRevenue": "5740600000", "costOfRevenue": "1326400000", "costofGoodsAndServicesSold": "1326400000", "operatingIncome": "1278300000", "sellingGeneralAndAdministrative": "1569100000", "researchAndDevelopment": "1465400000", "operatingExpenses": "3034500000", "investmentIncomeNet": "None", "netInterestIncome": "-83800000", "interestIncome": "83800000", "interestExpense": "89600000", "nonInterestIncome": "None", "otherNonOperatingIncome": "158900000", "depreciation": "None", "depreciationAndAmortization": "358400000", "incomeBeforeTax": "1437200000", "incomeTaxExpense": "228800000", "interestAndDebtExpense": "None", "netIncomeFromContinuingOperations": "1208400000", "comprehensiveIncomeNetOfTax": "None", "ebit": "1526800000", "ebitda": "1885200000", "netIncome": "1208400000"}, {"fiscalDateEnding": "2020-06-30", "reportedCurrency": "USD", "grossProfit": "4277400000", "totalRevenue": "5499400000", "costOfRevenue": "1222000000", "costofGoodsAndServicesSold": "1222000000", "operatingIncome": "1196800000", "sellingGeneralAndAdministrative": "1448600000", "researchAndDevelopment": "1390200000", "operatingExpenses": "2838800000", "investmentIncomeNet": "None", "netInterestIncome": "-81200000", "interestIncome": "7100000", "interestExpense": "88300000", "nonInterestIncome": "None", "otherNonOperatingIncome": "446900000", "depreciation": "None", "depreciationAndAmortization": "324400000", "incomeBeforeTax": "1643700000", "incomeTaxExpense": "231700000", "interestAndDebtExpense": "None", "netIncomeFromContinuingOperations": "1412000000", "comprehensiveIncomeNetOfTax": "None", "ebit": "1732000000", "ebitda": "2056400000", "netIncome": "1412000000"}, {"fiscalDateEnding": "2020-03-31", "reportedCurrency": "USD", "grossProfit": "4644700000", "totalRevenue": "5859800000", "costOfRevenue": "1215100000", "costofGoodsAndServicesSold": "1215100000", "operatingIncome": "1590800000", "sellingGeneralAndAdministrative": "1549600000", "researchAndDevelopment": "1392100000", "operatingExpenses": "2941700000", "investmentIncomeNet": "None", "netInterestIncome": "-78200000", "interestIncome": "14300000", "interestExpense": "92500000", "nonInterestIncome": "None", "otherNonOperatingIncome": "89100000", "depreciation": "None", "depreciationAndAmortization": "273600000", "incomeBeforeTax": "1679900000", "incomeTaxExpense": "223400000", "interestAndDebtExpense": "None", "netIncomeFromContinuingOperations": "1456500000", "comprehensiveIncomeNetOfTax": "None", "ebit": "1772400000", "ebitda": "2046000000", "netIncome": "1456500000"}, {"fiscalDateEnding": "2019-12-31", "reportedCurrency": "USD", "grossProfit": "4831400000", "totalRevenue": "6114000000", "costOfRevenue": "1282600000", "costofGoodsAndServicesSold": "1282600000", "operatingIncome": "1400200000", "sellingGeneralAndAdministrative": "1698100000", "researchAndDevelopment": "1581400000", "operatingExpenses": "3279500000", "investmentIncomeNet": "None", "netInterestIncome": "-82700000", "interestIncome": "13200000", "interestExpense": "95900000", "nonInterestIncome": "None", "otherNonOperatingIncome": "262900000", "depreciation": "None", "depreciationAndAmortization": "340700000", "incomeBeforeTax": "1663100000", "incomeTaxExpense": "167400000", "interestAndDebtExpense": "None", "netIncomeFromContinuingOperations": "1495700000", "comprehensiveIncomeNetOfTax": "None", "ebit": "1759000000", "ebitda": "2099700000", "netIncome": "1495700000"}, {"fiscalDateEnding": "2019-09-30", "reportedCurrency": "USD", "grossProfit": "4301600000", "totalRevenue": "5476600000", "costOfRevenue": "1175000000", "costofGoodsAndServicesSold": "1175000000", "operatingIncome": "1430700000", "sellingGeneralAndAdministrative": "1412300000", "researchAndDevelopment": "1380900000", "operatingExpenses": "2793200000", "investmentIncomeNet": "None", "netInterestIncome": "-90100000", "interestIncome": "17300000", "interestExpense": "107400000", "nonInterestIncome": "None", "otherNonOperatingIncome": "-24900000", "depreciation": "None", "depreciationAndAmortization": "288000000", "incomeBeforeTax": "1405800000", "incomeTaxExpense": "151900000", "interestAndDebtExpense": "None", "netIncomeFromContinuingOperations": "1253900000", "comprehensiveIncomeNetOfTax": "None", "ebit": "1513200000", "ebitda": "1801200000", "netIncome": "1253900000"}, {"fiscalDateEnding": "2019-06-30", "reportedCurrency": "USD", "grossProfit": "4511800000", "totalRevenue": "5636700000", "costOfRevenue": "1124900000", "costofGoodsAndServicesSold": "1124900000", "operatingIncome": "1498300000", "sellingGeneralAndAdministrative": "1586300000", "researchAndDevelopment": "1402200000", "operatingExpenses": "2988500000", "investmentIncomeNet": "None", "netInterestIncome": "-91500000", "interestIncome": "19400000", "interestExpense": "110900000", "nonInterestIncome": "None", "otherNonOperatingIncome": "-32400000", "depreciation": "None", "depreciationAndAmortization": "247400000", "incomeBeforeTax": "1465900000", "incomeTaxExpense": "138700000", "interestAndDebtExpense": "None", "netIncomeFromContinuingOperations": "1327200000", "comprehensiveIncomeNetOfTax": "None", "ebit": "1576800000", "ebitda": "1824200000", "netIncome": "1327200000"}, {"fiscalDateEnding": "2019-03-31", "reportedCurrency": "USD", "grossProfit": "3953500000", "totalRevenue": "5092200000", "costOfRevenue": "1138700000", "costofGoodsAndServicesSold": "1138700000", "operatingIncome": "645100000", "sellingGeneralAndAdministrative": "1517100000", "researchAndDevelopment": "1230500000", "operatingExpenses": "2747600000", "investmentIncomeNet": "None", "netInterestIncome": "-55900000", "interestIncome": "104800000", "interestExpense": "86500000", "nonInterestIncome": "None", "otherNonOperatingIncome": "86000000", "depreciation": "None", "depreciationAndAmortization": "356500000", "incomeBeforeTax": "731100000", "incomeTaxExpense": "170000000", "interestAndDebtExpense": "None", "netIncomeFromContinuingOperations": "561100000", "comprehensiveIncomeNetOfTax": "None", "ebit": "817600000", "ebitda": "1174100000", "netIncome": "4241600000"}, {"fiscalDateEnding": "2018-12-31", "reportedCurrency": "USD", "grossProfit": "4844900000", "totalRevenue": "6438600000", "costOfRevenue": "1593700000", "costofGoodsAndServicesSold": "1593700000", "operatingIncome": "954200000", "sellingGeneralAndAdministrative": "1861500000", "researchAndDevelopment": "1453800000", "operatingExpenses": "3315300000", "investmentIncomeNet": "None", "netInterestIncome": "None", "interestIncome": "None", "interestExpense": "78200000", "nonInterestIncome": "None", "otherNonOperatingIncome": "-15300000", "depreciation": "None", "depreciationAndAmortization": "345500000", "incomeBeforeTax": "938900000", "incomeTaxExpense": "-186200000", "interestAndDebtExpense": "None", "netIncomeFromContinuingOperations": "1125000000", "comprehensiveIncomeNetOfTax": "None", "ebit": "1017100000", "ebitda": "1362600000", "netIncome": "1125100000"}, {"fiscalDateEnding": "2018-09-30", "reportedCurrency": "USD", "grossProfit": "4499600000", "totalRevenue": "6061900000", "costOfRevenue": "1562300000", "costofGoodsAndServicesSold": "1562300000", "operatingIncome": "1539700000", "sellingGeneralAndAdministrative": "1616600000", "researchAndDevelopment": "1343300000", "operatingExpenses": "2959900000", "investmentIncomeNet": "None", "netInterestIncome": "None", "interestIncome": "None", "interestExpense": "69400000", "nonInterestIncome": "None", "otherNonOperatingIncome": "-15400000", "depreciation": "None", "depreciationAndAmortization": "415500000", "incomeBeforeTax": "1411000000", "incomeTaxExpense": "261500000", "interestAndDebtExpense": "None", "netIncomeFromContinuingOperations": "1149500000", "comprehensiveIncomeNetOfTax": "None", "ebit": "1480400000", "ebitda": "1895900000", "netIncome": "1149500000"}, {"fiscalDateEnding": "2018-06-30", "reportedCurrency": "USD", "grossProfit": "4652500000", "totalRevenue": "6355200000", "costOfRevenue": "1702700000", "costofGoodsAndServicesSold": "1702700000", "operatingIncome": "-33200000", "sellingGeneralAndAdministrative": "1653700000", "researchAndDevelopment": "1333100000", "operatingExpenses": "2986800000", "investmentIncomeNet": "None", "netInterestIncome": "None", "interestIncome": "None", "interestExpense": "63300000", "nonInterestIncome": "None", "otherNonOperatingIncome": "38000000", "depreciation": "None", "depreciationAndAmortization": "425200000", "incomeBeforeTax": "4800000", "incomeTaxExpense": "264700000", "interestAndDebtExpense": "None", "netIncomeFromContinuingOperations": "-259900000", "comprehensiveIncomeNetOfTax": "None", "ebit": "68100000", "ebitda": "493300000", "netIncome": "-259900000"}, {"fiscalDateEnding": "2018-03-31", "reportedCurrency": "USD", "grossProfit": "4128700000", "totalRevenue": "5700000000", "costOfRevenue": "1571300000", "costofGoodsAndServicesSold": "1571300000", "operatingIncome": "1451800000", "sellingGeneralAndAdministrative": "1500000000", "researchAndDevelopment": "1176900000", "operatingExpenses": "2676900000", "investmentIncomeNet": "None", "netInterestIncome": "None", "interestIncome": "None", "interestExpense": "61200000", "nonInterestIncome": "None", "otherNonOperatingIncome": "67500000", "depreciation": "None", "depreciationAndAmortization": "422800000", "incomeBeforeTax": "1441000000", "incomeTaxExpense": "223600000", "interestAndDebtExpense": "None", "netIncomeFromContinuingOperations": "1217400000", "comprehensiveIncomeNetOfTax": "None", "ebit": "1502200000", "ebitda": "1925000000", "netIncome": "1217400000"}, {"fiscalDateEnding": "2017-12-31", "reportedCurrency": "USD", "grossProfit": "4535900000", "totalRevenue": "6160700000", "costOfRevenue": "1624800000", "costofGoodsAndServicesSold": "1624800000", "operatingIncome": "229000000", "sellingGeneralAndAdministrative": "1780500000", "researchAndDevelopment": "1473200000", "operatingExpenses": "3253700000", "investmentIncomeNet": "None", "netInterestIncome": "None", "interestIncome": "None", "interestExpense": "62900000", "nonInterestIncome": "None", "otherNonOperatingIncome": "55100000", "depreciation": "None", "depreciationAndAmortization": "411900000", "incomeBeforeTax": "284100000", "incomeTaxExpense": "1941000000", "interestAndDebtExpense": "None", "netIncomeFromContinuingOperations": "-1656900000", "comprehensiveIncomeNetOfTax": "None", "ebit": "347000000", "ebitda": "758900000", "netIncome": "-1656900000"}, {"fiscalDateEnding": "2017-09-30", "reportedCurrency": "USD", "grossProfit": "4091900000", "totalRevenue": "5658000000", "costOfRevenue": "1566100000", "costofGoodsAndServicesSold": "1566100000", "operatingIncome": "605500000", "sellingGeneralAndAdministrative": "1555500000", "researchAndDevelopment": "1319400000", "operatingExpenses": "2874900000", "investmentIncomeNet": "None", "netInterestIncome": "None", "interestIncome": "None", "interestExpense": "61900000", "nonInterestIncome": "None", "otherNonOperatingIncome": "-13900000", "depreciation": "None", "depreciationAndAmortization": "372900000", "incomeBeforeTax": "591600000", "incomeTaxExpense": "36000000", "interestAndDebtExpense": "None", "netIncomeFromContinuingOperations": "555600000", "comprehensiveIncomeNetOfTax": "None", "ebit": "653499999", "ebitda": "1026399999", "netIncome": "555600000"}, {"fiscalDateEnding": "2017-06-30", "reportedCurrency": "USD", "grossProfit": "4272700000", "totalRevenue": "5824300000", "costOfRevenue": "1551600000", "costofGoodsAndServicesSold": "1551600000", "operatingIncome": "1264400000", "sellingGeneralAndAdministrative": "1707400000", "researchAndDevelopment": "1250900000", "operatingExpenses": "2958300000", "investmentIncomeNet": "None", "netInterestIncome": "None", "interestIncome": "None", "interestExpense": "53600000", "nonInterestIncome": "None", "otherNonOperatingIncome": "-3900000", "depreciation": "None", "depreciationAndAmortization": "395600000", "incomeBeforeTax": "1260500000", "incomeTaxExpense": "252500000", "interestAndDebtExpense": "None", "netIncomeFromContinuingOperations": "1008000000", "comprehensiveIncomeNetOfTax": "None", "ebit": "1314100000", "ebitda": "1709700000", "netIncome": "1008000000"}, {"fiscalDateEnding": "2017-03-31", "reportedCurrency": "USD", "grossProfit": "3900600000", "totalRevenue": "5228300000", "costOfRevenue": "1327700000", "costofGoodsAndServicesSold": "1327700000", "operatingIncome": "46100000", "sellingGeneralAndAdministrative": "1544700000", "researchAndDevelopment": "1238300000", "operatingExpenses": "2783000000", "investmentIncomeNet": "None", "netInterestIncome": "None", "interestIncome": "None", "interestExpense": "46600000", "nonInterestIncome": "None", "otherNonOperatingIncome": "15100000", "depreciation": "None", "depreciationAndAmortization": "386900000", "incomeBeforeTax": "61200000", "incomeTaxExpense": "172000000", "interestAndDebtExpense": "None", "netIncomeFromContinuingOperations": "-110800000", "comprehensiveIncomeNetOfTax": "None", "ebit": "107799999", "ebitda": "494699999", "netIncome": "-110800000"}, {"fiscalDateEnding": "2016-12-31", "reportedCurrency": "USD", "grossProfit": "4294500000", "totalRevenue": "5760500000", "costOfRevenue": "1466000000", "costofGoodsAndServicesSold": "1466000000", "operatingIncome": "876200000", "sellingGeneralAndAdministrative": "1790100000", "researchAndDevelopment": "1450600000", "operatingExpenses": "3240700000", "investmentIncomeNet": "None", "netInterestIncome": "None", "interestIncome": "None", "interestExpense": "51400000", "nonInterestIncome": "None", "otherNonOperatingIncome": "15800000", "depreciation": "None", "depreciationAndAmortization": "344600000", "incomeBeforeTax": "892000000", "incomeTaxExpense": "120200000", "interestAndDebtExpense": "None", "netIncomeFromContinuingOperations": "771800000", "comprehensiveIncomeNetOfTax": "None", "ebit": "943400000", "ebitda": "1288000000", "netIncome": "771800000"}, {"fiscalDateEnding": "2016-09-30", "reportedCurrency": "USD", "grossProfit": "3790800000", "totalRevenue": "5191700000", "costOfRevenue": "1400900000", "costofGoodsAndServicesSold": "1400900000", "operatingIncome": "943500000", "sellingGeneralAndAdministrative": "1565400000", "researchAndDevelopment": "1236400000", "operatingExpenses": "2801800000", "investmentIncomeNet": "None", "netInterestIncome": "None", "interestIncome": "None", "interestExpense": "47200000", "nonInterestIncome": "None", "otherNonOperatingIncome": "27200000", "depreciation": "None", "depreciationAndAmortization": "392800000", "incomeBeforeTax": "970700000", "incomeTaxExpense": "192700000", "interestAndDebtExpense": "None", "netIncomeFromContinuingOperations": "778000000", "comprehensiveIncomeNetOfTax": "None", "ebit": "1017900000", "ebitda": "1410700000", "netIncome": "778000000"}, {"fiscalDateEnding": "2016-06-30", "reportedCurrency": "USD", "grossProfit": "3939800000", "totalRevenue": "5404800000", "costOfRevenue": "1465000000", "costofGoodsAndServicesSold": "1465000000", "operatingIncome": "923300000", "sellingGeneralAndAdministrative": "1622600000", "researchAndDevelopment": "1335900000", "operatingExpenses": "2958500000", "investmentIncomeNet": "None", "netInterestIncome": "None", "interestIncome": "None", "interestExpense": "43200000", "nonInterestIncome": "None", "otherNonOperatingIncome": "21200000", "depreciation": "None", "depreciationAndAmortization": "373700000", "incomeBeforeTax": "944500000", "incomeTaxExpense": "196800000", "interestAndDebtExpense": "None", "netIncomeFromContinuingOperations": "747700000", "comprehensiveIncomeNetOfTax": "None", "ebit": "987700000", "ebitda": "1361400000", "netIncome": "747700000"}, {"fiscalDateEnding": "2016-03-31", "reportedCurrency": "USD", "grossProfit": "3542100000", "totalRevenue": "4865100000", "costOfRevenue": "1323000000", "costofGoodsAndServicesSold": "1323000000", "operatingIncome": "715800000", "sellingGeneralAndAdministrative": "1473900000", "researchAndDevelopment": "1221000000", "operatingExpenses": "2694900000", "investmentIncomeNet": "None", "netInterestIncome": "None", "interestIncome": "None", "interestExpense": "43400000", "nonInterestIncome": "None", "otherNonOperatingIncome": "-149000000", "depreciation": "None", "depreciationAndAmortization": "385500000", "incomeBeforeTax": "566800000", "incomeTaxExpense": "126700000", "interestAndDebtExpense": "None", "netIncomeFromContinuingOperations": "440100000", "comprehensiveIncomeNetOfTax": "None", "ebit": "610200000", "ebitda": "995700000", "netIncome": "440100000"}, {"fiscalDateEnding": "2015-12-31", "reportedCurrency": "USD", "grossProfit": "3986400000", "totalRevenue": "5375600000", "costOfRevenue": "1389200000", "costofGoodsAndServicesSold": "1389200000", "operatingIncome": "399900000", "sellingGeneralAndAdministrative": "1798400000", "researchAndDevelopment": "1444200000", "operatingExpenses": "3242600000", "investmentIncomeNet": "None", "netInterestIncome": "None", "interestIncome": "None", "interestExpense": "44200000", "nonInterestIncome": "None", "otherNonOperatingIncome": "None", "depreciation": "None", "depreciationAndAmortization": "343400000", "incomeBeforeTax": "444600000", "incomeTaxExpense": "-33800000", "interestAndDebtExpense": "None", "netIncomeFromContinuingOperations": "2408400000", "comprehensiveIncomeNetOfTax": "None", "ebit": "744300000", "ebitda": "1087700000", "netIncome": "478400000"}, {"fiscalDateEnding": "2015-09-30", "reportedCurrency": "USD", "grossProfit": "3722800000", "totalRevenue": "4959700000", "costOfRevenue": "1236900000", "costofGoodsAndServicesSold": "1236900000", "operatingIncome": "961300000", "sellingGeneralAndAdministrative": "1575700000", "researchAndDevelopment": "1143400000", "operatingExpenses": "2719100000", "investmentIncomeNet": "None", "netInterestIncome": "None", "interestIncome": "None", "interestExpense": "39300000", "nonInterestIncome": "None", "otherNonOperatingIncome": "None", "depreciation": "None", "depreciationAndAmortization": "358300000", "incomeBeforeTax": "1047800000", "incomeTaxExpense": "248100000", "interestAndDebtExpense": "None", "netIncomeFromContinuingOperations": "0", "comprehensiveIncomeNetOfTax": "None", "ebit": "1087100000", "ebitda": "1445400000", "netIncome": "799700000"}, {"fiscalDateEnding": "2015-06-30", "reportedCurrency": "USD", "grossProfit": "3760300000", "totalRevenue": "4978700000", "costOfRevenue": "1218400000", "costofGoodsAndServicesSold": "1218400000", "operatingIncome": "803000000", "sellingGeneralAndAdministrative": "1635400000", "researchAndDevelopment": "1169500000", "operatingExpenses": "2804900000", "investmentIncomeNet": "None", "netInterestIncome": "None", "interestIncome": "None", "interestExpense": "36800000", "nonInterestIncome": "None", "otherNonOperatingIncome": "-123300000", "depreciation": "None", "depreciationAndAmortization": "368500000", "incomeBeforeTax": "679700000", "incomeTaxExpense": "78900000", "interestAndDebtExpense": "None", "netIncomeFromContinuingOperations": "600800000", "comprehensiveIncomeNetOfTax": "None", "ebit": "716500000", "ebitda": "1085000000", "netIncome": "600800000"}, {"fiscalDateEnding": "2015-03-31", "reportedCurrency": "USD", "grossProfit": "3452000000", "totalRevenue": "4644700000", "costOfRevenue": "1192700000", "costofGoodsAndServicesSold": "1192700000", "operatingIncome": "525200000", "sellingGeneralAndAdministrative": "1523500000", "researchAndDevelopment": "1039300000", "operatingExpenses": "2562800000", "investmentIncomeNet": "None", "netInterestIncome": "None", "interestIncome": "None", "interestExpense": "40900000", "nonInterestIncome": "None", "otherNonOperatingIncome": "None", "depreciation": "None", "depreciationAndAmortization": "357500000", "incomeBeforeTax": "617900000", "incomeTaxExpense": "88400000", "interestAndDebtExpense": "None", "netIncomeFromContinuingOperations": "0", "comprehensiveIncomeNetOfTax": "None", "ebit": "658800000", "ebitda": "1016300000", "netIncome": "529500000"}, {"fiscalDateEnding": "2014-12-31", "reportedCurrency": "USD", "grossProfit": "3868200000", "totalRevenue": "5121300000", "costOfRevenue": "1253100000", "costofGoodsAndServicesSold": "1253100000", "operatingIncome": "376400000", "sellingGeneralAndAdministrative": "1799900000", "researchAndDevelopment": "1185700000", "operatingExpenses": "2985600000", "investmentIncomeNet": "None", "netInterestIncome": "None", "interestIncome": "None", "interestExpense": "37400000", "nonInterestIncome": "None", "otherNonOperatingIncome": "None", "depreciation": "None", "depreciationAndAmortization": "339400000", "incomeBeforeTax": "513600000", "incomeTaxExpense": "85100000", "interestAndDebtExpense": "None", "netIncomeFromContinuingOperations": "2390500000", "comprehensiveIncomeNetOfTax": "None", "ebit": "1049400000", "ebitda": "1388800000", "netIncome": "428500000"}, {"fiscalDateEnding": "2014-09-30", "reportedCurrency": "USD", "grossProfit": "3608600000", "totalRevenue": "4875600000", "costOfRevenue": "1267000000", "costofGoodsAndServicesSold": "1267000000", "operatingIncome": "562000000", "sellingGeneralAndAdministrative": "1672100000", "researchAndDevelopment": "1243200000", "operatingExpenses": "2915300000", "investmentIncomeNet": "None", "netInterestIncome": "None", "interestIncome": "None", "interestExpense": "38100000", "nonInterestIncome": "None", "otherNonOperatingIncome": "None", "depreciation": "None", "depreciationAndAmortization": "342400000", "incomeBeforeTax": "655500000", "incomeTaxExpense": "154900000", "interestAndDebtExpense": "None", "netIncomeFromContinuingOperations": "0", "comprehensiveIncomeNetOfTax": "None", "ebit": "693600000", "ebitda": "1036000000", "netIncome": "500600000"}, {"fiscalDateEnding": "2014-06-30", "reportedCurrency": "USD", "grossProfit": "3745900000", "totalRevenue": "4935600000", "costOfRevenue": "1189700000", "costofGoodsAndServicesSold": "1189700000", "operatingIncome": "886600000", "sellingGeneralAndAdministrative": "1663900000", "researchAndDevelopment": "1195400000", "operatingExpenses": "2859300000", "investmentIncomeNet": "None", "netInterestIncome": "None", "interestIncome": "None", "interestExpense": "35500000", "nonInterestIncome": "None", "otherNonOperatingIncome": "None", "depreciation": "None", "depreciationAndAmortization": "348400000", "incomeBeforeTax": "940400000", "incomeTaxExpense": "206900000", "interestAndDebtExpense": "None", "netIncomeFromContinuingOperations": "0", "comprehensiveIncomeNetOfTax": "None", "ebit": "975900000", "ebitda": "1324300000", "netIncome": "733500000"}, {"fiscalDateEnding": "2014-03-31", "reportedCurrency": "USD", "grossProfit": "3460400000", "totalRevenue": "4683100000", "costOfRevenue": "1222700000", "costofGoodsAndServicesSold": "1222700000", "operatingIncome": "834800000", "sellingGeneralAndAdministrative": "1484900000", "researchAndDevelopment": "1109300000", "operatingExpenses": "2594200000", "investmentIncomeNet": "None", "netInterestIncome": "None", "interestIncome": "None", "interestExpense": "37800000", "nonInterestIncome": "None", "otherNonOperatingIncome": "56000000", "depreciation": "None", "depreciationAndAmortization": "348800000", "incomeBeforeTax": "890800000", "incomeTaxExpense": "162900000", "interestAndDebtExpense": "None", "netIncomeFromContinuingOperations": "727900000", "comprehensiveIncomeNetOfTax": "None", "ebit": "928600000", "ebitda": "1277400000", "netIncome": "727900000"}, {"fiscalDateEnding": "2013-12-31", "reportedCurrency": "USD", "grossProfit": "4422300000", "totalRevenue": "5808800000", "costOfRevenue": "1386500000", "costofGoodsAndServicesSold": "1386500000", "operatingIncome": "900800000", "sellingGeneralAndAdministrative": "1953600000", "researchAndDevelopment": "1475400000", "operatingExpenses": "3429000000", "investmentIncomeNet": "None", "netInterestIncome": "None", "interestIncome": "None", "interestExpense": "39700000", "nonInterestIncome": "None", "otherNonOperatingIncome": "None", "depreciation": "None", "depreciationAndAmortization": "351200000", "incomeBeforeTax": "909900000", "incomeTaxExpense": "182400000", "interestAndDebtExpense": "None", "netIncomeFromContinuingOperations": "0", "comprehensiveIncomeNetOfTax": "None", "ebit": "949600000", "ebitda": "1300800000", "netIncome": "727500000"}, {"fiscalDateEnding": "2013-09-30", "reportedCurrency": "USD", "grossProfit": "4574500000", "totalRevenue": "5772600000", "costOfRevenue": "1198100000", "costofGoodsAndServicesSold": "1198100000", "operatingIncome": "1544700000", "sellingGeneralAndAdministrative": "1652400000", "researchAndDevelopment": "1377400000", "operatingExpenses": "3029800000", "investmentIncomeNet": "None", "netInterestIncome": "None", "interestIncome": "None", "interestExpense": "39800000", "nonInterestIncome": "None", "otherNonOperatingIncome": "None", "depreciation": "None", "depreciationAndAmortization": "349000000", "incomeBeforeTax": "1513400000", "incomeTaxExpense": "310300000", "interestAndDebtExpense": "None", "netIncomeFromContinuingOperations": "0", "comprehensiveIncomeNetOfTax": "None", "ebit": "1553200000", "ebitda": "1902200000", "netIncome": "1203100000"}, {"fiscalDateEnding": "2013-06-30", "reportedCurrency": "USD", "grossProfit": "4764500000", "totalRevenue": "5929700000", "costOfRevenue": "1165200000", "costofGoodsAndServicesSold": "1165200000", "operatingIncome": "1503000000", "sellingGeneralAndAdministrative": "1867600000", "researchAndDevelopment": "1330400000", "operatingExpenses": "3198000000", "investmentIncomeNet": "None", "netInterestIncome": "None", "interestIncome": "None", "interestExpense": "40300000", "nonInterestIncome": "None", "otherNonOperatingIncome": "None", "depreciation": "None", "depreciationAndAmortization": "363900000", "incomeBeforeTax": "1514900000", "incomeTaxExpense": "308700000", "interestAndDebtExpense": "None", "netIncomeFromContinuingOperations": "0", "comprehensiveIncomeNetOfTax": "None", "ebit": "1555200000", "ebitda": "1919100000", "netIncome": "1206200000"}, {"fiscalDateEnding": "2013-03-31", "reportedCurrency": "USD", "grossProfit": "4443700000", "totalRevenue": "5602000000", "costOfRevenue": "1158300000", "costofGoodsAndServicesSold": "1158300000", "operatingIncome": "1421900000", "sellingGeneralAndAdministrative": "1652000000", "researchAndDevelopment": "1348100000", "operatingExpenses": "3000100000", "investmentIncomeNet": "None", "netInterestIncome": "None", "interestIncome": "None", "interestExpense": "40300000", "nonInterestIncome": "None", "otherNonOperatingIncome": "529200000", "depreciation": "None", "depreciationAndAmortization": "381500000", "incomeBeforeTax": "1951100000", "incomeTaxExpense": "403100000", "interestAndDebtExpense": "None", "netIncomeFromContinuingOperations": "1548000000", "comprehensiveIncomeNetOfTax": "None", "ebit": "588400000", "ebitda": "969900000", "netIncome": "1548000000"}, {"fiscalDateEnding": "2012-12-31", "reportedCurrency": "USD", "grossProfit": "4709000000", "totalRevenue": "5957300000", "costOfRevenue": "1248300000", "costofGoodsAndServicesSold": "1248300000", "operatingIncome": "1064400000", "sellingGeneralAndAdministrative": "1977500000", "researchAndDevelopment": "1463100000", "operatingExpenses": "3440600000", "investmentIncomeNet": "None", "netInterestIncome": "None", "interestIncome": "None", "interestExpense": "42500000", "nonInterestIncome": "None", "otherNonOperatingIncome": "None", "depreciation": "None", "depreciationAndAmortization": "344600000", "incomeBeforeTax": "1012400000", "incomeTaxExpense": "185200000", "interestAndDebtExpense": "None", "netIncomeFromContinuingOperations": "0", "comprehensiveIncomeNetOfTax": "None", "ebit": "1055000000", "ebitda": "1399600000", "netIncome": "827200000"}, {"fiscalDateEnding": "2012-09-30", "reportedCurrency": "USD", "grossProfit": "4239700000", "totalRevenue": "5443300000", "costOfRevenue": "1203600000", "costofGoodsAndServicesSold": "1203600000", "operatingIncome": "1086200000", "sellingGeneralAndAdministrative": "1757400000", "researchAndDevelopment": "1342800000", "operatingExpenses": "3100200000", "investmentIncomeNet": "None", "netInterestIncome": "None", "interestIncome": "None", "interestExpense": "47000000", "nonInterestIncome": "None", "otherNonOperatingIncome": "None", "depreciation": "None", "depreciationAndAmortization": "369700000", "incomeBeforeTax": "1874700000", "incomeTaxExpense": "548100000", "interestAndDebtExpense": "None", "netIncomeFromContinuingOperations": "0", "comprehensiveIncomeNetOfTax": "None", "ebit": "-40000000", "ebitda": "329700000", "netIncome": "1326600000"}, {"fiscalDateEnding": "2012-06-30", "reportedCurrency": "USD", "grossProfit": "4454000000", "totalRevenue": "5600700000", "costOfRevenue": "1146700000", "costofGoodsAndServicesSold": "1146700000", "operatingIncome": "1202200000", "sellingGeneralAndAdministrative": "1931100000", "researchAndDevelopment": "1320700000", "operatingExpenses": "3251800000", "investmentIncomeNet": "None", "netInterestIncome": "None", "interestIncome": "None", "interestExpense": "15800000", "nonInterestIncome": "None", "otherNonOperatingIncome": "None", "depreciation": "None", "depreciationAndAmortization": "362000000", "incomeBeforeTax": "1185700000", "incomeTaxExpense": "262100000", "interestAndDebtExpense": "None", "netIncomeFromContinuingOperations": "0", "comprehensiveIncomeNetOfTax": "None", "ebit": "1228700000", "ebitda": "1590700000", "netIncome": "923600000"}, {"fiscalDateEnding": "2012-03-31", "reportedCurrency": "USD", "grossProfit": "4404100000", "totalRevenue": "5602000000", "costOfRevenue": "1197900000", "costofGoodsAndServicesSold": "1197900000", "operatingIncome": "1381300000", "sellingGeneralAndAdministrative": "1847500000", "researchAndDevelopment": "1151500000", "operatingExpenses": "2999000000", "investmentIncomeNet": "None", "netInterestIncome": "None", "interestIncome": "None", "interestExpense": "45300000", "nonInterestIncome": "None", "otherNonOperatingIncome": "None", "depreciation": "None", "depreciationAndAmortization": "385900000", "incomeBeforeTax": "1335300000", "incomeTaxExpense": "324200000", "interestAndDebtExpense": "None", "netIncomeFromContinuingOperations": "0", "comprehensiveIncomeNetOfTax": "None", "ebit": "1380600000", "ebitda": "1766500000", "netIncome": "1011100000"}, {"fiscalDateEnding": "2011-12-31", "reportedCurrency": "USD", "grossProfit": "4724900000", "totalRevenue": "6046600000", "costOfRevenue": "1321700000", "costofGoodsAndServicesSold": "1321700000", "operatingIncome": "1068600000", "sellingGeneralAndAdministrative": "2133400000", "researchAndDevelopment": "1355300000", "operatingExpenses": "3488700000", "investmentIncomeNet": "None", "netInterestIncome": "None", "interestIncome": "None", "interestExpense": "50100000", "nonInterestIncome": "None", "otherNonOperatingIncome": "None", "depreciation": "None", "depreciationAndAmortization": "318900000", "incomeBeforeTax": "1041800000", "incomeTaxExpense": "183600000", "interestAndDebtExpense": "None", "netIncomeFromContinuingOperations": "0", "comprehensiveIncomeNetOfTax": "None", "ebit": "1091900000", "ebitda": "1410800000", "netIncome": "858200000"}, {"fiscalDateEnding": "2011-09-30", "reportedCurrency": "USD", "grossProfit": "4809800000", "totalRevenue": "6147900000", "costOfRevenue": "1338100000", "costofGoodsAndServicesSold": "1338100000", "operatingIncome": "1585900000", "sellingGeneralAndAdministrative": "1917800000", "researchAndDevelopment": "1280900000", "operatingExpenses": "3198700000", "investmentIncomeNet": "None", "netInterestIncome": "None", "interestIncome": "None", "interestExpense": "83400000", "nonInterestIncome": "None", "otherNonOperatingIncome": "-83400000", "depreciation": "None", "depreciationAndAmortization": "358200000", "incomeBeforeTax": "1502500000", "incomeTaxExpense": "266200000", "interestAndDebtExpense": "None", "netIncomeFromContinuingOperations": "1236300000", "comprehensiveIncomeNetOfTax": "None", "ebit": "1547500000", "ebitda": "1905700000", "netIncome": "1236300000"}, {"fiscalDateEnding": "2011-06-30", "reportedCurrency": "USD", "grossProfit": "5024800000", "totalRevenue": "6252800000", "costOfRevenue": "1228000000", "costofGoodsAndServicesSold": "1228000000", "operatingIncome": "1588900000", "sellingGeneralAndAdministrative": "2043000000", "researchAndDevelopment": "1260600000", "operatingExpenses": "3303600000", "investmentIncomeNet": "None", "netInterestIncome": "None", "interestIncome": "None", "interestExpense": "45100000", "nonInterestIncome": "None", "otherNonOperatingIncome": "-57600000", "depreciation": "None", "depreciationAndAmortization": "355600000", "incomeBeforeTax": "1531300000", "incomeTaxExpense": "334000000", "interestAndDebtExpense": "None", "netIncomeFromContinuingOperations": "1197300000", "comprehensiveIncomeNetOfTax": "None", "ebit": "1576400000", "ebitda": "1932000000", "netIncome": "1197300000"}, {"fiscalDateEnding": "2011-03-31", "reportedCurrency": "USD", "grossProfit": "4659100000", "totalRevenue": "5839200000", "costOfRevenue": "1180100000", "costofGoodsAndServicesSold": "1180100000", "operatingIncome": "1285100000", "sellingGeneralAndAdministrative": "1785700000", "researchAndDevelopment": "1124000000", "operatingExpenses": "2909700000", "investmentIncomeNet": "None", "netInterestIncome": "None", "interestIncome": "None", "interestExpense": "45800000", "nonInterestIncome": "None", "otherNonOperatingIncome": "-11200000", "depreciation": "None", "depreciationAndAmortization": "340900000", "incomeBeforeTax": "1273900000", "incomeTaxExpense": "218000000", "interestAndDebtExpense": "None", "netIncomeFromContinuingOperations": "1055900000", "comprehensiveIncomeNetOfTax": "None", "ebit": "1319700000", "ebitda": "1660600000", "netIncome": "1055900000"}, {"fiscalDateEnding": "2010-12-31", "reportedCurrency": "USD", "grossProfit": "4954800000", "totalRevenue": "6187000000", "costOfRevenue": "1232200000", "costofGoodsAndServicesSold": "1232200000", "operatingIncome": "1528000000", "sellingGeneralAndAdministrative": "1988700000", "researchAndDevelopment": "1438100000", "operatingExpenses": "3426800000", "investmentIncomeNet": "None", "netInterestIncome": "None", "interestIncome": "None", "interestExpense": "43200000", "nonInterestIncome": "None", "otherNonOperatingIncome": "None", "depreciation": "None", "depreciationAndAmortization": "338500000", "incomeBeforeTax": "1409600000", "incomeTaxExpense": "240000000", "interestAndDebtExpense": "None", "netIncomeFromContinuingOperations": "0", "comprehensiveIncomeNetOfTax": "None", "ebit": "1452800000", "ebitda": "1791300000", "netIncome": "1169600000"}, {"fiscalDateEnding": "2010-09-30", "reportedCurrency": "USD", "grossProfit": "4667200000", "totalRevenue": "5654800000", "costOfRevenue": "987600000", "costofGoodsAndServicesSold": "987600000", "operatingIncome": "1752500000", "sellingGeneralAndAdministrative": "1694900000", "researchAndDevelopment": "1219800000", "operatingExpenses": "2914700000", "investmentIncomeNet": "None", "netInterestIncome": "None", "interestIncome": "None", "interestExpense": "47200000", "nonInterestIncome": "None", "otherNonOperatingIncome": "None", "depreciation": "None", "depreciationAndAmortization": "344700000", "incomeBeforeTax": "1671300000", "incomeTaxExpense": "368400000", "interestAndDebtExpense": "None", "netIncomeFromContinuingOperations": "0", "comprehensiveIncomeNetOfTax": "None", "ebit": "1718500000", "ebitda": "2063200000", "netIncome": "1302900000"}, {"fiscalDateEnding": "2010-06-30", "reportedCurrency": "USD", "grossProfit": "4724800000", "totalRevenue": "5748700000", "costOfRevenue": "1023900000", "costofGoodsAndServicesSold": "1023900000", "operatingIncome": "1782200000", "sellingGeneralAndAdministrative": "1755400000", "researchAndDevelopment": "1187200000", "operatingExpenses": "2942600000", "investmentIncomeNet": "None", "netInterestIncome": "None", "interestIncome": "None", "interestExpense": "47500000", "nonInterestIncome": "None", "otherNonOperatingIncome": "None", "depreciation": "None", "depreciationAndAmortization": "345600000", "incomeBeforeTax": "1736500000", "incomeTaxExpense": "387600000", "interestAndDebtExpense": "None", "netIncomeFromContinuingOperations": "0", "comprehensiveIncomeNetOfTax": "None", "ebit": "1784000000", "ebitda": "2129600000", "netIncome": "1348900000"}, {"fiscalDateEnding": "2010-03-31", "reportedCurrency": "USD", "grossProfit": "4363000000", "totalRevenue": "5485500000", "costOfRevenue": "1122500000", "costofGoodsAndServicesSold": "1122500000", "operatingIncome": "1709500000", "sellingGeneralAndAdministrative": "1614400000", "researchAndDevelopment": "1039100000", "operatingExpenses": "2653500000", "investmentIncomeNet": "None", "netInterestIncome": "None", "interestIncome": "None", "interestExpense": "47600000", "nonInterestIncome": "None", "otherNonOperatingIncome": "None", "depreciation": "None", "depreciationAndAmortization": "299400000", "incomeBeforeTax": "1707800000", "incomeTaxExpense": "459700000", "interestAndDebtExpense": "None", "netIncomeFromContinuingOperations": "0", "comprehensiveIncomeNetOfTax": "None", "ebit": "1755400000", "ebitda": "2054800000", "netIncome": "1248100000"}, {"fiscalDateEnding": "2009-12-31", "reportedCurrency": "USD", "grossProfit": "4502900000", "totalRevenue": "5934200000", "costOfRevenue": "1431300000", "costofGoodsAndServicesSold": "1431300000", "operatingIncome": "1332900000", "sellingGeneralAndAdministrative": "1953300000", "researchAndDevelopment": "1216700000", "operatingExpenses": "3170000000", "investmentIncomeNet": "None", "netInterestIncome": "None", "interestIncome": "None", "interestExpense": "50200000", "nonInterestIncome": "None", "otherNonOperatingIncome": "None", "depreciation": "None", "depreciationAndAmortization": "375800000", "incomeBeforeTax": "1137200000", "incomeTaxExpense": "221800000", "interestAndDebtExpense": "None", "netIncomeFromContinuingOperations": "0", "comprehensiveIncomeNetOfTax": "None", "ebit": "1346700000", "ebitda": "1722500000", "netIncome": "915400000"}, {"fiscalDateEnding": "2009-09-30", "reportedCurrency": "USD", "grossProfit": "4510100000", "totalRevenue": "5562000000", "costOfRevenue": "1051900000", "costofGoodsAndServicesSold": "1051900000", "operatingIncome": "1686200000", "sellingGeneralAndAdministrative": "1701800000", "researchAndDevelopment": "1122100000", "operatingExpenses": "2823900000", "investmentIncomeNet": "None", "netInterestIncome": "None", "interestIncome": "None", "interestExpense": "59200000", "nonInterestIncome": "None", "otherNonOperatingIncome": "None", "depreciation": "None", "depreciationAndAmortization": "309700000", "incomeBeforeTax": "1069500000", "incomeTaxExpense": "127700000", "interestAndDebtExpense": "None", "netIncomeFromContinuingOperations": "0", "comprehensiveIncomeNetOfTax": "None", "ebit": "1701400000", "ebitda": "2011100000", "netIncome": "941800000"}, {"fiscalDateEnding": "2009-06-30", "reportedCurrency": "USD", "grossProfit": "4345400000", "totalRevenue": "5292800000", "costOfRevenue": "947400000", "costofGoodsAndServicesSold": "947400000", "operatingIncome": "1491800000", "sellingGeneralAndAdministrative": "1708200000", "researchAndDevelopment": "1040400000", "operatingExpenses": "2853600000", "investmentIncomeNet": "None", "netInterestIncome": "None", "interestIncome": "None", "interestExpense": "64300000", "nonInterestIncome": "None", "otherNonOperatingIncome": "None", "depreciation": "None", "depreciationAndAmortization": "306000000", "incomeBeforeTax": "1467700000", "incomeTaxExpense": "309200000", "interestAndDebtExpense": "None", "netIncomeFromContinuingOperations": "0", "comprehensiveIncomeNetOfTax": "None", "ebit": "1532000000", "ebitda": "1838000000", "netIncome": "1158500000"}, {"fiscalDateEnding": "2009-03-31", "reportedCurrency": "USD", "grossProfit": "4230600000", "totalRevenue": "5047000000", "costOfRevenue": "816400000", "costofGoodsAndServicesSold": "816400000", "operatingIncome": "1754100000", "sellingGeneralAndAdministrative": "1529200000", "researchAndDevelopment": "947300000", "operatingExpenses": "2476500000", "investmentIncomeNet": "None", "netInterestIncome": "None", "interestIncome": "None", "interestExpense": "87600000", "nonInterestIncome": "None", "otherNonOperatingIncome": "None", "depreciation": "None", "depreciationAndAmortization": "306300000", "incomeBeforeTax": "1683400000", "incomeTaxExpense": "370300000", "interestAndDebtExpense": "None", "netIncomeFromContinuingOperations": "0", "comprehensiveIncomeNetOfTax": "None", "ebit": "1771000000", "ebitda": "2077300000", "netIncome": "1313100000"}, {"fiscalDateEnding": "2008-12-31", "reportedCurrency": "USD", "grossProfit": "4295100000", "totalRevenue": "5210500000", "costOfRevenue": "915400000", "costofGoodsAndServicesSold": "915400000", "operatingIncome": "1509200000", "sellingGeneralAndAdministrative": "1726600000", "researchAndDevelopment": "1059300000", "operatingExpenses": "2785900000", "investmentIncomeNet": "None", "netInterestIncome": "None", "interestIncome": "None", "interestExpense": "91100000", "nonInterestIncome": "None", "otherNonOperatingIncome": "None", "depreciation": "None", "depreciationAndAmortization": "280300000", "incomeBeforeTax": "-3337400000", "incomeTaxExpense": "292000000", "interestAndDebtExpense": "None", "netIncomeFromContinuingOperations": "0", "comprehensiveIncomeNetOfTax": "None", "ebit": "1509200000", "ebitda": "1789500000", "netIncome": "-3629400000"}, {"fiscalDateEnding": "2008-09-30", "reportedCurrency": "USD", "grossProfit": "4054300000", "totalRevenue": "5209500000", "costOfRevenue": "1155200000", "costofGoodsAndServicesSold": "1155200000", "operatingIncome": "1452100000", "sellingGeneralAndAdministrative": "1649200000", "researchAndDevelopment": "953000000", "operatingExpenses": "2602200000", "investmentIncomeNet": "None", "netInterestIncome": "None", "interestIncome": "None", "interestExpense": "44000000", "nonInterestIncome": "None", "otherNonOperatingIncome": "None", "depreciation": "None", "depreciationAndAmortization": "283300000", "incomeBeforeTax": "-232800000", "incomeTaxExpense": "232800000", "interestAndDebtExpense": "None", "netIncomeFromContinuingOperations": "0", "comprehensiveIncomeNetOfTax": "None", "ebit": "-188800000", "ebitda": "94500000", "netIncome": "-465600000"}, {"fiscalDateEnding": "2008-06-30", "reportedCurrency": "USD", "grossProfit": "3949500000", "totalRevenue": "5150400000", "costOfRevenue": "1200900000", "costofGoodsAndServicesSold": "1200900000", "operatingIncome": "1297900000", "sellingGeneralAndAdministrative": "1700100000", "researchAndDevelopment": "951500000", "operatingExpenses": "2651600000", "investmentIncomeNet": "None", "netInterestIncome": "None", "interestIncome": "None", "interestExpense": "42600000", "nonInterestIncome": "None", "otherNonOperatingIncome": "None", "depreciation": "None", "depreciationAndAmortization": "281500000", "incomeBeforeTax": "1206300000", "incomeTaxExpense": "247500000", "interestAndDebtExpense": "None", "netIncomeFromContinuingOperations": "0", "comprehensiveIncomeNetOfTax": "None", "ebit": "1248900000", "ebitda": "1530400000", "netIncome": "958800000"}, {"fiscalDateEnding": "2008-03-31", "reportedCurrency": "USD", "grossProfit": "3696300000", "totalRevenue": "4807600000", "costOfRevenue": "1111300000", "costofGoodsAndServicesSold": "1111300000", "operatingIncome": "1268700000", "sellingGeneralAndAdministrative": "1550500000", "researchAndDevelopment": "877100000", "operatingExpenses": "2427600000", "investmentIncomeNet": "None", "netInterestIncome": "None", "interestIncome": "None", "interestExpense": "74900000", "nonInterestIncome": "None", "otherNonOperatingIncome": "None", "depreciation": "None", "depreciationAndAmortization": "277500000", "incomeBeforeTax": "1056300000", "incomeTaxExpense": "-8000000", "interestAndDebtExpense": "None", "netIncomeFromContinuingOperations": "0", "comprehensiveIncomeNetOfTax": "None", "ebit": "1116100000", "ebitda": "1393600000", "netIncome": "1064300000"}, {"fiscalDateEnding": "2007-12-31", "reportedCurrency": "USD", "grossProfit": "3916800000", "totalRevenue": "5189600000", "costOfRevenue": "1272800000", "costofGoodsAndServicesSold": "1272800000", "operatingIncome": "1207400000", "sellingGeneralAndAdministrative": "1755800000", "researchAndDevelopment": "953600000", "operatingExpenses": "2709400000", "investmentIncomeNet": "None", "netInterestIncome": "None", "interestIncome": "None", "interestExpense": "60400000", "nonInterestIncome": "None", "otherNonOperatingIncome": "None", "depreciation": "None", "depreciationAndAmortization": "274800000", "incomeBeforeTax": "1052300000", "incomeTaxExpense": "197900000", "interestAndDebtExpense": "None", "netIncomeFromContinuingOperations": "0", "comprehensiveIncomeNetOfTax": "None", "ebit": "1207400000", "ebitda": "1482200000", "netIncome": "854400000"}, {"fiscalDateEnding": "2007-09-30", "reportedCurrency": "USD", "grossProfit": "3532200000", "totalRevenue": "4586800000", "costOfRevenue": "1054600000", "costofGoodsAndServicesSold": "1054600000", "operatingIncome": "1209900000", "sellingGeneralAndAdministrative": "1477800000", "researchAndDevelopment": "844500000", "operatingExpenses": "2322300000", "investmentIncomeNet": "None", "netInterestIncome": "None", "interestIncome": "None", "interestExpense": "55800000", "nonInterestIncome": "None", "otherNonOperatingIncome": "None", "depreciation": "None", "depreciationAndAmortization": "265500000", "incomeBeforeTax": "1178400000", "incomeTaxExpense": "252100000", "interestAndDebtExpense": "None", "netIncomeFromContinuingOperations": "0", "comprehensiveIncomeNetOfTax": "None", "ebit": "1209900000", "ebitda": "1475400000", "netIncome": "926300000"}, {"fiscalDateEnding": "2007-06-30", "reportedCurrency": "USD", "grossProfit": "3632100000", "totalRevenue": "4631000000", "costOfRevenue": "998900000", "costofGoodsAndServicesSold": "998900000", "operatingIncome": "1253000000", "sellingGeneralAndAdministrative": "1524700000", "researchAndDevelopment": "854400000", "operatingExpenses": "2379100000", "investmentIncomeNet": "None", "netInterestIncome": "None", "interestIncome": "None", "interestExpense": "59100000", "nonInterestIncome": "None", "otherNonOperatingIncome": "None", "depreciation": "None", "depreciationAndAmortization": "262500000", "incomeBeforeTax": "926700000", "incomeTaxExpense": "263100000", "interestAndDebtExpense": "None", "netIncomeFromContinuingOperations": "0", "comprehensiveIncomeNetOfTax": "None", "ebit": "1253000000", "ebitda": "1515500000", "netIncome": "663600000"}, {"fiscalDateEnding": "2007-03-31", "reportedCurrency": "USD", "grossProfit": "3303600000", "totalRevenue": "4226100000", "costOfRevenue": "922500000", "costofGoodsAndServicesSold": "922500000", "operatingIncome": "1132600000", "sellingGeneralAndAdministrative": "1336800000", "researchAndDevelopment": "834200000", "operatingExpenses": "2171000000", "investmentIncomeNet": "None", "netInterestIncome": "None", "interestIncome": "None", "interestExpense": "53000000", "nonInterestIncome": "None", "otherNonOperatingIncome": "None", "depreciation": "None", "depreciationAndAmortization": "245100000", "incomeBeforeTax": "719400000", "incomeTaxExpense": "210700000", "interestAndDebtExpense": "None", "netIncomeFromContinuingOperations": "0", "comprehensiveIncomeNetOfTax": "None", "ebit": "0", "ebitda": "245100000", "netIncome": "508700000"}, {"fiscalDateEnding": "2006-12-31", "reportedCurrency": "USD", "grossProfit": "3226300000", "totalRevenue": "4245300000", "costOfRevenue": "1019000000", "costofGoodsAndServicesSold": "1019000000", "operatingIncome": "1057500000", "sellingGeneralAndAdministrative": "1310800000", "researchAndDevelopment": "858000000", "operatingExpenses": "2168800000", "investmentIncomeNet": "None", "netInterestIncome": "None", "interestIncome": "None", "interestExpense": "44600000", "nonInterestIncome": "None", "otherNonOperatingIncome": "None", "depreciation": "None", "depreciationAndAmortization": "173600000", "incomeBeforeTax": "215000000", "incomeTaxExpense": "82700000", "interestAndDebtExpense": "None", "netIncomeFromContinuingOperations": "0", "comprehensiveIncomeNetOfTax": "None", "ebit": "1057500000", "ebitda": "1231100000", "netIncome": "132300000"}, {"fiscalDateEnding": "2006-09-30", "reportedCurrency": "USD", "grossProfit": "3003700000", "totalRevenue": "3864100000", "costOfRevenue": "860400000", "costofGoodsAndServicesSold": "860400000", "operatingIncome": "1049800000", "sellingGeneralAndAdministrative": "1198200000", "researchAndDevelopment": "755700000", "operatingExpenses": "1953900000", "investmentIncomeNet": "None", "netInterestIncome": "None", "interestIncome": "None", "interestExpense": "62700000", "nonInterestIncome": "None", "otherNonOperatingIncome": "None", "depreciation": "None", "depreciationAndAmortization": "214200000", "incomeBeforeTax": "1105800000", "incomeTaxExpense": "232200000", "interestAndDebtExpense": "None", "netIncomeFromContinuingOperations": "0", "comprehensiveIncomeNetOfTax": "None", "ebit": "1049800000", "ebitda": "1264000000", "netIncome": "873600000"}, {"fiscalDateEnding": "2006-06-30", "reportedCurrency": "USD", "grossProfit": "3006300000", "totalRevenue": "3866900000", "costOfRevenue": "860600000", "costofGoodsAndServicesSold": "860600000", "operatingIncome": "993600000", "sellingGeneralAndAdministrative": "1237900000", "researchAndDevelopment": "774800000", "operatingExpenses": "2012700000", "investmentIncomeNet": "None", "netInterestIncome": "None", "interestIncome": "None", "interestExpense": "65800000", "nonInterestIncome": "None", "otherNonOperatingIncome": "None", "depreciation": "None", "depreciationAndAmortization": "209100000", "incomeBeforeTax": "1040500000", "incomeTaxExpense": "218500000", "interestAndDebtExpense": "None", "netIncomeFromContinuingOperations": "0", "comprehensiveIncomeNetOfTax": "None", "ebit": "993600000", "ebitda": "1202700000", "netIncome": "822000000"}, {"fiscalDateEnding": "2006-03-31", "reportedCurrency": "USD", "grossProfit": "2908200000", "totalRevenue": "3714700000", "costOfRevenue": "806500000", "costofGoodsAndServicesSold": "806500000", "operatingIncome": "1024500000", "sellingGeneralAndAdministrative": "1142900000", "researchAndDevelopment": "740800000", "operatingExpenses": "1883700000", "investmentIncomeNet": "None", "netInterestIncome": "None", "interestIncome": "None", "interestExpense": "65000000", "nonInterestIncome": "None", "otherNonOperatingIncome": "None", "depreciation": "None", "depreciationAndAmortization": "204900000", "incomeBeforeTax": "1056700000", "incomeTaxExpense": "221900000", "interestAndDebtExpense": "None", "netIncomeFromContinuingOperations": "0", "comprehensiveIncomeNetOfTax": "None", "ebit": "1024500000", "ebitda": "1229400000", "netIncome": "834800000"}, {"fiscalDateEnding": "2005-12-31", "reportedCurrency": "USD", "grossProfit": "2980900000", "totalRevenue": "3879100000", "costOfRevenue": "898200000", "costofGoodsAndServicesSold": "898200000", "operatingIncome": "981400000", "sellingGeneralAndAdministrative": "1189600000", "researchAndDevelopment": "809900000", "operatingExpenses": "1999500000", "investmentIncomeNet": "None", "netInterestIncome": "None", "interestIncome": "None", "interestExpense": "105200000", "nonInterestIncome": "None", "otherNonOperatingIncome": "None", "depreciation": "None", "depreciationAndAmortization": "225100000", "incomeBeforeTax": "894700000", "incomeTaxExpense": "172100000", "interestAndDebtExpense": "None", "netIncomeFromContinuingOperations": "0", "comprehensiveIncomeNetOfTax": "None", "ebit": "981400000", "ebitda": "1206500000", "netIncome": "700600000"}, {"fiscalDateEnding": "2005-09-30", "reportedCurrency": "USD", "grossProfit": "2755400000", "totalRevenue": "3601100000", "costOfRevenue": "845700000", "costofGoodsAndServicesSold": "845700000", "operatingIncome": "933500000", "sellingGeneralAndAdministrative": "1070900000", "researchAndDevelopment": "751000000", "operatingExpenses": "1821900000", "investmentIncomeNet": "None", "netInterestIncome": "None", "interestIncome": "None", "interestExpense": "24300000", "nonInterestIncome": "None", "otherNonOperatingIncome": "None", "depreciation": "None", "depreciationAndAmortization": "183900000", "incomeBeforeTax": "1018500000", "incomeTaxExpense": "224100000", "interestAndDebtExpense": "None", "netIncomeFromContinuingOperations": "0", "comprehensiveIncomeNetOfTax": "None", "ebit": "933500000", "ebitda": "1117400000", "netIncome": "794400000"}, {"fiscalDateEnding": "2005-06-30", "reportedCurrency": "USD", "grossProfit": "2796400000", "totalRevenue": "3667700000", "costOfRevenue": "871300000", "costofGoodsAndServicesSold": "871300000", "operatingIncome": "887900000", "sellingGeneralAndAdministrative": "1146100000", "researchAndDevelopment": "762400000", "operatingExpenses": "1908500000", "investmentIncomeNet": "None", "netInterestIncome": "None", "interestIncome": "None", "interestExpense": "12000000", "nonInterestIncome": "None", "otherNonOperatingIncome": "None", "depreciation": "None", "depreciationAndAmortization": "158700000", "incomeBeforeTax": "-140100000", "incomeTaxExpense": "111900000", "interestAndDebtExpense": "None", "netIncomeFromContinuingOperations": "0", "comprehensiveIncomeNetOfTax": "None", "ebit": "887900000", "ebitda": "1046600000", "netIncome": "-252000000"}, {"fiscalDateEnding": "2005-03-31", "reportedCurrency": "USD", "grossProfit": "2638400000", "totalRevenue": "3497400000", "costOfRevenue": "859000000", "costofGoodsAndServicesSold": "859000000", "operatingIncome": "845800000", "sellingGeneralAndAdministrative": "1090400000", "researchAndDevelopment": "702200000", "operatingExpenses": "1792600000", "investmentIncomeNet": "None", "netInterestIncome": "None", "interestIncome": "None", "interestExpense": "24600000", "nonInterestIncome": "None", "otherNonOperatingIncome": "None", "depreciation": "None", "depreciationAndAmortization": "158700000", "incomeBeforeTax": "944400000", "incomeTaxExpense": "207800000", "interestAndDebtExpense": "None", "netIncomeFromContinuingOperations": "0", "comprehensiveIncomeNetOfTax": "None", "ebit": "845800000", "ebitda": "1004500000", "netIncome": "736600000"}, {"fiscalDateEnding": "2004-12-31", "reportedCurrency": "USD", "grossProfit": "2778600000", "totalRevenue": "3644300000", "costOfRevenue": "865700000", "costofGoodsAndServicesSold": "865700000", "operatingIncome": "974900000", "sellingGeneralAndAdministrative": "1098200000", "researchAndDevelopment": "705500000", "operatingExpenses": "1803700000", "investmentIncomeNet": "None", "netInterestIncome": "None", "interestIncome": "None", "interestExpense": "16300000", "nonInterestIncome": "None", "otherNonOperatingIncome": "None", "depreciation": "None", "depreciationAndAmortization": "136700000", "incomeBeforeTax": "520000000", "incomeTaxExpense": "522400000", "interestAndDebtExpense": "None", "netIncomeFromContinuingOperations": "0", "comprehensiveIncomeNetOfTax": "None", "ebit": "974900000", "ebitda": "1111600000", "netIncome": "-2400000"}]}