{"symbol": "SMCI", "annualReports": [{"fiscalDateEnding": "2024-06-30", "reportedCurrency": "USD", "grossProfit": "2111729000", "totalRevenue": "14942854000", "costOfRevenue": "12831125000", "costofGoodsAndServicesSold": "12831125000", "operatingIncome": "1265692000", "sellingGeneralAndAdministrative": "193596000", "researchAndDevelopment": "462926000", "operatingExpenses": "846037000", "investmentIncomeNet": "None", "netInterestIncome": "-19352000", "interestIncome": "None", "interestExpense": "19352000", "nonInterestIncome": "None", "otherNonOperatingIncome": "None", "depreciation": "None", "depreciationAndAmortization": "22717000", "incomeBeforeTax": "1269057000", "incomeTaxExpense": "62729000", "interestAndDebtExpense": "None", "netIncomeFromContinuingOperations": "1152666000", "comprehensiveIncomeNetOfTax": "None", "ebit": "1265692000", "ebitda": "1288409000", "netIncome": "1208149000"}, {"fiscalDateEnding": "2023-06-30", "reportedCurrency": "USD", "grossProfit": "1283012000", "totalRevenue": "7123482000", "costOfRevenue": "5840470000", "costofGoodsAndServicesSold": "5840470000", "operatingIncome": "761142000", "sellingGeneralAndAdministrative": "99585000", "researchAndDevelopment": "307260000", "operatingExpenses": "521870000", "investmentIncomeNet": "None", "netInterestIncome": "-10491000", "interestIncome": "None", "interestExpense": "10491000", "nonInterestIncome": "None", "otherNonOperatingIncome": "13000", "depreciation": "None", "depreciationAndAmortization": "34904000", "incomeBeforeTax": "754297000", "incomeTaxExpense": "110666000", "interestAndDebtExpense": "None", "netIncomeFromContinuingOperations": "639998000", "comprehensiveIncomeNetOfTax": "None", "ebit": "761142000", "ebitda": "796046000", "netIncome": "639998000"}, {"fiscalDateEnding": "2022-06-30", "reportedCurrency": "USD", "grossProfit": "800001000", "totalRevenue": "5196099000", "costOfRevenue": "4396098000", "costofGoodsAndServicesSold": "4396098000", "operatingIncome": "335167000", "sellingGeneralAndAdministrative": "102435000", "researchAndDevelopment": "272273000", "operatingExpenses": "464834000", "investmentIncomeNet": "None", "netInterestIncome": "-6413000", "interestIncome": "None", "interestExpense": "6413000", "nonInterestIncome": "None", "otherNonOperatingIncome": "9285000", "depreciation": "None", "depreciationAndAmortization": "32470999", "incomeBeforeTax": "336833000", "incomeTaxExpense": "52876000", "interestAndDebtExpense": "None", "netIncomeFromContinuingOperations": "285163000", "comprehensiveIncomeNetOfTax": "None", "ebit": "302696001", "ebitda": "335167000", "netIncome": "285163000"}, {"fiscalDateEnding": "2021-06-30", "reportedCurrency": "USD", "grossProfit": "534538000", "totalRevenue": "3557422000", "costOfRevenue": "3022884000", "costofGoodsAndServicesSold": "3022884000", "operatingIncome": "92928000", "sellingGeneralAndAdministrative": "100539000", "researchAndDevelopment": "224369000", "operatingExpenses": "410591000", "investmentIncomeNet": "None", "netInterestIncome": "-2485000", "interestIncome": "None", "interestExpense": "2485000", "nonInterestIncome": "None", "otherNonOperatingIncome": "-2661000", "depreciation": "None", "depreciationAndAmortization": "28185000", "incomeBeforeTax": "118628000", "incomeTaxExpense": "6936000", "interestAndDebtExpense": "None", "netIncomeFromContinuingOperations": "111865000", "comprehensiveIncomeNetOfTax": "None", "ebit": "123947000", "ebitda": "152132000", "netIncome": "111865000"}, {"fiscalDateEnding": "2020-06-30", "reportedCurrency": "USD", "grossProfit": "526210000", "totalRevenue": "3339281000", "costOfRevenue": "2813071000", "costofGoodsAndServicesSold": "2813071000", "operatingIncome": "58592000", "sellingGeneralAndAdministrative": "133941000", "researchAndDevelopment": "221478000", "operatingExpenses": "440556000", "investmentIncomeNet": "None", "netInterestIncome": "-2236000", "interestIncome": "None", "interestExpense": "2236000", "nonInterestIncome": "None", "otherNonOperatingIncome": "None", "depreciation": "None", "depreciationAndAmortization": "28472000", "incomeBeforeTax": "84828000", "incomeTaxExpense": "2922000", "interestAndDebtExpense": "None", "netIncomeFromContinuingOperations": "84308000", "comprehensiveIncomeNetOfTax": "None", "ebit": "85654000", "ebitda": "114126000", "netIncome": "84308000"}, {"fiscalDateEnding": "2019-06-30", "reportedCurrency": "USD", "grossProfit": "495522000", "totalRevenue": "3500360000", "costOfRevenue": "3004838000", "costofGoodsAndServicesSold": "3004838000", "operatingIncome": "97233000", "sellingGeneralAndAdministrative": "141228000", "researchAndDevelopment": "179907000", "operatingExpenses": "398289000", "investmentIncomeNet": "None", "netInterestIncome": "-6690000", "interestIncome": "6690000", "interestExpense": "6690000", "nonInterestIncome": "None", "otherNonOperatingIncome": "-3741000", "depreciation": "None", "depreciationAndAmortization": "24202000", "incomeBeforeTax": "89523000", "incomeTaxExpense": "14884000", "interestAndDebtExpense": "None", "netIncomeFromContinuingOperations": "74639000", "comprehensiveIncomeNetOfTax": "None", "ebit": "96213000", "ebitda": "120415000", "netIncome": "71918000"}, {"fiscalDateEnding": "2018-06-30", "reportedCurrency": "USD", "grossProfit": "429994000", "totalRevenue": "3360492000", "costOfRevenue": "2930498000", "costofGoodsAndServicesSold": "2930498000", "operatingIncome": "94714000", "sellingGeneralAndAdministrative": "98597000", "researchAndDevelopment": "165104000", "operatingExpenses": "335280000", "investmentIncomeNet": "None", "netInterestIncome": "-5726000", "interestIncome": "5726000", "interestExpense": "5726000", "nonInterestIncome": "None", "otherNonOperatingIncome": "None", "depreciation": "None", "depreciationAndAmortization": "21846000", "incomeBeforeTax": "88215000", "incomeTaxExpense": "38443000", "interestAndDebtExpense": "None", "netIncomeFromContinuingOperations": "46165000", "comprehensiveIncomeNetOfTax": "None", "ebit": "93941000", "ebitda": "115787000", "netIncome": "46165000"}, {"fiscalDateEnding": "2017-06-30", "reportedCurrency": "USD", "grossProfit": "349958000", "totalRevenue": "2484929000", "costOfRevenue": "2134971000", "costofGoodsAndServicesSold": "2134971000", "operatingIncome": "94875000", "sellingGeneralAndAdministrative": "44646000", "researchAndDevelopment": "143992000", "operatingExpenses": "255083000", "investmentIncomeNet": "None", "netInterestIncome": "-2300000", "interestIncome": "9000", "interestExpense": "0", "nonInterestIncome": "None", "otherNonOperatingIncome": "-1287000", "depreciation": "None", "depreciationAndAmortization": "16357000", "incomeBeforeTax": "91288000", "incomeTaxExpense": "24434000", "interestAndDebtExpense": "None", "netIncomeFromContinuingOperations": "66854000", "comprehensiveIncomeNetOfTax": "None", "ebit": "94875000", "ebitda": "111232000", "netIncome": "66854000"}, {"fiscalDateEnding": "2016-06-30", "reportedCurrency": "USD", "grossProfit": "331525000", "totalRevenue": "2215573000", "costOfRevenue": "1884048000", "costofGoodsAndServicesSold": "1884048000", "operatingIncome": "106850000", "sellingGeneralAndAdministrative": "37840000", "researchAndDevelopment": "123994000", "operatingExpenses": "224675000", "investmentIncomeNet": "None", "netInterestIncome": "-1423000", "interestIncome": "1594000", "interestExpense": "1423000", "nonInterestIncome": "None", "otherNonOperatingIncome": "171000", "depreciation": "None", "depreciationAndAmortization": "13282000", "incomeBeforeTax": "105427000", "incomeTaxExpense": "33406000", "interestAndDebtExpense": "None", "netIncomeFromContinuingOperations": "72021000", "comprehensiveIncomeNetOfTax": "None", "ebit": "107491000", "ebitda": "120773000", "netIncome": "72021000"}, {"fiscalDateEnding": "2015-06-30", "reportedCurrency": "USD", "grossProfit": "320231000", "totalRevenue": "1991155000", "costOfRevenue": "1670924000", "costofGoodsAndServicesSold": "1670924000", "operatingIncome": "146746000", "sellingGeneralAndAdministrative": "24377000", "researchAndDevelopment": "100257000", "operatingExpenses": "173485000", "investmentIncomeNet": "None", "netInterestIncome": "None", "interestIncome": "965000", "interestExpense": "965000", "nonInterestIncome": "None", "otherNonOperatingIncome": "115000", "depreciation": "None", "depreciationAndAmortization": "8133000", "incomeBeforeTax": "145896000", "incomeTaxExpense": "44033000", "interestAndDebtExpense": "None", "netIncomeFromContinuingOperations": "101863000", "comprehensiveIncomeNetOfTax": "None", "ebit": "146861000", "ebitda": "154994000", "netIncome": "101863000"}, {"fiscalDateEnding": "2014-06-30", "reportedCurrency": "USD", "grossProfit": "225545000", "totalRevenue": "1467202000", "costOfRevenue": "1241657000", "costofGoodsAndServicesSold": "1241657000", "operatingIncome": "80259000", "sellingGeneralAndAdministrative": "23017000", "researchAndDevelopment": "84257000", "operatingExpenses": "145286000", "investmentIncomeNet": "None", "netInterestIncome": "None", "interestIncome": "None", "interestExpense": "757000", "nonInterestIncome": "None", "otherNonOperatingIncome": "92000", "depreciation": "None", "depreciationAndAmortization": "6364000", "incomeBeforeTax": "79594000", "incomeTaxExpense": "25437000", "interestAndDebtExpense": "None", "netIncomeFromContinuingOperations": "54157000", "comprehensiveIncomeNetOfTax": "None", "ebit": "80351000", "ebitda": "86715000", "netIncome": "54157000"}, {"fiscalDateEnding": "2013-06-30", "reportedCurrency": "USD", "grossProfit": "160053000", "totalRevenue": "1162561000", "costOfRevenue": "1002508000", "costofGoodsAndServicesSold": "1002508000", "operatingIncome": "27158000", "sellingGeneralAndAdministrative": "23902000", "researchAndDevelopment": "75208000", "operatingExpenses": "132895000", "investmentIncomeNet": "None", "netInterestIncome": "None", "interestIncome": "None", "interestExpense": "610000", "nonInterestIncome": "None", "otherNonOperatingIncome": "48000", "depreciation": "None", "depreciationAndAmortization": "7835000", "incomeBeforeTax": "26596000", "incomeTaxExpense": "5317000", "interestAndDebtExpense": "None", "netIncomeFromContinuingOperations": "21279000", "comprehensiveIncomeNetOfTax": "None", "ebit": "27206000", "ebitda": "35041000", "netIncome": "21279000"}, {"fiscalDateEnding": "2012-06-30", "reportedCurrency": "USD", "grossProfit": "165417000", "totalRevenue": "1013874000", "costOfRevenue": "848457000", "costofGoodsAndServicesSold": "848457000", "operatingIncome": "46014000", "sellingGeneralAndAdministrative": "28883000", "researchAndDevelopment": "58681000", "operatingExpenses": "119403000", "investmentIncomeNet": "None", "netInterestIncome": "None", "interestIncome": "None", "interestExpense": "717000", "nonInterestIncome": "None", "otherNonOperatingIncome": "54000", "depreciation": "None", "depreciationAndAmortization": "7071000", "incomeBeforeTax": "45351000", "incomeTaxExpense": "15498000", "interestAndDebtExpense": "None", "netIncomeFromContinuingOperations": "29853000", "comprehensiveIncomeNetOfTax": "None", "ebit": "46068000", "ebitda": "53139000", "netIncome": "29853000"}, {"fiscalDateEnding": "2011-06-30", "reportedCurrency": "USD", "grossProfit": "151104000", "totalRevenue": "942582000", "costOfRevenue": "791478000", "costofGoodsAndServicesSold": "791478000", "operatingIncome": "58693000", "sellingGeneralAndAdministrative": "17444000", "researchAndDevelopment": "48108000", "operatingExpenses": "92411000", "investmentIncomeNet": "None", "netInterestIncome": "None", "interestIncome": "None", "interestExpense": "686000", "nonInterestIncome": "None", "otherNonOperatingIncome": "None", "depreciation": "None", "depreciationAndAmortization": "5453000", "incomeBeforeTax": "58073000", "incomeTaxExpense": "17860000", "interestAndDebtExpense": "None", "netIncomeFromContinuingOperations": "None", "comprehensiveIncomeNetOfTax": "None", "ebit": "58759000", "ebitda": "64212000", "netIncome": "40213000"}, {"fiscalDateEnding": "2010-06-30", "reportedCurrency": "USD", "grossProfit": "114992000", "totalRevenue": "721438000", "costOfRevenue": "606446000", "costofGoodsAndServicesSold": "606446000", "operatingIncome": "40745000", "sellingGeneralAndAdministrative": "16407000", "researchAndDevelopment": "37382000", "operatingExpenses": "74247000", "investmentIncomeNet": "None", "netInterestIncome": "None", "interestIncome": "None", "interestExpense": "383000", "nonInterestIncome": "None", "otherNonOperatingIncome": "None", "depreciation": "None", "depreciationAndAmortization": "4619000", "incomeBeforeTax": "40465000", "incomeTaxExpense": "13550000", "interestAndDebtExpense": "None", "netIncomeFromContinuingOperations": "None", "comprehensiveIncomeNetOfTax": "None", "ebit": "40848000", "ebitda": "45467000", "netIncome": "26915000"}, {"fiscalDateEnding": "2009-06-30", "reportedCurrency": "USD", "grossProfit": "88710000", "totalRevenue": "505609000", "costOfRevenue": "416899000", "costofGoodsAndServicesSold": "416899000", "operatingIncome": "23253000", "sellingGeneralAndAdministrative": "13824000", "researchAndDevelopment": "34514000", "operatingExpenses": "65457000", "investmentIncomeNet": "None", "netInterestIncome": "None", "interestIncome": "None", "interestExpense": "930000", "nonInterestIncome": "None", "otherNonOperatingIncome": "None", "depreciation": "None", "depreciationAndAmortization": "3653000", "incomeBeforeTax": "22799000", "incomeTaxExpense": "6692000", "interestAndDebtExpense": "None", "netIncomeFromContinuingOperations": "None", "comprehensiveIncomeNetOfTax": "None", "ebit": "23729000", "ebitda": "27382000", "netIncome": "16107000"}, {"fiscalDateEnding": "2008-06-30", "reportedCurrency": "USD", "grossProfit": "103553000", "totalRevenue": "540503000", "costOfRevenue": "436950000", "costofGoodsAndServicesSold": "436950000", "operatingIncome": "40271000", "sellingGeneralAndAdministrative": "32745000", "researchAndDevelopment": "30537000", "operatingExpenses": "63282000", "investmentIncomeNet": "None", "netInterestIncome": "None", "interestIncome": "None", "interestExpense": "533000", "nonInterestIncome": "None", "otherNonOperatingIncome": "None", "depreciation": "None", "depreciationAndAmortization": "2664000", "incomeBeforeTax": "40804000", "incomeTaxExpense": "15385000", "interestAndDebtExpense": "None", "netIncomeFromContinuingOperations": "None", "comprehensiveIncomeNetOfTax": "None", "ebit": "40271000", "ebitda": "42935000", "netIncome": "25419000"}, {"fiscalDateEnding": "2007-06-30", "reportedCurrency": "USD", "grossProfit": "75009000", "totalRevenue": "420393000", "costOfRevenue": "345384000", "costofGoodsAndServicesSold": "345384000", "operatingIncome": "29905000", "sellingGeneralAndAdministrative": "24053000", "researchAndDevelopment": "21171000", "operatingExpenses": "45104000", "investmentIncomeNet": "None", "netInterestIncome": "None", "interestIncome": "None", "interestExpense": "447000", "nonInterestIncome": "None", "otherNonOperatingIncome": "None", "depreciation": "None", "depreciationAndAmortization": "1640000", "incomeBeforeTax": "29338000", "incomeTaxExpense": "9999000", "interestAndDebtExpense": "None", "netIncomeFromContinuingOperations": "None", "comprehensiveIncomeNetOfTax": "None", "ebit": "29905000", "ebitda": "31545000", "netIncome": "19339000"}, {"fiscalDateEnding": "2006-06-30", "reportedCurrency": "USD", "grossProfit": "60306000", "totalRevenue": "302541000", "costOfRevenue": "242235000", "costofGoodsAndServicesSold": "242235000", "operatingIncome": "27623000", "sellingGeneralAndAdministrative": "32108000", "researchAndDevelopment": "15814000", "operatingExpenses": "32683000", "investmentIncomeNet": "None", "netInterestIncome": "None", "interestIncome": "None", "interestExpense": "1574000", "nonInterestIncome": "None", "otherNonOperatingIncome": "None", "depreciation": "None", "depreciationAndAmortization": "1214000", "incomeBeforeTax": "26622000", "incomeTaxExpense": "9675000", "interestAndDebtExpense": "None", "netIncomeFromContinuingOperations": "None", "comprehensiveIncomeNetOfTax": "None", "ebit": "27623000", "ebitda": "28837000", "netIncome": "16947000"}, {"fiscalDateEnding": "2005-06-30", "reportedCurrency": "USD", "grossProfit": "33470000", "totalRevenue": "211763000", "costOfRevenue": "178293000", "costofGoodsAndServicesSold": "178293000", "operatingIncome": "11462000", "sellingGeneralAndAdministrative": "23186000", "researchAndDevelopment": "10609000", "operatingExpenses": "22008000", "investmentIncomeNet": "None", "netInterestIncome": "None", "interestIncome": "None", "interestExpense": "462000", "nonInterestIncome": "None", "otherNonOperatingIncome": "None", "depreciation": "None", "depreciationAndAmortization": "922000", "incomeBeforeTax": "10729000", "incomeTaxExpense": "3639000", "interestAndDebtExpense": "None", "netIncomeFromContinuingOperations": "None", "comprehensiveIncomeNetOfTax": "None", "ebit": "11462000", "ebitda": "12384000", "netIncome": "7090000"}], "quarterlyReports": [{"fiscalDateEnding": "2024-12-31", "reportedCurrency": "USD", "grossProfit": "670022000", "totalRevenue": "5677962000", "costOfRevenue": "5007940000", "costofGoodsAndServicesSold": "5007940000", "operatingIncome": "368624000", "sellingGeneralAndAdministrative": "63601000", "researchAndDevelopment": "158229000", "operatingExpenses": "301398000", "investmentIncomeNet": "None", "netInterestIncome": "-6535000", "interestIncome": "None", "interestExpense": "6535000", "nonInterestIncome": "None", "otherNonOperatingIncome": "None", "depreciation": "None", "depreciationAndAmortization": "14883000", "incomeBeforeTax": "375048000", "incomeTaxExpense": "56969000", "interestAndDebtExpense": "None", "netIncomeFromContinuingOperations": "320596000", "comprehensiveIncomeNetOfTax": "None", "ebit": "381583000", "ebitda": "396466000", "netIncome": "320596000"}, {"fiscalDateEnding": "2024-09-30", "reportedCurrency": "USD", "grossProfit": "775580000", "totalRevenue": "5937256000", "costOfRevenue": "5161676000", "costofGoodsAndServicesSold": "5161676000", "operatingIncome": "509199000", "sellingGeneralAndAdministrative": "134138000", "researchAndDevelopment": "132243000", "operatingExpenses": "5428057000", "investmentIncomeNet": "None", "netInterestIncome": "-17354000", "interestIncome": "None", "interestExpense": "17354000", "nonInterestIncome": "None", "otherNonOperatingIncome": "None", "depreciation": "None", "depreciationAndAmortization": "None", "incomeBeforeTax": "499078000", "incomeTaxExpense": "None", "interestAndDebtExpense": "None", "netIncomeFromContinuingOperations": "424327000", "comprehensiveIncomeNetOfTax": "None", "ebit": "None", "ebitda": "None", "netIncome": "424327000"}, {"fiscalDateEnding": "2024-06-30", "reportedCurrency": "USD", "grossProfit": "546029000", "totalRevenue": "5354589000", "costOfRevenue": "4808560000", "costofGoodsAndServicesSold": "4808560000", "operatingIncome": "288486000", "sellingGeneralAndAdministrative": "74109000", "researchAndDevelopment": "127471000", "operatingExpenses": "257543000", "investmentIncomeNet": "None", "netInterestIncome": "-3112000", "interestIncome": "None", "interestExpense": "3112000", "nonInterestIncome": "None", "otherNonOperatingIncome": "None", "depreciation": "None", "depreciationAndAmortization": "11811000", "incomeBeforeTax": "299329000", "incomeTaxExpense": "1559000", "interestAndDebtExpense": "None", "netIncomeFromContinuingOperations": "297244000", "comprehensiveIncomeNetOfTax": "None", "ebit": "302441000", "ebitda": "314252000", "netIncome": "297244000"}, {"fiscalDateEnding": "2024-03-31", "reportedCurrency": "USD", "grossProfit": "597368000", "totalRevenue": "3850066000", "costOfRevenue": "3252698000", "costofGoodsAndServicesSold": "3252698000", "operatingIncome": "378314000", "sellingGeneralAndAdministrative": "53137000", "researchAndDevelopment": "116226000", "operatingExpenses": "219054000", "investmentIncomeNet": "None", "netInterestIncome": "-6246000", "interestIncome": "None", "interestExpense": "6246000", "nonInterestIncome": "None", "otherNonOperatingIncome": "None", "depreciation": "None", "depreciationAndAmortization": "10399000", "incomeBeforeTax": "382103000", "incomeTaxExpense": "-19983000", "interestAndDebtExpense": "None", "netIncomeFromContinuingOperations": "402459000", "comprehensiveIncomeNetOfTax": "None", "ebit": "388349000", "ebitda": "398748000", "netIncome": "402459000"}, {"fiscalDateEnding": "2023-12-31", "reportedCurrency": "USD", "grossProfit": "564322000", "totalRevenue": "3664924000", "costOfRevenue": "3100602000", "costofGoodsAndServicesSold": "3100602000", "operatingIncome": "371464000", "sellingGeneralAndAdministrative": "37180000", "researchAndDevelopment": "108824000", "operatingExpenses": "192858000", "investmentIncomeNet": "None", "netInterestIncome": "-8131000", "interestIncome": "None", "interestExpense": "8131000", "nonInterestIncome": "None", "otherNonOperatingIncome": "None", "depreciation": "None", "depreciationAndAmortization": "9620000", "incomeBeforeTax": "355447000", "incomeTaxExpense": "61503000", "interestAndDebtExpense": "None", "netIncomeFromContinuingOperations": "295968000", "comprehensiveIncomeNetOfTax": "None", "ebit": "363578000", "ebitda": "373198000", "netIncome": "295968000"}, {"fiscalDateEnding": "2023-09-30", "reportedCurrency": "USD", "grossProfit": "353691000", "totalRevenue": "2119672000", "costOfRevenue": "1765981000", "costofGoodsAndServicesSold": "1765981000", "operatingIncome": "172510000", "sellingGeneralAndAdministrative": "32924000", "researchAndDevelopment": "111027000", "operatingExpenses": "181181000", "investmentIncomeNet": "None", "netInterestIncome": "-1863000", "interestIncome": "None", "interestExpense": "1863000", "nonInterestIncome": "None", "otherNonOperatingIncome": "None", "depreciation": "None", "depreciationAndAmortization": "9155000", "incomeBeforeTax": "177260000", "incomeTaxExpense": "20215000", "interestAndDebtExpense": "None", "netIncomeFromContinuingOperations": "156995000", "comprehensiveIncomeNetOfTax": "None", "ebit": "179123000", "ebitda": "188278000", "netIncome": "156995000"}, {"fiscalDateEnding": "2023-06-30", "reportedCurrency": "USD", "grossProfit": "371696000", "totalRevenue": "2184861000", "costOfRevenue": "1813165000", "costofGoodsAndServicesSold": "1813165000", "operatingIncome": "226755000", "sellingGeneralAndAdministrative": "28234000", "researchAndDevelopment": "84802000", "operatingExpenses": "144941000", "investmentIncomeNet": "None", "netInterestIncome": "-3509000", "interestIncome": "None", "interestExpense": "3509000", "nonInterestIncome": "None", "otherNonOperatingIncome": "1625000", "depreciation": "None", "depreciationAndAmortization": "8972000", "incomeBeforeTax": "225251000", "incomeTaxExpense": "31302000", "interestAndDebtExpense": "None", "netIncomeFromContinuingOperations": "193569000", "comprehensiveIncomeNetOfTax": "None", "ebit": "226755000", "ebitda": "235727000", "netIncome": "193569000"}, {"fiscalDateEnding": "2023-03-31", "reportedCurrency": "USD", "grossProfit": "226359000", "totalRevenue": "1283296000", "costOfRevenue": "1056937000", "costofGoodsAndServicesSold": "1056937000", "operatingIncome": "73623000", "sellingGeneralAndAdministrative": "24450000", "researchAndDevelopment": "77515000", "operatingExpenses": "127277000", "investmentIncomeNet": "None", "netInterestIncome": "-1288000", "interestIncome": "None", "interestExpense": "1288000", "nonInterestIncome": "None", "otherNonOperatingIncome": "-1091000", "depreciation": "None", "depreciationAndAmortization": "8736000", "incomeBeforeTax": "97716000", "incomeTaxExpense": "10857000", "interestAndDebtExpense": "None", "netIncomeFromContinuingOperations": "85846000", "comprehensiveIncomeNetOfTax": "None", "ebit": "99082000", "ebitda": "107818000", "netIncome": "85846000"}, {"fiscalDateEnding": "2022-12-31", "reportedCurrency": "USD", "grossProfit": "337422000", "totalRevenue": "1803195000", "costOfRevenue": "1465773000", "costofGoodsAndServicesSold": "1465773000", "operatingIncome": "215182000", "sellingGeneralAndAdministrative": "23095000", "researchAndDevelopment": "70700000", "operatingExpenses": "122240000", "investmentIncomeNet": "None", "netInterestIncome": "-1756000", "interestIncome": "None", "interestExpense": "1756000", "nonInterestIncome": "None", "otherNonOperatingIncome": "-7686000", "depreciation": "None", "depreciationAndAmortization": "8649000", "incomeBeforeTax": "207091000", "incomeTaxExpense": "29573000", "interestAndDebtExpense": "None", "netIncomeFromContinuingOperations": "176167000", "comprehensiveIncomeNetOfTax": "None", "ebit": "215182000", "ebitda": "223831000", "netIncome": "176167000"}, {"fiscalDateEnding": "2022-09-30", "reportedCurrency": "USD", "grossProfit": "347535000", "totalRevenue": "1852130000", "costOfRevenue": "1504595000", "costofGoodsAndServicesSold": "1504595000", "operatingIncome": "220123000", "sellingGeneralAndAdministrative": "23806000", "researchAndDevelopment": "74243000", "operatingExpenses": "127412000", "investmentIncomeNet": "None", "netInterestIncome": "-3938000", "interestIncome": "None", "interestExpense": "3938000", "nonInterestIncome": "None", "otherNonOperatingIncome": "7165000", "depreciation": "None", "depreciationAndAmortization": "8547000", "incomeBeforeTax": "224239000", "incomeTaxExpense": "38934000", "interestAndDebtExpense": "None", "netIncomeFromContinuingOperations": "184416000", "comprehensiveIncomeNetOfTax": "None", "ebit": "220123000", "ebitda": "228670000", "netIncome": "184416000"}, {"fiscalDateEnding": "2022-06-30", "reportedCurrency": "USD", "grossProfit": "287344000", "totalRevenue": "1635460000", "costOfRevenue": "1348116000", "costofGoodsAndServicesSold": "1348116000", "operatingIncome": "165213000", "sellingGeneralAndAdministrative": "27155000", "researchAndDevelopment": "70790000", "operatingExpenses": "122131000", "investmentIncomeNet": "None", "netInterestIncome": "-2928000", "interestIncome": "None", "interestExpense": "2928000", "nonInterestIncome": "None", "otherNonOperatingIncome": "4297000", "depreciation": "None", "depreciationAndAmortization": "8422000", "incomeBeforeTax": "166258000", "incomeTaxExpense": "25760000", "interestAndDebtExpense": "None", "netIncomeFromContinuingOperations": "140822000", "comprehensiveIncomeNetOfTax": "None", "ebit": "165213000", "ebitda": "173635000", "netIncome": "140822000"}, {"fiscalDateEnding": "2022-03-31", "reportedCurrency": "USD", "grossProfit": "210775000", "totalRevenue": "1355490000", "costOfRevenue": "1144715000", "costofGoodsAndServicesSold": "1144715000", "operatingIncome": "89777000", "sellingGeneralAndAdministrative": "27773000", "researchAndDevelopment": "70869000", "operatingExpenses": "120998000", "investmentIncomeNet": "None", "netInterestIncome": "-1531000", "interestIncome": "None", "interestExpense": "1531000", "nonInterestIncome": "None", "otherNonOperatingIncome": "4918000", "depreciation": "None", "depreciationAndAmortization": "8368000", "incomeBeforeTax": "92909000", "incomeTaxExpense": "16192000", "interestAndDebtExpense": "None", "netIncomeFromContinuingOperations": "76972000", "comprehensiveIncomeNetOfTax": "None", "ebit": "89777000", "ebitda": "98145000", "netIncome": "76972000"}, {"fiscalDateEnding": "2021-12-31", "reportedCurrency": "USD", "grossProfit": "163743000", "totalRevenue": "1172419000", "costOfRevenue": "1008676000", "costofGoodsAndServicesSold": "1008676000", "operatingIncome": "51049000", "sellingGeneralAndAdministrative": "25263000", "researchAndDevelopment": "65471000", "operatingExpenses": "112694000", "investmentIncomeNet": "None", "netInterestIncome": "-1150000", "interestIncome": "None", "interestExpense": "1150000", "nonInterestIncome": "None", "otherNonOperatingIncome": "-368000", "depreciation": "None", "depreciationAndAmortization": "8132999", "incomeBeforeTax": "49292000", "incomeTaxExpense": "7599000", "interestAndDebtExpense": "None", "netIncomeFromContinuingOperations": "41932000", "comprehensiveIncomeNetOfTax": "None", "ebit": "42916001", "ebitda": "51049000", "netIncome": "41932000"}, {"fiscalDateEnding": "2021-09-30", "reportedCurrency": "USD", "grossProfit": "138139000", "totalRevenue": "1032730000", "costOfRevenue": "894591000", "costofGoodsAndServicesSold": "894591000", "operatingIncome": "29128000", "sellingGeneralAndAdministrative": "22244000", "researchAndDevelopment": "65143000", "operatingExpenses": "109011000", "investmentIncomeNet": "None", "netInterestIncome": "-804000", "interestIncome": "None", "interestExpense": "804000", "nonInterestIncome": "None", "otherNonOperatingIncome": "438000", "depreciation": "None", "depreciationAndAmortization": "7548000", "incomeBeforeTax": "28374000", "incomeTaxExpense": "3325000", "interestAndDebtExpense": "None", "netIncomeFromContinuingOperations": "25437000", "comprehensiveIncomeNetOfTax": "None", "ebit": "29128000", "ebitda": "36676000", "netIncome": "25437000"}, {"fiscalDateEnding": "2021-06-30", "reportedCurrency": "USD", "grossProfit": "145511000", "totalRevenue": "1068985000", "costOfRevenue": "923474000", "costofGoodsAndServicesSold": "923474000", "operatingIncome": "39081000", "sellingGeneralAndAdministrative": "24675000", "researchAndDevelopment": "58930000", "operatingExpenses": "106430000", "investmentIncomeNet": "None", "netInterestIncome": "-635000", "interestIncome": "None", "interestExpense": "635000", "nonInterestIncome": "None", "otherNonOperatingIncome": "-889000", "depreciation": "None", "depreciationAndAmortization": "6881000", "incomeBeforeTax": "36975000", "incomeTaxExpense": "-1605000", "interestAndDebtExpense": "None", "netIncomeFromContinuingOperations": "39162000", "comprehensiveIncomeNetOfTax": "None", "ebit": "39081000", "ebitda": "45962000", "netIncome": "39162000"}, {"fiscalDateEnding": "2021-03-31", "reportedCurrency": "USD", "grossProfit": "123017000", "totalRevenue": "895881000", "costOfRevenue": "772864000", "costofGoodsAndServicesSold": "772864000", "operatingIncome": "17055000", "sellingGeneralAndAdministrative": "26224000", "researchAndDevelopment": "57912000", "operatingExpenses": "105962000", "investmentIncomeNet": "None", "netInterestIncome": "-607000", "interestIncome": "None", "interestExpense": "607000", "nonInterestIncome": "None", "otherNonOperatingIncome": "1753000", "depreciation": "None", "depreciationAndAmortization": "6877000", "incomeBeforeTax": "18465000", "incomeTaxExpense": "-227000", "interestAndDebtExpense": "None", "netIncomeFromContinuingOperations": "18692000", "comprehensiveIncomeNetOfTax": "None", "ebit": "17055000", "ebitda": "23932000", "netIncome": "18428000"}, {"fiscalDateEnding": "2020-12-31", "reportedCurrency": "USD", "grossProfit": "136095000", "totalRevenue": "830306000", "costOfRevenue": "694211000", "costofGoodsAndServicesSold": "694211000", "operatingIncome": "37365000", "sellingGeneralAndAdministrative": "25261000", "researchAndDevelopment": "52729000", "operatingExpenses": "98730000", "investmentIncomeNet": "None", "netInterestIncome": "-569000", "interestIncome": "None", "interestExpense": "569000", "nonInterestIncome": "None", "otherNonOperatingIncome": "-4014000", "depreciation": "None", "depreciationAndAmortization": "6910000", "incomeBeforeTax": "34257000", "incomeTaxExpense": "5108000", "interestAndDebtExpense": "None", "netIncomeFromContinuingOperations": "29149000", "comprehensiveIncomeNetOfTax": "None", "ebit": "37365000", "ebitda": "44275000", "netIncome": "27674000"}, {"fiscalDateEnding": "2020-09-30", "reportedCurrency": "USD", "grossProfit": "129915000", "totalRevenue": "762250000", "costOfRevenue": "632335000", "costofGoodsAndServicesSold": "632335000", "operatingIncome": "30446000", "sellingGeneralAndAdministrative": "24379000", "researchAndDevelopment": "54798000", "operatingExpenses": "99469000", "investmentIncomeNet": "None", "netInterestIncome": "-674000", "interestIncome": "None", "interestExpense": "674000", "nonInterestIncome": "None", "otherNonOperatingIncome": "489000", "depreciation": "None", "depreciationAndAmortization": "7517000", "incomeBeforeTax": "28931000", "incomeTaxExpense": "3660000", "interestAndDebtExpense": "None", "netIncomeFromContinuingOperations": "25271000", "comprehensiveIncomeNetOfTax": "None", "ebit": "30446000", "ebitda": "37963000", "netIncome": "26601000"}, {"fiscalDateEnding": "2020-06-30", "reportedCurrency": "USD", "grossProfit": "123517000", "totalRevenue": "896126000", "costOfRevenue": "772609000", "costofGoodsAndServicesSold": "772609000", "operatingIncome": "9428000", "sellingGeneralAndAdministrative": "26261000", "researchAndDevelopment": "66748000", "operatingExpenses": "114089000", "investmentIncomeNet": "None", "netInterestIncome": "-606000", "interestIncome": "None", "interestExpense": "606000", "nonInterestIncome": "None", "otherNonOperatingIncome": "None", "depreciation": "None", "depreciationAndAmortization": "7500000", "incomeBeforeTax": "8122000", "incomeTaxExpense": "-6860000", "interestAndDebtExpense": "None", "netIncomeFromContinuingOperations": "18450000", "comprehensiveIncomeNetOfTax": "None", "ebit": "26928000", "ebitda": "34428000", "netIncome": "18450000"}, {"fiscalDateEnding": "2020-03-31", "reportedCurrency": "USD", "grossProfit": "133360000", "totalRevenue": "772408000", "costOfRevenue": "639048000", "costofGoodsAndServicesSold": "639048000", "operatingIncome": "15546000", "sellingGeneralAndAdministrative": "46342000", "researchAndDevelopment": "49586000", "operatingExpenses": "117814000", "investmentIncomeNet": "None", "netInterestIncome": "-518000", "interestIncome": "518000", "interestExpense": "518000", "nonInterestIncome": "None", "otherNonOperatingIncome": "-120000", "depreciation": "None", "depreciationAndAmortization": "7083000", "incomeBeforeTax": "15965000", "incomeTaxExpense": "-899000", "interestAndDebtExpense": "None", "netIncomeFromContinuingOperations": "16864000", "comprehensiveIncomeNetOfTax": "None", "ebit": "15546000", "ebitda": "22629000", "netIncome": "15807000"}, {"fiscalDateEnding": "2019-12-31", "reportedCurrency": "USD", "grossProfit": "138404000", "totalRevenue": "870943000", "costOfRevenue": "732539000", "costofGoodsAndServicesSold": "732539000", "operatingIncome": "27815000", "sellingGeneralAndAdministrative": "33040000", "researchAndDevelopment": "55572000", "operatingExpenses": "110589000", "investmentIncomeNet": "None", "netInterestIncome": "-560000", "interestIncome": "560000", "interestExpense": "560000", "nonInterestIncome": "None", "otherNonOperatingIncome": "-1436000", "depreciation": "None", "depreciationAndAmortization": "7063000", "incomeBeforeTax": "26839000", "incomeTaxExpense": "2113000", "interestAndDebtExpense": "None", "netIncomeFromContinuingOperations": "24726000", "comprehensiveIncomeNetOfTax": "None", "ebit": "27815000", "ebitda": "34878000", "netIncome": "23706000"}, {"fiscalDateEnding": "2019-09-30", "reportedCurrency": "USD", "grossProfit": "130929000", "totalRevenue": "799804000", "costOfRevenue": "668875000", "costofGoodsAndServicesSold": "668875000", "operatingIncome": "32865000", "sellingGeneralAndAdministrative": "28298000", "researchAndDevelopment": "49572000", "operatingExpenses": "98064000", "investmentIncomeNet": "None", "netInterestIncome": "-552000", "interestIncome": "552000", "interestExpense": "552000", "nonInterestIncome": "None", "otherNonOperatingIncome": "2600000", "depreciation": "None", "depreciationAndAmortization": "6826000", "incomeBeforeTax": "33902000", "incomeTaxExpense": "8568000", "interestAndDebtExpense": "None", "netIncomeFromContinuingOperations": "25334000", "comprehensiveIncomeNetOfTax": "None", "ebit": "34454000", "ebitda": "41280000", "netIncome": "26345000"}, {"fiscalDateEnding": "2019-06-30", "reportedCurrency": "USD", "grossProfit": "132034000", "totalRevenue": "854234000", "costOfRevenue": "722200000", "costofGoodsAndServicesSold": "722200000", "operatingIncome": "30140000", "sellingGeneralAndAdministrative": "35014000", "researchAndDevelopment": "46189000", "operatingExpenses": "101894000", "investmentIncomeNet": "None", "netInterestIncome": "-1210000", "interestIncome": "1210000", "interestExpense": "1210000", "nonInterestIncome": "None", "otherNonOperatingIncome": "-829000", "depreciation": "None", "depreciationAndAmortization": "6017000", "incomeBeforeTax": "27203000", "incomeTaxExpense": "4344000", "interestAndDebtExpense": "None", "netIncomeFromContinuingOperations": "22836000", "comprehensiveIncomeNetOfTax": "None", "ebit": "30140000", "ebitda": "36157000", "netIncome": "23710000"}, {"fiscalDateEnding": "2019-03-31", "reportedCurrency": "USD", "grossProfit": "96798000", "totalRevenue": "717869000", "costOfRevenue": "621071000", "costofGoodsAndServicesSold": "621071000", "operatingIncome": "27497000", "sellingGeneralAndAdministrative": "12247000", "researchAndDevelopment": "38264000", "operatingExpenses": "69301000", "investmentIncomeNet": "None", "netInterestIncome": "-1271000", "interestIncome": "1271000", "interestExpense": "599000", "nonInterestIncome": "None", "otherNonOperatingIncome": "-486000", "depreciation": "None", "depreciationAndAmortization": "4158000", "incomeBeforeTax": "26691000", "incomeTaxExpense": "9561000", "interestAndDebtExpense": "None", "netIncomeFromContinuingOperations": "11005000", "comprehensiveIncomeNetOfTax": "None", "ebit": "17837000", "ebitda": "21995000", "netIncome": "17130000"}, {"fiscalDateEnding": "2018-12-31", "reportedCurrency": "USD", "grossProfit": "127922000", "totalRevenue": "931509000", "costOfRevenue": "803587000", "costofGoodsAndServicesSold": "803587000", "operatingIncome": "25741000", "sellingGeneralAndAdministrative": "36580000", "researchAndDevelopment": "45924000", "operatingExpenses": "102181000", "investmentIncomeNet": "None", "netInterestIncome": "None", "interestIncome": "None", "interestExpense": "1831000", "nonInterestIncome": "None", "otherNonOperatingIncome": "-1176000", "depreciation": "None", "depreciationAndAmortization": "6163000", "incomeBeforeTax": "24534000", "incomeTaxExpense": "4520000", "interestAndDebtExpense": "None", "netIncomeFromContinuingOperations": "20014000", "comprehensiveIncomeNetOfTax": "None", "ebit": "25741000", "ebitda": "31904000", "netIncome": "18220000"}, {"fiscalDateEnding": "2018-09-30", "reportedCurrency": "USD", "grossProfit": "123239000", "totalRevenue": "971118000", "costOfRevenue": "847879000", "costofGoodsAndServicesSold": "847879000", "operatingIncome": "28493000", "sellingGeneralAndAdministrative": "33460000", "researchAndDevelopment": "42994000", "operatingExpenses": "94746000", "investmentIncomeNet": "None", "netInterestIncome": "None", "interestIncome": "None", "interestExpense": "2378000", "nonInterestIncome": "None", "otherNonOperatingIncome": "-1250000", "depreciation": "None", "depreciationAndAmortization": "5946000", "incomeBeforeTax": "26284000", "incomeTaxExpense": "5523000", "interestAndDebtExpense": "None", "netIncomeFromContinuingOperations": "20784000", "comprehensiveIncomeNetOfTax": "None", "ebit": "28493000", "ebitda": "34439000", "netIncome": "19342000"}, {"fiscalDateEnding": "2018-06-30", "reportedCurrency": "USD", "grossProfit": "132329000", "totalRevenue": "981662000", "costOfRevenue": "849333000", "costofGoodsAndServicesSold": "849333000", "operatingIncome": "41515000", "sellingGeneralAndAdministrative": "30311000", "researchAndDevelopment": "42608000", "operatingExpenses": "90814000", "investmentIncomeNet": "None", "netInterestIncome": "None", "interestIncome": "None", "interestExpense": "2229000", "nonInterestIncome": "None", "otherNonOperatingIncome": "None", "depreciation": "None", "depreciationAndAmortization": "5660000", "incomeBeforeTax": "40091000", "incomeTaxExpense": "12718000", "interestAndDebtExpense": "None", "netIncomeFromContinuingOperations": "None", "comprehensiveIncomeNetOfTax": "None", "ebit": "42320000", "ebitda": "47980000", "netIncome": "26274000"}, {"fiscalDateEnding": "2018-03-31", "reportedCurrency": "USD", "grossProfit": "105917000", "totalRevenue": "835110000", "costOfRevenue": "729193000", "costofGoodsAndServicesSold": "729193000", "operatingIncome": "21185000", "sellingGeneralAndAdministrative": "23555000", "researchAndDevelopment": "42284000", "operatingExpenses": "84732000", "investmentIncomeNet": "None", "netInterestIncome": "None", "interestIncome": "None", "interestExpense": "1326000", "nonInterestIncome": "None", "otherNonOperatingIncome": "None", "depreciation": "None", "depreciationAndAmortization": "5982000", "incomeBeforeTax": "19471000", "incomeTaxExpense": "4159000", "interestAndDebtExpense": "None", "netIncomeFromContinuingOperations": "None", "comprehensiveIncomeNetOfTax": "None", "ebit": "20797000", "ebitda": "26779000", "netIncome": "14595000"}, {"fiscalDateEnding": "2017-12-31", "reportedCurrency": "USD", "grossProfit": "105694000", "totalRevenue": "826983000", "costOfRevenue": "721289000", "costofGoodsAndServicesSold": "721289000", "operatingIncome": "22695000", "sellingGeneralAndAdministrative": "25460000", "researchAndDevelopment": "39544000", "operatingExpenses": "82999000", "investmentIncomeNet": "None", "netInterestIncome": "None", "interestIncome": "None", "interestExpense": "1088000", "nonInterestIncome": "None", "otherNonOperatingIncome": "None", "depreciation": "None", "depreciationAndAmortization": "5602000", "incomeBeforeTax": "21213000", "incomeTaxExpense": "20840000", "interestAndDebtExpense": "None", "netIncomeFromContinuingOperations": "None", "comprehensiveIncomeNetOfTax": "None", "ebit": "22301000", "ebitda": "27903000", "netIncome": "-783000"}, {"fiscalDateEnding": "2017-09-30", "reportedCurrency": "USD", "grossProfit": "86054000", "totalRevenue": "716737000", "costOfRevenue": "630683000", "costofGoodsAndServicesSold": "630683000", "operatingIncome": "9319000", "sellingGeneralAndAdministrative": "19271000", "researchAndDevelopment": "40668000", "operatingExpenses": "76735000", "investmentIncomeNet": "None", "netInterestIncome": "None", "interestIncome": "None", "interestExpense": "1083000", "nonInterestIncome": "None", "otherNonOperatingIncome": "None", "depreciation": "None", "depreciationAndAmortization": "4602000", "incomeBeforeTax": "7440000", "incomeTaxExpense": "726000", "interestAndDebtExpense": "None", "netIncomeFromContinuingOperations": "None", "comprehensiveIncomeNetOfTax": "None", "ebit": "8523000", "ebitda": "13125000", "netIncome": "6079000"}, {"fiscalDateEnding": "2017-06-30", "reportedCurrency": "USD", "grossProfit": "88190000", "totalRevenue": "672883000", "costOfRevenue": "584693000", "costofGoodsAndServicesSold": "584693000", "operatingIncome": "20495000", "sellingGeneralAndAdministrative": "11588000", "researchAndDevelopment": "40898000", "operatingExpenses": "67695000", "investmentIncomeNet": "None", "netInterestIncome": "None", "interestIncome": "None", "interestExpense": "915000", "nonInterestIncome": "None", "otherNonOperatingIncome": "-1310000", "depreciation": "None", "depreciationAndAmortization": "4589000", "incomeBeforeTax": "18270000", "incomeTaxExpense": "3610000", "interestAndDebtExpense": "None", "netIncomeFromContinuingOperations": "14660000", "comprehensiveIncomeNetOfTax": "None", "ebit": "20495000", "ebitda": "25084000", "netIncome": "14660000"}, {"fiscalDateEnding": "2017-03-31", "reportedCurrency": "USD", "grossProfit": "88326000", "totalRevenue": "631124000", "costOfRevenue": "542798000", "costofGoodsAndServicesSold": "542798000", "operatingIncome": "22415000", "sellingGeneralAndAdministrative": "12874000", "researchAndDevelopment": "35870000", "operatingExpenses": "65911000", "investmentIncomeNet": "None", "netInterestIncome": "None", "interestIncome": "None", "interestExpense": "609000", "nonInterestIncome": "None", "otherNonOperatingIncome": "-1594000", "depreciation": "None", "depreciationAndAmortization": "4057000", "incomeBeforeTax": "21806000", "incomeTaxExpense": "5140000", "interestAndDebtExpense": "None", "netIncomeFromContinuingOperations": "15350000", "comprehensiveIncomeNetOfTax": "None", "ebit": "21525000", "ebitda": "25582000", "netIncome": "16666000"}, {"fiscalDateEnding": "2016-12-31", "reportedCurrency": "USD", "grossProfit": "93378000", "totalRevenue": "651954000", "costOfRevenue": "558576000", "costofGoodsAndServicesSold": "558576000", "operatingIncome": "31763000", "sellingGeneralAndAdministrative": "9429000", "researchAndDevelopment": "34033000", "operatingExpenses": "61615000", "investmentIncomeNet": "None", "netInterestIncome": "None", "interestIncome": "None", "interestExpense": "452000", "nonInterestIncome": "None", "otherNonOperatingIncome": "690000", "depreciation": "None", "depreciationAndAmortization": "3909000", "incomeBeforeTax": "31311000", "incomeTaxExpense": "9315000", "interestAndDebtExpense": "None", "netIncomeFromContinuingOperations": "22876000", "comprehensiveIncomeNetOfTax": "None", "ebit": "33521000", "ebitda": "37430000", "netIncome": "21996000"}, {"fiscalDateEnding": "2016-09-30", "reportedCurrency": "USD", "grossProfit": "80064000", "totalRevenue": "528968000", "costOfRevenue": "448904000", "costofGoodsAndServicesSold": "448904000", "operatingIncome": "20202000", "sellingGeneralAndAdministrative": "10755000", "researchAndDevelopment": "33191000", "operatingExpenses": "59862000", "investmentIncomeNet": "None", "netInterestIncome": "None", "interestIncome": "None", "interestExpense": "301000", "nonInterestIncome": "None", "otherNonOperatingIncome": "-449000", "depreciation": "None", "depreciationAndAmortization": "3802000", "incomeBeforeTax": "19901000", "incomeTaxExpense": "6369000", "interestAndDebtExpense": "None", "netIncomeFromContinuingOperations": "15373000", "comprehensiveIncomeNetOfTax": "None", "ebit": "22423000", "ebitda": "26225000", "netIncome": "13532000"}, {"fiscalDateEnding": "2016-06-30", "reportedCurrency": "USD", "grossProfit": "73796000", "totalRevenue": "524270000", "costOfRevenue": "450474000", "costofGoodsAndServicesSold": "450474000", "operatingIncome": "11839000", "sellingGeneralAndAdministrative": "10145000", "researchAndDevelopment": "34148000", "operatingExpenses": "61957000", "investmentIncomeNet": "None", "netInterestIncome": "None", "interestIncome": "None", "interestExpense": "413000", "nonInterestIncome": "None", "otherNonOperatingIncome": "40000", "depreciation": "None", "depreciationAndAmortization": "3744000", "incomeBeforeTax": "11426000", "incomeTaxExpense": "4455000", "interestAndDebtExpense": "None", "netIncomeFromContinuingOperations": "6971000", "comprehensiveIncomeNetOfTax": "None", "ebit": "11839000", "ebitda": "15583000", "netIncome": "6971000"}, {"fiscalDateEnding": "2016-03-31", "reportedCurrency": "USD", "grossProfit": "79152000", "totalRevenue": "532721000", "costOfRevenue": "453569000", "costofGoodsAndServicesSold": "453569000", "operatingIncome": "24445000", "sellingGeneralAndAdministrative": "8984000", "researchAndDevelopment": "31256000", "operatingExpenses": "54707000", "investmentIncomeNet": "None", "netInterestIncome": "None", "interestIncome": "None", "interestExpense": "397000", "nonInterestIncome": "None", "otherNonOperatingIncome": "20000", "depreciation": "None", "depreciationAndAmortization": "3585000", "incomeBeforeTax": "24048000", "incomeTaxExpense": "7386000", "interestAndDebtExpense": "None", "netIncomeFromContinuingOperations": "16662000", "comprehensiveIncomeNetOfTax": "None", "ebit": "24445000", "ebitda": "28030000", "netIncome": "16662000"}, {"fiscalDateEnding": "2015-12-31", "reportedCurrency": "USD", "grossProfit": "106362000", "totalRevenue": "638964000", "costOfRevenue": "532602000", "costofGoodsAndServicesSold": "532602000", "operatingIncome": "49126000", "sellingGeneralAndAdministrative": "10511000", "researchAndDevelopment": "30264000", "operatingExpenses": "57236000", "investmentIncomeNet": "None", "netInterestIncome": "None", "interestIncome": "None", "interestExpense": "400000", "nonInterestIncome": "None", "otherNonOperatingIncome": "24000", "depreciation": "None", "depreciationAndAmortization": "3200000", "incomeBeforeTax": "48750000", "incomeTaxExpense": "14061000", "interestAndDebtExpense": "None", "netIncomeFromContinuingOperations": "34689000", "comprehensiveIncomeNetOfTax": "None", "ebit": "47614000", "ebitda": "50814000", "netIncome": "34689000"}, {"fiscalDateEnding": "2015-09-30", "reportedCurrency": "USD", "grossProfit": "82832000", "totalRevenue": "530235000", "costOfRevenue": "447403000", "costofGoodsAndServicesSold": "447403000", "operatingIncome": "32057000", "sellingGeneralAndAdministrative": "8200000", "researchAndDevelopment": "28326000", "operatingExpenses": "50775000", "investmentIncomeNet": "None", "netInterestIncome": "None", "interestIncome": "None", "interestExpense": "324000", "nonInterestIncome": "None", "otherNonOperatingIncome": "87000", "depreciation": "None", "depreciationAndAmortization": "2753000", "incomeBeforeTax": "31820000", "incomeTaxExpense": "11326000", "interestAndDebtExpense": "None", "netIncomeFromContinuingOperations": "13699000", "comprehensiveIncomeNetOfTax": "None", "ebit": "25205000", "ebitda": "27958000", "netIncome": "20494000"}, {"fiscalDateEnding": "2015-06-30", "reportedCurrency": "USD", "grossProfit": "89766000", "totalRevenue": "573594000", "costOfRevenue": "483828000", "costofGoodsAndServicesSold": "483828000", "operatingIncome": "40787000", "sellingGeneralAndAdministrative": "7043000", "researchAndDevelopment": "27741000", "operatingExpenses": "48979000", "investmentIncomeNet": "None", "netInterestIncome": "None", "interestIncome": "None", "interestExpense": "309000", "nonInterestIncome": "None", "otherNonOperatingIncome": "23000", "depreciation": "None", "depreciationAndAmortization": "2203000", "incomeBeforeTax": "40501000", "incomeTaxExpense": "13799000", "interestAndDebtExpense": "None", "netIncomeFromContinuingOperations": "26702000", "comprehensiveIncomeNetOfTax": "None", "ebit": "37587000", "ebitda": "39790000", "netIncome": "26702000"}, {"fiscalDateEnding": "2015-03-31", "reportedCurrency": "USD", "grossProfit": "76820000", "totalRevenue": "471225000", "costOfRevenue": "394405000", "costofGoodsAndServicesSold": "394405000", "operatingIncome": "31448000", "sellingGeneralAndAdministrative": "7334000", "researchAndDevelopment": "25542000", "operatingExpenses": "45372000", "investmentIncomeNet": "None", "netInterestIncome": "None", "interestIncome": "None", "interestExpense": "277000", "nonInterestIncome": "None", "otherNonOperatingIncome": "21000", "depreciation": "None", "depreciationAndAmortization": "2085000", "incomeBeforeTax": "31192000", "incomeTaxExpense": "8136000", "interestAndDebtExpense": "None", "netIncomeFromContinuingOperations": "23056000", "comprehensiveIncomeNetOfTax": "None", "ebit": "31448000", "ebitda": "33533000", "netIncome": "23056000"}, {"fiscalDateEnding": "2014-12-31", "reportedCurrency": "USD", "grossProfit": "84452000", "totalRevenue": "503014000", "costOfRevenue": "418562000", "costofGoodsAndServicesSold": "418562000", "operatingIncome": "42885000", "sellingGeneralAndAdministrative": "4944000", "researchAndDevelopment": "25465000", "operatingExpenses": "41567000", "investmentIncomeNet": "None", "netInterestIncome": "None", "interestIncome": "None", "interestExpense": "183000", "nonInterestIncome": "None", "otherNonOperatingIncome": "36000", "depreciation": "None", "depreciationAndAmortization": "1998000", "incomeBeforeTax": "42738000", "incomeTaxExpense": "11496000", "interestAndDebtExpense": "None", "netIncomeFromContinuingOperations": "31242000", "comprehensiveIncomeNetOfTax": "None", "ebit": "42885000", "ebitda": "44883000", "netIncome": "31242000"}, {"fiscalDateEnding": "2014-09-30", "reportedCurrency": "USD", "grossProfit": "69193000", "totalRevenue": "443322000", "costOfRevenue": "374129000", "costofGoodsAndServicesSold": "374129000", "operatingIncome": "31626000", "sellingGeneralAndAdministrative": "5056000", "researchAndDevelopment": "21509000", "operatingExpenses": "37567000", "investmentIncomeNet": "None", "netInterestIncome": "None", "interestIncome": "None", "interestExpense": "196000", "nonInterestIncome": "None", "otherNonOperatingIncome": "35000", "depreciation": "None", "depreciationAndAmortization": "1847000", "incomeBeforeTax": "31465000", "incomeTaxExpense": "10602000", "interestAndDebtExpense": "None", "netIncomeFromContinuingOperations": "20863000", "comprehensiveIncomeNetOfTax": "None", "ebit": "31626000", "ebitda": "33473000", "netIncome": "20863000"}, {"fiscalDateEnding": "2014-06-30", "reportedCurrency": "USD", "grossProfit": "66397000", "totalRevenue": "428069000", "costOfRevenue": "361672000", "costofGoodsAndServicesSold": "361672000", "operatingIncome": "26540000", "sellingGeneralAndAdministrative": "6079000", "researchAndDevelopment": "23023000", "operatingExpenses": "39857000", "investmentIncomeNet": "None", "netInterestIncome": "None", "interestIncome": "None", "interestExpense": "222000", "nonInterestIncome": "None", "otherNonOperatingIncome": "19000", "depreciation": "None", "depreciationAndAmortization": "1774000", "incomeBeforeTax": "26337000", "incomeTaxExpense": "9788000", "interestAndDebtExpense": "None", "netIncomeFromContinuingOperations": "16549000", "comprehensiveIncomeNetOfTax": "None", "ebit": "26540000", "ebitda": "28314000", "netIncome": "16549000"}, {"fiscalDateEnding": "2014-03-31", "reportedCurrency": "USD", "grossProfit": "57264000", "totalRevenue": "373755000", "costOfRevenue": "316491000", "costofGoodsAndServicesSold": "316491000", "operatingIncome": "21472000", "sellingGeneralAndAdministrative": "5806000", "researchAndDevelopment": "20570000", "operatingExpenses": "35792000", "investmentIncomeNet": "None", "netInterestIncome": "None", "interestIncome": "None", "interestExpense": "156000", "nonInterestIncome": "None", "otherNonOperatingIncome": "10000", "depreciation": "None", "depreciationAndAmortization": "1670000", "incomeBeforeTax": "21326000", "incomeTaxExpense": "4752000", "interestAndDebtExpense": "None", "netIncomeFromContinuingOperations": "16574000", "comprehensiveIncomeNetOfTax": "None", "ebit": "21472000", "ebitda": "23142000", "netIncome": "16574000"}, {"fiscalDateEnding": "2013-12-31", "reportedCurrency": "USD", "grossProfit": "55092000", "totalRevenue": "356362000", "costOfRevenue": "301270000", "costofGoodsAndServicesSold": "301270000", "operatingIncome": "20204000", "sellingGeneralAndAdministrative": "5484000", "researchAndDevelopment": "20428000", "operatingExpenses": "34888000", "investmentIncomeNet": "None", "netInterestIncome": "None", "interestIncome": "None", "interestExpense": "184000", "nonInterestIncome": "None", "otherNonOperatingIncome": "46000", "depreciation": "None", "depreciationAndAmortization": "1527000", "incomeBeforeTax": "20066000", "incomeTaxExpense": "6731000", "interestAndDebtExpense": "None", "netIncomeFromContinuingOperations": "13335000", "comprehensiveIncomeNetOfTax": "None", "ebit": "20204000", "ebitda": "21731000", "netIncome": "13335000"}, {"fiscalDateEnding": "2013-09-30", "reportedCurrency": "USD", "grossProfit": "46792000", "totalRevenue": "309016000", "costOfRevenue": "262224000", "costofGoodsAndServicesSold": "262224000", "operatingIncome": "12043000", "sellingGeneralAndAdministrative": "5648000", "researchAndDevelopment": "20236000", "operatingExpenses": "34749000", "investmentIncomeNet": "None", "netInterestIncome": "None", "interestIncome": "None", "interestExpense": "195000", "nonInterestIncome": "None", "otherNonOperatingIncome": "17000", "depreciation": "None", "depreciationAndAmortization": "1393000", "incomeBeforeTax": "11865000", "incomeTaxExpense": "4166000", "interestAndDebtExpense": "None", "netIncomeFromContinuingOperations": "7699000", "comprehensiveIncomeNetOfTax": "None", "ebit": "12043000", "ebitda": "13436000", "netIncome": "7699000"}, {"fiscalDateEnding": "2013-06-30", "reportedCurrency": "USD", "grossProfit": "46023000", "totalRevenue": "322333000", "costOfRevenue": "276310000", "costofGoodsAndServicesSold": "276310000", "operatingIncome": "12428000", "sellingGeneralAndAdministrative": "5677000", "researchAndDevelopment": "19557000", "operatingExpenses": "33595000", "investmentIncomeNet": "None", "netInterestIncome": "None", "interestIncome": "None", "interestExpense": "161000", "nonInterestIncome": "None", "otherNonOperatingIncome": "24000", "depreciation": "None", "depreciationAndAmortization": "1935000", "incomeBeforeTax": "12291000", "incomeTaxExpense": "3865000", "interestAndDebtExpense": "None", "netIncomeFromContinuingOperations": "8426000", "comprehensiveIncomeNetOfTax": "None", "ebit": "12452000", "ebitda": "14387000", "netIncome": "8426000"}, {"fiscalDateEnding": "2013-03-31", "reportedCurrency": "USD", "grossProfit": "38893000", "totalRevenue": "278034000", "costOfRevenue": "239141000", "costofGoodsAndServicesSold": "239141000", "operatingIncome": "5440000", "sellingGeneralAndAdministrative": "6134000", "researchAndDevelopment": "18606000", "operatingExpenses": "33453000", "investmentIncomeNet": "None", "netInterestIncome": "None", "interestIncome": "None", "interestExpense": "142000", "nonInterestIncome": "None", "otherNonOperatingIncome": "2000", "depreciation": "None", "depreciationAndAmortization": "1926000", "incomeBeforeTax": "5300000", "incomeTaxExpense": "-1740000", "interestAndDebtExpense": "None", "netIncomeFromContinuingOperations": "7040000", "comprehensiveIncomeNetOfTax": "None", "ebit": "5442000", "ebitda": "7368000", "netIncome": "7040000"}, {"fiscalDateEnding": "2012-12-31", "reportedCurrency": "USD", "grossProfit": "40122000", "totalRevenue": "291487000", "costOfRevenue": "251365000", "costofGoodsAndServicesSold": "251365000", "operatingIncome": "7608000", "sellingGeneralAndAdministrative": "5745000", "researchAndDevelopment": "18824000", "operatingExpenses": "32514000", "investmentIncomeNet": "None", "netInterestIncome": "None", "interestIncome": "None", "interestExpense": "152000", "nonInterestIncome": "None", "otherNonOperatingIncome": "7000", "depreciation": "None", "depreciationAndAmortization": "2019000", "incomeBeforeTax": "7463000", "incomeTaxExpense": "2549000", "interestAndDebtExpense": "None", "netIncomeFromContinuingOperations": "4914000", "comprehensiveIncomeNetOfTax": "None", "ebit": "7615000", "ebitda": "9634000", "netIncome": "4914000"}, {"fiscalDateEnding": "2012-09-30", "reportedCurrency": "USD", "grossProfit": "35015000", "totalRevenue": "270707000", "costOfRevenue": "235692000", "costofGoodsAndServicesSold": "235692000", "operatingIncome": "1680000", "sellingGeneralAndAdministrative": "6348000", "researchAndDevelopment": "18221000", "operatingExpenses": "33335000", "investmentIncomeNet": "None", "netInterestIncome": "None", "interestIncome": "None", "interestExpense": "155000", "nonInterestIncome": "None", "otherNonOperatingIncome": "15000", "depreciation": "None", "depreciationAndAmortization": "1955000", "incomeBeforeTax": "1540000", "incomeTaxExpense": "643000", "interestAndDebtExpense": "None", "netIncomeFromContinuingOperations": "899000", "comprehensiveIncomeNetOfTax": "None", "ebit": "1697000", "ebitda": "3652000", "netIncome": "899000"}, {"fiscalDateEnding": "2012-06-30", "reportedCurrency": "USD", "grossProfit": "42448000", "totalRevenue": "275896000", "costOfRevenue": "233448000", "costofGoodsAndServicesSold": "233448000", "operatingIncome": "9192000", "sellingGeneralAndAdministrative": "8265000", "researchAndDevelopment": "16032000", "operatingExpenses": "33256000", "investmentIncomeNet": "None", "netInterestIncome": "None", "interestIncome": "None", "interestExpense": "161000", "nonInterestIncome": "None", "otherNonOperatingIncome": "8000", "depreciation": "None", "depreciationAndAmortization": "1957000", "incomeBeforeTax": "9039000", "incomeTaxExpense": "3529000", "interestAndDebtExpense": "None", "netIncomeFromContinuingOperations": "5510000", "comprehensiveIncomeNetOfTax": "None", "ebit": "9200000", "ebitda": "11157000", "netIncome": "5510000"}, {"fiscalDateEnding": "2012-03-31", "reportedCurrency": "USD", "grossProfit": "40729000", "totalRevenue": "240178000", "costOfRevenue": "199449000", "costofGoodsAndServicesSold": "199449000", "operatingIncome": "9590000", "sellingGeneralAndAdministrative": "5802000", "researchAndDevelopment": "17162000", "operatingExpenses": "31139000", "investmentIncomeNet": "None", "netInterestIncome": "None", "interestIncome": "None", "interestExpense": "189000", "nonInterestIncome": "None", "otherNonOperatingIncome": "9000", "depreciation": "None", "depreciationAndAmortization": "1967000", "incomeBeforeTax": "9410000", "incomeTaxExpense": "2333000", "interestAndDebtExpense": "None", "netIncomeFromContinuingOperations": "7077000", "comprehensiveIncomeNetOfTax": "None", "ebit": "9599000", "ebitda": "11566000", "netIncome": "7077000"}, {"fiscalDateEnding": "2011-12-31", "reportedCurrency": "USD", "grossProfit": "42614000", "totalRevenue": "249915000", "costOfRevenue": "207301000", "costofGoodsAndServicesSold": "207301000", "operatingIncome": "13718000", "sellingGeneralAndAdministrative": "5207000", "researchAndDevelopment": "15657000", "operatingExpenses": "28896000", "investmentIncomeNet": "None", "netInterestIncome": "None", "interestIncome": "None", "interestExpense": "173000", "nonInterestIncome": "None", "otherNonOperatingIncome": "20000", "depreciation": "None", "depreciationAndAmortization": "1612000", "incomeBeforeTax": "13565000", "incomeTaxExpense": "4791000", "interestAndDebtExpense": "None", "netIncomeFromContinuingOperations": "8774000", "comprehensiveIncomeNetOfTax": "None", "ebit": "13738000", "ebitda": "15350000", "netIncome": "8774000"}, {"fiscalDateEnding": "2011-09-30", "reportedCurrency": "USD", "grossProfit": "39626000", "totalRevenue": "247885000", "costOfRevenue": "208259000", "costofGoodsAndServicesSold": "208259000", "operatingIncome": "13514000", "sellingGeneralAndAdministrative": "4578000", "researchAndDevelopment": "13824000", "operatingExpenses": "26112000", "investmentIncomeNet": "None", "netInterestIncome": "None", "interestIncome": "None", "interestExpense": "194000", "nonInterestIncome": "None", "otherNonOperatingIncome": "17000", "depreciation": "None", "depreciationAndAmortization": "1535000", "incomeBeforeTax": "13337000", "incomeTaxExpense": "4845000", "interestAndDebtExpense": "None", "netIncomeFromContinuingOperations": "8492000", "comprehensiveIncomeNetOfTax": "None", "ebit": "13531000", "ebitda": "15066000", "netIncome": "8492000"}, {"fiscalDateEnding": "2011-06-30", "reportedCurrency": "USD", "grossProfit": "40032000", "totalRevenue": "260303000", "costOfRevenue": "220271000", "costofGoodsAndServicesSold": "220271000", "operatingIncome": "14602000", "sellingGeneralAndAdministrative": "4855000", "researchAndDevelopment": "13163000", "operatingExpenses": "25430000", "investmentIncomeNet": "None", "netInterestIncome": "None", "interestIncome": "None", "interestExpense": "197000", "nonInterestIncome": "None", "otherNonOperatingIncome": "None", "depreciation": "None", "depreciationAndAmortization": "1463000", "incomeBeforeTax": "14415000", "incomeTaxExpense": "3684000", "interestAndDebtExpense": "None", "netIncomeFromContinuingOperations": "None", "comprehensiveIncomeNetOfTax": "None", "ebit": "14612000", "ebitda": "16075000", "netIncome": "10731000"}, {"fiscalDateEnding": "2011-03-31", "reportedCurrency": "USD", "grossProfit": "37856000", "totalRevenue": "234288000", "costOfRevenue": "196432000", "costofGoodsAndServicesSold": "196432000", "operatingIncome": "15158000", "sellingGeneralAndAdministrative": "3958000", "researchAndDevelopment": "12202000", "operatingExpenses": "22698000", "investmentIncomeNet": "None", "netInterestIncome": "None", "interestIncome": "None", "interestExpense": "161000", "nonInterestIncome": "None", "otherNonOperatingIncome": "None", "depreciation": "None", "depreciationAndAmortization": "1386000", "incomeBeforeTax": "15018000", "incomeTaxExpense": "4322000", "interestAndDebtExpense": "None", "netIncomeFromContinuingOperations": "None", "comprehensiveIncomeNetOfTax": "None", "ebit": "15179000", "ebitda": "16565000", "netIncome": "10696000"}, {"fiscalDateEnding": "2010-12-31", "reportedCurrency": "USD", "grossProfit": "40179000", "totalRevenue": "240813000", "costOfRevenue": "200634000", "costofGoodsAndServicesSold": "200634000", "operatingIncome": "16924000", "sellingGeneralAndAdministrative": "4257000", "researchAndDevelopment": "12297000", "operatingExpenses": "23255000", "investmentIncomeNet": "None", "netInterestIncome": "None", "interestIncome": "None", "interestExpense": "169000", "nonInterestIncome": "None", "otherNonOperatingIncome": "None", "depreciation": "None", "depreciationAndAmortization": "1322000", "incomeBeforeTax": "16770000", "incomeTaxExpense": "5201000", "interestAndDebtExpense": "None", "netIncomeFromContinuingOperations": "None", "comprehensiveIncomeNetOfTax": "None", "ebit": "16939000", "ebitda": "18261000", "netIncome": "11569000"}, {"fiscalDateEnding": "2010-09-30", "reportedCurrency": "USD", "grossProfit": "33037000", "totalRevenue": "207178000", "costOfRevenue": "174141000", "costofGoodsAndServicesSold": "174141000", "operatingIncome": "12009000", "sellingGeneralAndAdministrative": "4374000", "researchAndDevelopment": "10446000", "operatingExpenses": "21028000", "investmentIncomeNet": "None", "netInterestIncome": "None", "interestIncome": "None", "interestExpense": "159000", "nonInterestIncome": "None", "otherNonOperatingIncome": "None", "depreciation": "None", "depreciationAndAmortization": "1282000", "incomeBeforeTax": "11870000", "incomeTaxExpense": "4653000", "interestAndDebtExpense": "None", "netIncomeFromContinuingOperations": "None", "comprehensiveIncomeNetOfTax": "None", "ebit": "12029000", "ebitda": "13311000", "netIncome": "7217000"}, {"fiscalDateEnding": "2010-06-30", "reportedCurrency": "USD", "grossProfit": "30909000", "totalRevenue": "201664000", "costOfRevenue": "170755000", "costofGoodsAndServicesSold": "170755000", "operatingIncome": "11384000", "sellingGeneralAndAdministrative": "4008000", "researchAndDevelopment": "10244000", "operatingExpenses": "19525000", "investmentIncomeNet": "None", "netInterestIncome": "None", "interestIncome": "None", "interestExpense": "94000", "nonInterestIncome": "None", "otherNonOperatingIncome": "None", "depreciation": "None", "depreciationAndAmortization": "1203000", "incomeBeforeTax": "11316000", "incomeTaxExpense": "3601000", "interestAndDebtExpense": "None", "netIncomeFromContinuingOperations": "None", "comprehensiveIncomeNetOfTax": "None", "ebit": "11410000", "ebitda": "12613000", "netIncome": "7715000"}, {"fiscalDateEnding": "2010-03-31", "reportedCurrency": "USD", "grossProfit": "29265000", "totalRevenue": "189276000", "costOfRevenue": "160011000", "costofGoodsAndServicesSold": "160011000", "operatingIncome": "10534000", "sellingGeneralAndAdministrative": "3461000", "researchAndDevelopment": "9757000", "operatingExpenses": "18731000", "investmentIncomeNet": "None", "netInterestIncome": "None", "interestIncome": "None", "interestExpense": "66000", "nonInterestIncome": "None", "otherNonOperatingIncome": "None", "depreciation": "None", "depreciationAndAmortization": "1178000", "incomeBeforeTax": "10487000", "incomeTaxExpense": "2754000", "interestAndDebtExpense": "None", "netIncomeFromContinuingOperations": "None", "comprehensiveIncomeNetOfTax": "None", "ebit": "10553000", "ebitda": "11731000", "netIncome": "7733000"}, {"fiscalDateEnding": "2009-12-31", "reportedCurrency": "USD", "grossProfit": "30309000", "totalRevenue": "181977000", "costOfRevenue": "151668000", "costofGoodsAndServicesSold": "151668000", "operatingIncome": "12367000", "sellingGeneralAndAdministrative": "4050000", "researchAndDevelopment": "8754000", "operatingExpenses": "17942000", "investmentIncomeNet": "None", "netInterestIncome": "None", "interestIncome": "None", "interestExpense": "90000", "nonInterestIncome": "None", "otherNonOperatingIncome": "None", "depreciation": "None", "depreciationAndAmortization": "1117000", "incomeBeforeTax": "12303000", "incomeTaxExpense": "4699000", "interestAndDebtExpense": "None", "netIncomeFromContinuingOperations": "None", "comprehensiveIncomeNetOfTax": "None", "ebit": "12393000", "ebitda": "13510000", "netIncome": "7604000"}, {"fiscalDateEnding": "2009-09-30", "reportedCurrency": "USD", "grossProfit": "24509000", "totalRevenue": "148521000", "costOfRevenue": "124012000", "costofGoodsAndServicesSold": "124012000", "operatingIncome": "6460000", "sellingGeneralAndAdministrative": "4888000", "researchAndDevelopment": "8627000", "operatingExpenses": "18049000", "investmentIncomeNet": "None", "netInterestIncome": "None", "interestIncome": "None", "interestExpense": "133000", "nonInterestIncome": "None", "otherNonOperatingIncome": "None", "depreciation": "None", "depreciationAndAmortization": "1121000", "incomeBeforeTax": "6359000", "incomeTaxExpense": "2496000", "interestAndDebtExpense": "None", "netIncomeFromContinuingOperations": "None", "comprehensiveIncomeNetOfTax": "None", "ebit": "6492000", "ebitda": "7613000", "netIncome": "3863000"}, {"fiscalDateEnding": "2009-06-30", "reportedCurrency": "USD", "grossProfit": "20455000", "totalRevenue": "123453000", "costOfRevenue": "102998000", "costofGoodsAndServicesSold": "102998000", "operatingIncome": "3724000", "sellingGeneralAndAdministrative": "3823000", "researchAndDevelopment": "8836000", "operatingExpenses": "16731000", "investmentIncomeNet": "None", "netInterestIncome": "None", "interestIncome": "None", "interestExpense": "220000", "nonInterestIncome": "None", "otherNonOperatingIncome": "None", "depreciation": "None", "depreciationAndAmortization": "1010000", "incomeBeforeTax": "3558000", "incomeTaxExpense": "1200000", "interestAndDebtExpense": "None", "netIncomeFromContinuingOperations": "None", "comprehensiveIncomeNetOfTax": "None", "ebit": "3778000", "ebitda": "4788000", "netIncome": "2358000"}, {"fiscalDateEnding": "2009-03-31", "reportedCurrency": "USD", "grossProfit": "16327000", "totalRevenue": "109540000", "costOfRevenue": "93213000", "costofGoodsAndServicesSold": "93213000", "operatingIncome": "415000", "sellingGeneralAndAdministrative": "3281000", "researchAndDevelopment": "8632000", "operatingExpenses": "15912000", "investmentIncomeNet": "None", "netInterestIncome": "None", "interestIncome": "None", "interestExpense": "208000", "nonInterestIncome": "None", "otherNonOperatingIncome": "None", "depreciation": "None", "depreciationAndAmortization": "955000", "incomeBeforeTax": "257000", "incomeTaxExpense": "-974000", "interestAndDebtExpense": "None", "netIncomeFromContinuingOperations": "None", "comprehensiveIncomeNetOfTax": "None", "ebit": "465000", "ebitda": "1420000", "netIncome": "1231000"}, {"fiscalDateEnding": "2008-12-31", "reportedCurrency": "USD", "grossProfit": "24092000", "totalRevenue": "128565000", "costOfRevenue": "104473000", "costofGoodsAndServicesSold": "104473000", "operatingIncome": "7274000", "sellingGeneralAndAdministrative": "7857000", "researchAndDevelopment": "8961000", "operatingExpenses": "16818000", "investmentIncomeNet": "None", "netInterestIncome": "None", "interestIncome": "None", "interestExpense": "111000", "nonInterestIncome": "None", "otherNonOperatingIncome": "None", "depreciation": "None", "depreciationAndAmortization": "876000", "incomeBeforeTax": "7163000", "incomeTaxExpense": "1817000", "interestAndDebtExpense": "None", "netIncomeFromContinuingOperations": "None", "comprehensiveIncomeNetOfTax": "None", "ebit": "7428000", "ebitda": "8304000", "netIncome": "5346000"}, {"fiscalDateEnding": "2008-09-30", "reportedCurrency": "USD", "grossProfit": "27836000", "totalRevenue": "144051000", "costOfRevenue": "116215000", "costofGoodsAndServicesSold": "116215000", "operatingIncome": "11840000", "sellingGeneralAndAdministrative": "7911000", "researchAndDevelopment": "8085000", "operatingExpenses": "15996000", "investmentIncomeNet": "None", "netInterestIncome": "None", "interestIncome": "None", "interestExpense": "19000", "nonInterestIncome": "None", "otherNonOperatingIncome": "None", "depreciation": "None", "depreciationAndAmortization": "812000", "incomeBeforeTax": "11821000", "incomeTaxExpense": "4649000", "interestAndDebtExpense": "None", "netIncomeFromContinuingOperations": "None", "comprehensiveIncomeNetOfTax": "None", "ebit": "11028000", "ebitda": "11840000", "netIncome": "7172000"}, {"fiscalDateEnding": "2008-06-30", "reportedCurrency": "USD", "grossProfit": "28427000", "totalRevenue": "148866000", "costOfRevenue": "120439000", "costofGoodsAndServicesSold": "120439000", "operatingIncome": "10578000", "sellingGeneralAndAdministrative": "9055000", "researchAndDevelopment": "8794000", "operatingExpenses": "17849000", "investmentIncomeNet": "None", "netInterestIncome": "None", "interestIncome": "None", "interestExpense": "38000", "nonInterestIncome": "None", "otherNonOperatingIncome": "None", "depreciation": "None", "depreciationAndAmortization": "743000", "incomeBeforeTax": "10540000", "incomeTaxExpense": "3692000", "interestAndDebtExpense": "None", "netIncomeFromContinuingOperations": "None", "comprehensiveIncomeNetOfTax": "None", "ebit": "10578000", "ebitda": "11321000", "netIncome": "6848000"}, {"fiscalDateEnding": "2008-03-31", "reportedCurrency": "USD", "grossProfit": "24826000", "totalRevenue": "136755000", "costOfRevenue": "111929000", "costofGoodsAndServicesSold": "111929000", "operatingIncome": "8271000", "sellingGeneralAndAdministrative": "8505000", "researchAndDevelopment": "8050000", "operatingExpenses": "16555000", "investmentIncomeNet": "None", "netInterestIncome": "None", "interestIncome": "None", "interestExpense": "79000", "nonInterestIncome": "None", "otherNonOperatingIncome": "None", "depreciation": "None", "depreciationAndAmortization": "784000", "incomeBeforeTax": "8350000", "incomeTaxExpense": "3326000", "interestAndDebtExpense": "None", "netIncomeFromContinuingOperations": "None", "comprehensiveIncomeNetOfTax": "None", "ebit": "7487000", "ebitda": "8271000", "netIncome": "5024000"}, {"fiscalDateEnding": "2007-12-31", "reportedCurrency": "USD", "grossProfit": "27255000", "totalRevenue": "136933000", "costOfRevenue": "109678000", "costofGoodsAndServicesSold": "109678000", "operatingIncome": "12236000", "sellingGeneralAndAdministrative": "8032000", "researchAndDevelopment": "6987000", "operatingExpenses": "15019000", "investmentIncomeNet": "None", "netInterestIncome": "None", "interestIncome": "None", "interestExpense": "206000", "nonInterestIncome": "None", "otherNonOperatingIncome": "None", "depreciation": "None", "depreciationAndAmortization": "600000", "incomeBeforeTax": "12442000", "incomeTaxExpense": "4702000", "interestAndDebtExpense": "None", "netIncomeFromContinuingOperations": "None", "comprehensiveIncomeNetOfTax": "None", "ebit": "11636000", "ebitda": "12236000", "netIncome": "7740000"}, {"fiscalDateEnding": "2007-09-30", "reportedCurrency": "USD", "grossProfit": "23045000", "totalRevenue": "117949000", "costOfRevenue": "94904000", "costofGoodsAndServicesSold": "94904000", "operatingIncome": "9186000", "sellingGeneralAndAdministrative": "7153000", "researchAndDevelopment": "6706000", "operatingExpenses": "13859000", "investmentIncomeNet": "None", "netInterestIncome": "None", "interestIncome": "None", "interestExpense": "286000", "nonInterestIncome": "None", "otherNonOperatingIncome": "None", "depreciation": "None", "depreciationAndAmortization": "537000", "incomeBeforeTax": "9472000", "incomeTaxExpense": "3665000", "interestAndDebtExpense": "None", "netIncomeFromContinuingOperations": "None", "comprehensiveIncomeNetOfTax": "None", "ebit": "8649000", "ebitda": "9186000", "netIncome": "5807000"}, {"fiscalDateEnding": "2007-06-30", "reportedCurrency": "USD", "grossProfit": "19942000", "totalRevenue": "110945000", "costOfRevenue": "91003000", "costofGoodsAndServicesSold": "91003000", "operatingIncome": "8112000", "sellingGeneralAndAdministrative": "6296000", "researchAndDevelopment": "5534000", "operatingExpenses": "11830000", "investmentIncomeNet": "None", "netInterestIncome": "None", "interestIncome": "None", "interestExpense": "283000", "nonInterestIncome": "None", "otherNonOperatingIncome": "None", "depreciation": "None", "depreciationAndAmortization": "461000", "incomeBeforeTax": "8395000", "incomeTaxExpense": "2894000", "interestAndDebtExpense": "None", "netIncomeFromContinuingOperations": "None", "comprehensiveIncomeNetOfTax": "None", "ebit": "8112000", "ebitda": "8573000", "netIncome": "5501000"}, {"fiscalDateEnding": "2007-03-31", "reportedCurrency": "USD", "grossProfit": "18067000", "totalRevenue": "105659000", "costOfRevenue": "87592000", "costofGoodsAndServicesSold": "87592000", "operatingIncome": "6161000", "sellingGeneralAndAdministrative": "3278000", "researchAndDevelopment": "5143000", "operatingExpenses": "11906000", "investmentIncomeNet": "None", "netInterestIncome": "None", "interestIncome": "None", "interestExpense": "300000", "nonInterestIncome": "None", "otherNonOperatingIncome": "None", "depreciation": "None", "depreciationAndAmortization": "432000", "incomeBeforeTax": "5861000", "incomeTaxExpense": "1790000", "interestAndDebtExpense": "None", "netIncomeFromContinuingOperations": "None", "comprehensiveIncomeNetOfTax": "None", "ebit": "5729000", "ebitda": "6161000", "netIncome": "4071000"}, {"fiscalDateEnding": "2006-12-31", "reportedCurrency": "USD", "grossProfit": "19015000", "totalRevenue": "113602000", "costOfRevenue": "94587000", "costofGoodsAndServicesSold": "94587000", "operatingIncome": "7424000", "sellingGeneralAndAdministrative": "11591000", "researchAndDevelopment": "5557000", "operatingExpenses": "11591000", "investmentIncomeNet": "None", "netInterestIncome": "None", "interestIncome": "None", "interestExpense": "277000", "nonInterestIncome": "None", "otherNonOperatingIncome": "None", "depreciation": "None", "depreciationAndAmortization": "401000", "incomeBeforeTax": "7147000", "incomeTaxExpense": "2189000", "interestAndDebtExpense": "None", "netIncomeFromContinuingOperations": "None", "comprehensiveIncomeNetOfTax": "None", "ebit": "7424000", "ebitda": "7825000", "netIncome": "4958000"}, {"fiscalDateEnding": "2006-09-30", "reportedCurrency": "USD", "grossProfit": "17985000", "totalRevenue": "90187000", "costOfRevenue": "72202000", "costofGoodsAndServicesSold": "72202000", "operatingIncome": "8208000", "sellingGeneralAndAdministrative": "9897000", "researchAndDevelopment": "4937000", "operatingExpenses": "9777000", "investmentIncomeNet": "None", "netInterestIncome": "None", "interestIncome": "None", "interestExpense": "153000", "nonInterestIncome": "None", "otherNonOperatingIncome": "None", "depreciation": "None", "depreciationAndAmortization": "346000", "incomeBeforeTax": "7935000", "incomeTaxExpense": "3126000", "interestAndDebtExpense": "None", "netIncomeFromContinuingOperations": "None", "comprehensiveIncomeNetOfTax": "None", "ebit": "8208000", "ebitda": "8554000", "netIncome": "4809000"}, {"fiscalDateEnding": "2006-06-30", "reportedCurrency": "USD", "grossProfit": "82949000", "totalRevenue": "82949000", "costOfRevenue": "131147000", "costofGoodsAndServicesSold": "131147000", "operatingIncome": "-191969000", "sellingGeneralAndAdministrative": "9022000", "researchAndDevelopment": "4501000", "operatingExpenses": "-274918000", "investmentIncomeNet": "None", "netInterestIncome": "None", "interestIncome": "None", "interestExpense": "342000", "nonInterestIncome": "None", "otherNonOperatingIncome": "None", "depreciation": "None", "depreciationAndAmortization": "None", "incomeBeforeTax": "10046000", "incomeTaxExpense": "-196937000", "interestAndDebtExpense": "None", "netIncomeFromContinuingOperations": "None", "comprehensiveIncomeNetOfTax": "None", "ebit": "None", "ebitda": "-191969000", "netIncome": "4968000"}, {"fiscalDateEnding": "2006-03-31", "reportedCurrency": "USD", "grossProfit": "82950000", "totalRevenue": "82950000", "costOfRevenue": "None", "costofGoodsAndServicesSold": "None", "operatingIncome": "82950000", "sellingGeneralAndAdministrative": "8450000", "researchAndDevelopment": "4412000", "operatingExpenses": "None", "investmentIncomeNet": "None", "netInterestIncome": "None", "interestIncome": "None", "interestExpense": "334000", "nonInterestIncome": "None", "otherNonOperatingIncome": "None", "depreciation": "None", "depreciationAndAmortization": "None", "incomeBeforeTax": "5492000", "incomeTaxExpense": "77982000", "interestAndDebtExpense": "None", "netIncomeFromContinuingOperations": "None", "comprehensiveIncomeNetOfTax": "None", "ebit": "None", "ebitda": "82950000", "netIncome": "4968000"}, {"fiscalDateEnding": "2005-12-31", "reportedCurrency": "USD", "grossProfit": "68321000", "totalRevenue": "68321000", "costOfRevenue": "109874000", "costofGoodsAndServicesSold": "109874000", "operatingIncome": "68321000", "sellingGeneralAndAdministrative": "7586000", "researchAndDevelopment": "3648000", "operatingExpenses": "None", "investmentIncomeNet": "None", "netInterestIncome": "None", "interestIncome": "None", "interestExpense": "338000", "nonInterestIncome": "None", "otherNonOperatingIncome": "None", "depreciation": "None", "depreciationAndAmortization": "None", "incomeBeforeTax": "5799000", "incomeTaxExpense": "64815000", "interestAndDebtExpense": "None", "netIncomeFromContinuingOperations": "None", "comprehensiveIncomeNetOfTax": "None", "ebit": "None", "ebitda": "68321000", "netIncome": "3506000"}, {"fiscalDateEnding": "2005-09-30", "reportedCurrency": "USD", "grossProfit": "68321000", "totalRevenue": "68321000", "costOfRevenue": "None", "costofGoodsAndServicesSold": "None", "operatingIncome": "68321000", "sellingGeneralAndAdministrative": "7050000", "researchAndDevelopment": "3253000", "operatingExpenses": "None", "investmentIncomeNet": "None", "netInterestIncome": "None", "interestIncome": "None", "interestExpense": "243000", "nonInterestIncome": "None", "otherNonOperatingIncome": "None", "depreciation": "None", "depreciationAndAmortization": "None", "incomeBeforeTax": "5285000", "incomeTaxExpense": "64815000", "interestAndDebtExpense": "None", "netIncomeFromContinuingOperations": "None", "comprehensiveIncomeNetOfTax": "None", "ebit": "None", "ebitda": "68321000", "netIncome": "3506000"}, {"fiscalDateEnding": "2005-06-30", "reportedCurrency": "USD", "grossProfit": "52940000", "totalRevenue": "52940000", "costOfRevenue": "50043000", "costofGoodsAndServicesSold": "50043000", "operatingIncome": "-147361000", "sellingGeneralAndAdministrative": "5971000", "researchAndDevelopment": "2616000", "operatingExpenses": "-200301000", "investmentIncomeNet": "None", "netInterestIncome": "None", "interestIncome": "None", "interestExpense": "221000", "nonInterestIncome": "None", "otherNonOperatingIncome": "None", "depreciation": "None", "depreciationAndAmortization": "None", "incomeBeforeTax": "4407000", "incomeTaxExpense": "-149132000", "interestAndDebtExpense": "None", "netIncomeFromContinuingOperations": "None", "comprehensiveIncomeNetOfTax": "None", "ebit": "None", "ebitda": "-147361000", "netIncome": "1771000"}, {"fiscalDateEnding": "2005-03-31", "reportedCurrency": "USD", "grossProfit": "52941000", "totalRevenue": "52941000", "costOfRevenue": "44307000", "costofGoodsAndServicesSold": "44307000", "operatingIncome": "52941000", "sellingGeneralAndAdministrative": "6067000", "researchAndDevelopment": "2850000", "operatingExpenses": "None", "investmentIncomeNet": "None", "netInterestIncome": "None", "interestIncome": "None", "interestExpense": "178000", "nonInterestIncome": "None", "otherNonOperatingIncome": "None", "depreciation": "None", "depreciationAndAmortization": "None", "incomeBeforeTax": "2617000", "incomeTaxExpense": "51168000", "interestAndDebtExpense": "None", "netIncomeFromContinuingOperations": "None", "comprehensiveIncomeNetOfTax": "None", "ebit": "None", "ebitda": "52941000", "netIncome": "1773000"}, {"fiscalDateEnding": "2004-12-31", "reportedCurrency": "USD", "grossProfit": "52941000", "totalRevenue": "52941000", "costOfRevenue": "44853000", "costofGoodsAndServicesSold": "44853000", "operatingIncome": "52941000", "sellingGeneralAndAdministrative": "5588000", "researchAndDevelopment": "2537000", "operatingExpenses": "None", "investmentIncomeNet": "None", "netInterestIncome": "None", "interestIncome": "None", "interestExpense": "242000", "nonInterestIncome": "None", "otherNonOperatingIncome": "None", "depreciation": "None", "depreciationAndAmortization": "None", "incomeBeforeTax": "2275000", "incomeTaxExpense": "51168000", "interestAndDebtExpense": "None", "netIncomeFromContinuingOperations": "None", "comprehensiveIncomeNetOfTax": "None", "ebit": "None", "ebitda": "52941000", "netIncome": "1773000"}]}