{"symbol": "TTWO", "annualReports": [{"fiscalDateEnding": "2024-03-31", "reportedCurrency": "USD", "grossProfit": "2241800000", "totalRevenue": "5349600000", "costOfRevenue": "3107800000", "costofGoodsAndServicesSold": "3107800000", "operatingIncome": "-3590600000", "sellingGeneralAndAdministrative": "716100000", "researchAndDevelopment": "948200000", "operatingExpenses": "5832400000", "investmentIncomeNet": "None", "netInterestIncome": "-75000000", "interestIncome": "65600000", "interestExpense": "140600000", "nonInterestIncome": "None", "otherNonOperatingIncome": "None", "depreciation": "None", "depreciationAndAmortization": "1761600000", "incomeBeforeTax": "-3702800000", "incomeTaxExpense": "41400000", "interestAndDebtExpense": "None", "netIncomeFromContinuingOperations": "-3744200000", "comprehensiveIncomeNetOfTax": "None", "ebit": "-3476700000", "ebitda": "-1715100000", "netIncome": "-3744200000"}, {"fiscalDateEnding": "2023-03-31", "reportedCurrency": "USD", "grossProfit": "2285300000", "totalRevenue": "5349900000", "costOfRevenue": "3064600000", "costofGoodsAndServicesSold": "3064600000", "operatingIncome": "-1134200000", "sellingGeneralAndAdministrative": "843100000", "researchAndDevelopment": "892500000", "operatingExpenses": "3450500000", "investmentIncomeNet": "None", "netInterestIncome": "-141900000", "interestIncome": "33800000", "interestExpense": "203900000", "nonInterestIncome": "None", "otherNonOperatingIncome": "-172900000", "depreciation": "None", "depreciationAndAmortization": "1865300000", "incomeBeforeTax": "-1338100000", "incomeTaxExpense": "-213400000", "interestAndDebtExpense": "None", "netIncomeFromContinuingOperations": "-1124700000", "comprehensiveIncomeNetOfTax": "None", "ebit": "-1208500000", "ebitda": "656800000", "netIncome": "-1124700000"}, {"fiscalDateEnding": "2022-03-31", "reportedCurrency": "USD", "grossProfit": "1969399000", "totalRevenue": "3504800000", "costOfRevenue": "1535401000", "costofGoodsAndServicesSold": "1535401000", "operatingIncome": "473595000", "sellingGeneralAndAdministrative": "510855000", "researchAndDevelopment": "406566000", "operatingExpenses": "1494955000", "investmentIncomeNet": "None", "netInterestIncome": "-1006000", "interestIncome": "17622000", "interestExpense": "24545000", "nonInterestIncome": "None", "otherNonOperatingIncome": "-8197000", "depreciation": "None", "depreciationAndAmortization": "206535000", "incomeBeforeTax": "465398000", "incomeTaxExpense": "47376000", "interestAndDebtExpense": "None", "netIncomeFromContinuingOperations": "418022000", "comprehensiveIncomeNetOfTax": "None", "ebit": "484026000", "ebitda": "690561000", "netIncome": "418000000"}, {"fiscalDateEnding": "2021-03-31", "reportedCurrency": "USD", "grossProfit": "1837687000", "totalRevenue": "3372772000", "costOfRevenue": "1535085000", "costofGoodsAndServicesSold": "1535085000", "operatingIncome": "629384000", "sellingGeneralAndAdministrative": "390683000", "researchAndDevelopment": "317311000", "operatingExpenses": "1208575000", "investmentIncomeNet": "None", "netInterestIncome": "12494000", "interestIncome": "18701000", "interestExpense": "6207000", "nonInterestIncome": "None", "otherNonOperatingIncome": "48432000", "depreciation": "None", "depreciationAndAmortization": "192266000", "incomeBeforeTax": "677816000", "incomeTaxExpense": "88930000", "interestAndDebtExpense": "None", "netIncomeFromContinuingOperations": "588886000", "comprehensiveIncomeNetOfTax": "None", "ebit": "684023000", "ebitda": "876289000", "netIncome": "588900000"}, {"fiscalDateEnding": "2020-03-31", "reportedCurrency": "USD", "grossProfit": "1546520000", "totalRevenue": "3088970000", "costOfRevenue": "1542450000", "costofGoodsAndServicesSold": "1542450000", "operatingIncome": "425267000", "sellingGeneralAndAdministrative": "318235000", "researchAndDevelopment": "296398000", "operatingExpenses": "1121170000", "investmentIncomeNet": "None", "netInterestIncome": "44704000", "interestIncome": "47341000", "interestExpense": "5247000", "nonInterestIncome": "None", "otherNonOperatingIncome": "33172000", "depreciation": "None", "depreciationAndAmortization": "236543000", "incomeBeforeTax": "458439000", "incomeTaxExpense": "53980000", "interestAndDebtExpense": "None", "netIncomeFromContinuingOperations": "512419000", "comprehensiveIncomeNetOfTax": "None", "ebit": "461076000", "ebitda": "697619000", "netIncome": "404459000"}, {"fiscalDateEnding": "2019-03-31", "reportedCurrency": "USD", "grossProfit": "1144750000", "totalRevenue": "2668394000", "costOfRevenue": "1523644000", "costofGoodsAndServicesSold": "1523644000", "operatingIncome": "206672000", "sellingGeneralAndAdministrative": "281234000", "researchAndDevelopment": "230170000", "operatingExpenses": "943036000", "investmentIncomeNet": "None", "netInterestIncome": "29987000", "interestIncome": "38019000", "interestExpense": "8032000", "nonInterestIncome": "None", "otherNonOperatingIncome": "26113000", "depreciation": "None", "depreciationAndAmortization": "257906000", "incomeBeforeTax": "232785000", "incomeTaxExpense": "-101052000", "interestAndDebtExpense": "None", "netIncomeFromContinuingOperations": "131733000", "comprehensiveIncomeNetOfTax": "None", "ebit": "240817000", "ebitda": "498723000", "netIncome": "333837000"}, {"fiscalDateEnding": "2018-03-31", "reportedCurrency": "USD", "grossProfit": "894581000", "totalRevenue": "1792892000", "costOfRevenue": "898311000", "costofGoodsAndServicesSold": "898311000", "operatingIncome": "135577000", "sellingGeneralAndAdministrative": "247828000", "researchAndDevelopment": "196373000", "operatingExpenses": "744262000", "investmentIncomeNet": "None", "netInterestIncome": "-1005000", "interestIncome": "4043000", "interestExpense": "2009999", "nonInterestIncome": "None", "otherNonOperatingIncome": "1048000", "depreciation": "None", "depreciationAndAmortization": "144369000", "incomeBeforeTax": "136625000", "incomeTaxExpense": "-36908000", "interestAndDebtExpense": "None", "netIncomeFromContinuingOperations": "99717000", "comprehensiveIncomeNetOfTax": "None", "ebit": "137630000", "ebitda": "281999000", "netIncome": "173533000"}, {"fiscalDateEnding": "2017-03-31", "reportedCurrency": "USD", "grossProfit": "756789000", "totalRevenue": "1779748000", "costOfRevenue": "1022959000", "costofGoodsAndServicesSold": "1022959000", "operatingIncome": "91305000", "sellingGeneralAndAdministrative": "211409000", "researchAndDevelopment": "137915000", "operatingExpenses": "665484000", "investmentIncomeNet": "None", "netInterestIncome": "-21700000", "interestIncome": "15360000", "interestExpense": "15690000", "nonInterestIncome": "None", "otherNonOperatingIncome": "-14340000", "depreciation": "None", "depreciationAndAmortization": "239190000", "incomeBeforeTax": "76965000", "incomeTaxExpense": "9662000", "interestAndDebtExpense": "None", "netIncomeFromContinuingOperations": "86627000", "comprehensiveIncomeNetOfTax": "None", "ebit": "98665000", "ebitda": "337855000", "netIncome": "67303000"}, {"fiscalDateEnding": "2016-03-31", "reportedCurrency": "USD", "grossProfit": "599825000", "totalRevenue": "1413698000", "costOfRevenue": "813873000", "costofGoodsAndServicesSold": "813873000", "operatingIncome": "-10828000", "sellingGeneralAndAdministrative": "192452000", "researchAndDevelopment": "119807000", "operatingExpenses": "539368000", "investmentIncomeNet": "None", "netInterestIncome": "None", "interestIncome": "27963000", "interestExpense": "30205000", "nonInterestIncome": "None", "otherNonOperatingIncome": "-27522000", "depreciation": "None", "depreciationAndAmortization": "140761000", "incomeBeforeTax": "-38350000", "incomeTaxExpense": "-30048000", "interestAndDebtExpense": "None", "netIncomeFromContinuingOperations": "-8302000", "comprehensiveIncomeNetOfTax": "None", "ebit": "-9111000", "ebitda": "131650000", "netIncome": "-8302000"}, {"fiscalDateEnding": "2015-03-31", "reportedCurrency": "USD", "grossProfit": "288071000", "totalRevenue": "1082938000", "costOfRevenue": "794867000", "costofGoodsAndServicesSold": "794867000", "operatingIncome": "-258463000", "sellingGeneralAndAdministrative": "175093000", "researchAndDevelopment": "115043000", "operatingExpenses": "546534000", "investmentIncomeNet": "None", "netInterestIncome": "None", "interestIncome": "None", "interestExpense": "31893000", "nonInterestIncome": "None", "otherNonOperatingIncome": "-14417000", "depreciation": "None", "depreciationAndAmortization": "154854000", "incomeBeforeTax": "-272880000", "incomeTaxExpense": "6590000", "interestAndDebtExpense": "None", "netIncomeFromContinuingOperations": "-279470000", "comprehensiveIncomeNetOfTax": "None", "ebit": "-275939000", "ebitda": "-121085000", "netIncome": "-279470000"}, {"fiscalDateEnding": "2014-03-31", "reportedCurrency": "USD", "grossProfit": "936241000", "totalRevenue": "2350568000", "costOfRevenue": "1414327000", "costofGoodsAndServicesSold": "1414327000", "operatingIncome": "415256000", "sellingGeneralAndAdministrative": "161374000", "researchAndDevelopment": "105256000", "operatingExpenses": "520985000", "investmentIncomeNet": "None", "netInterestIncome": "None", "interestIncome": "None", "interestExpense": "33553000", "nonInterestIncome": "None", "otherNonOperatingIncome": "-42567000", "depreciation": "None", "depreciationAndAmortization": "282450000", "incomeBeforeTax": "376150000", "incomeTaxExpense": "14459000", "interestAndDebtExpense": "None", "netIncomeFromContinuingOperations": "361691000", "comprehensiveIncomeNetOfTax": "None", "ebit": "149723000", "ebitda": "432173000", "netIncome": "361605000"}, {"fiscalDateEnding": "2013-03-31", "reportedCurrency": "USD", "grossProfit": "498646000", "totalRevenue": "1214483000", "costOfRevenue": "715837000", "costofGoodsAndServicesSold": "715837000", "operatingIncome": "5239000", "sellingGeneralAndAdministrative": "147260000", "researchAndDevelopment": "78184000", "operatingExpenses": "493407000", "investmentIncomeNet": "None", "netInterestIncome": "None", "interestIncome": "None", "interestExpense": "31351000", "nonInterestIncome": "None", "otherNonOperatingIncome": "-31351000", "depreciation": "None", "depreciationAndAmortization": "248382000", "incomeBeforeTax": "-26112000", "incomeTaxExpense": "5050000", "interestAndDebtExpense": "None", "netIncomeFromContinuingOperations": "-31162000", "comprehensiveIncomeNetOfTax": "None", "ebit": "4651000", "ebitda": "253033000", "netIncome": "-29491000"}, {"fiscalDateEnding": "2012-03-31", "reportedCurrency": "USD", "grossProfit": "296968000", "totalRevenue": "825823000", "costOfRevenue": "528855000", "costofGoodsAndServicesSold": "528855000", "operatingIncome": "-84266000", "sellingGeneralAndAdministrative": "121200000", "researchAndDevelopment": "64162000", "operatingExpenses": "381234000", "investmentIncomeNet": "None", "netInterestIncome": "None", "interestIncome": "None", "interestExpense": "19571000", "nonInterestIncome": "None", "otherNonOperatingIncome": "-19571000", "depreciation": "None", "depreciationAndAmortization": "163806000", "incomeBeforeTax": "-103837000", "incomeTaxExpense": "3863000", "interestAndDebtExpense": "None", "netIncomeFromContinuingOperations": "-107700000", "comprehensiveIncomeNetOfTax": "None", "ebit": "-84266000", "ebitda": "79540000", "netIncome": "-108816000"}, {"fiscalDateEnding": "2011-03-31", "reportedCurrency": "USD", "grossProfit": "455570000", "totalRevenue": "1159017000", "costOfRevenue": "703447000", "costofGoodsAndServicesSold": "703447000", "operatingIncome": "80244000", "sellingGeneralAndAdministrative": "105722000", "researchAndDevelopment": "62614000", "operatingExpenses": "375326000", "investmentIncomeNet": "None", "netInterestIncome": "None", "interestIncome": "None", "interestExpense": "17883000", "nonInterestIncome": "None", "otherNonOperatingIncome": "None", "depreciation": "None", "depreciationAndAmortization": "176555000", "incomeBeforeTax": "62361000", "incomeTaxExpense": "12680000", "interestAndDebtExpense": "None", "netIncomeFromContinuingOperations": "53804000", "comprehensiveIncomeNetOfTax": "None", "ebit": "63324000", "ebitda": "239879000", "netIncome": "48458000"}, {"fiscalDateEnding": "2010-03-31", "reportedCurrency": "USD", "grossProfit": "250662000", "totalRevenue": "968488000", "costOfRevenue": "717826000", "costofGoodsAndServicesSold": "717826000", "operatingIncome": "-130214000", "sellingGeneralAndAdministrative": "135127000", "researchAndDevelopment": "63748000", "operatingExpenses": "366122000", "investmentIncomeNet": "None", "netInterestIncome": "None", "interestIncome": "None", "interestExpense": "7735000", "nonInterestIncome": "None", "otherNonOperatingIncome": "None", "depreciation": "None", "depreciationAndAmortization": "124622000", "incomeBeforeTax": "-133409000", "incomeTaxExpense": "4521000", "interestAndDebtExpense": "None", "netIncomeFromContinuingOperations": "None", "comprehensiveIncomeNetOfTax": "None", "ebit": "-125674000", "ebitda": "-1052000", "netIncome": "-137930000"}, {"fiscalDateEnding": "2009-03-31", "reportedCurrency": "USD", "grossProfit": "548835000", "totalRevenue": "1537530000", "costOfRevenue": "988695000", "costofGoodsAndServicesSold": "988695000", "operatingIncome": "115853000", "sellingGeneralAndAdministrative": "171440000", "researchAndDevelopment": "63929000", "operatingExpenses": "428504000", "investmentIncomeNet": "None", "netInterestIncome": "None", "interestIncome": "None", "interestExpense": "3414000", "nonInterestIncome": "None", "otherNonOperatingIncome": "None", "depreciation": "None", "depreciationAndAmortization": "174207000", "incomeBeforeTax": "112143000", "incomeTaxExpense": "15046000", "interestAndDebtExpense": "None", "netIncomeFromContinuingOperations": "None", "comprehensiveIncomeNetOfTax": "None", "ebit": "115557000", "ebitda": "289764000", "netIncome": "97097000"}, {"fiscalDateEnding": "2008-03-31", "reportedCurrency": "USD", "grossProfit": "246757000", "totalRevenue": "981791000", "costOfRevenue": "735034000", "costofGoodsAndServicesSold": "735034000", "operatingIncome": "-126054000", "sellingGeneralAndAdministrative": "148788000", "researchAndDevelopment": "48455000", "operatingExpenses": "355344000", "investmentIncomeNet": "None", "netInterestIncome": "None", "interestIncome": "None", "interestExpense": "0", "nonInterestIncome": "None", "otherNonOperatingIncome": "None", "depreciation": "None", "depreciationAndAmortization": "145966000", "incomeBeforeTax": "-128215000", "incomeTaxExpense": "10191000", "interestAndDebtExpense": "None", "netIncomeFromContinuingOperations": "None", "comprehensiveIncomeNetOfTax": "None", "ebit": "-126769000", "ebitda": "19197000", "netIncome": "-138406000"}, {"fiscalDateEnding": "2007-03-31", "reportedCurrency": "USD", "grossProfit": "212364000", "totalRevenue": "1037840000", "costOfRevenue": "825476000", "costofGoodsAndServicesSold": "825476000", "operatingIncome": "-187166000", "sellingGeneralAndAdministrative": "88083000", "researchAndDevelopment": "64258000", "operatingExpenses": "399530000", "investmentIncomeNet": "None", "netInterestIncome": "None", "interestIncome": "None", "interestExpense": "0", "nonInterestIncome": "None", "otherNonOperatingIncome": "None", "depreciation": "None", "depreciationAndAmortization": "166380000", "incomeBeforeTax": "-184482000", "incomeTaxExpense": "407000", "interestAndDebtExpense": "None", "netIncomeFromContinuingOperations": "None", "comprehensiveIncomeNetOfTax": "None", "ebit": "-184482000", "ebitda": "-18102000", "netIncome": "-184889000"}, {"fiscalDateEnding": "2006-03-31", "reportedCurrency": "USD", "grossProfit": "416597000", "totalRevenue": "1202595000", "costOfRevenue": "785998000", "costofGoodsAndServicesSold": "785998000", "operatingIncome": "39981000", "sellingGeneralAndAdministrative": "123725000", "researchAndDevelopment": "73160000", "operatingExpenses": "376616000", "investmentIncomeNet": "None", "netInterestIncome": "None", "interestIncome": "None", "interestExpense": "0", "nonInterestIncome": "None", "otherNonOperatingIncome": "None", "depreciation": "None", "depreciationAndAmortization": "122028000", "incomeBeforeTax": "43696000", "incomeTaxExpense": "6221000", "interestAndDebtExpense": "None", "netIncomeFromContinuingOperations": "None", "comprehensiveIncomeNetOfTax": "None", "ebit": "23158000", "ebitda": "145186000", "netIncome": "37475000"}, {"fiscalDateEnding": "2005-03-31", "reportedCurrency": "USD", "grossProfit": "378071000", "totalRevenue": "1127751000", "costOfRevenue": "749680000", "costofGoodsAndServicesSold": "749680000", "operatingIncome": "102134000", "sellingGeneralAndAdministrative": "98226000", "researchAndDevelopment": "43259000", "operatingExpenses": "275937000", "investmentIncomeNet": "None", "netInterestIncome": "None", "interestIncome": "None", "interestExpense": "1976000", "nonInterestIncome": "None", "otherNonOperatingIncome": "None", "depreciation": "None", "depreciationAndAmortization": "36647000", "incomeBeforeTax": "96610000", "incomeTaxExpense": "31232000", "interestAndDebtExpense": "None", "netIncomeFromContinuingOperations": "None", "comprehensiveIncomeNetOfTax": "None", "ebit": "96610000", "ebitda": "133257000", "netIncome": "65378000"}], "quarterlyReports": [{"fiscalDateEnding": "2024-12-31", "reportedCurrency": "USD", "grossProfit": "759900000", "totalRevenue": "1359800000", "costOfRevenue": "599900000", "costofGoodsAndServicesSold": "599900000", "operatingIncome": "-132100000", "sellingGeneralAndAdministrative": "189600000", "researchAndDevelopment": "240900000", "operatingExpenses": "547200000", "investmentIncomeNet": "None", "netInterestIncome": "-21000000", "interestIncome": "None", "interestExpense": "None", "nonInterestIncome": "None", "otherNonOperatingIncome": "None", "depreciation": "None", "depreciationAndAmortization": "271100000", "incomeBeforeTax": "-152900000", "incomeTaxExpense": "-27700000", "interestAndDebtExpense": "None", "netIncomeFromContinuingOperations": "-125200000", "comprehensiveIncomeNetOfTax": "None", "ebit": "-109000000", "ebitda": "162100000", "netIncome": "-125200000"}, {"fiscalDateEnding": "2024-09-30", "reportedCurrency": "USD", "grossProfit": "680600000", "totalRevenue": "1353100000", "costOfRevenue": "672500000", "costofGoodsAndServicesSold": "672500000", "operatingIncome": "-297200000", "sellingGeneralAndAdministrative": "253000000", "researchAndDevelopment": "246700000", "operatingExpenses": "1025100000", "investmentIncomeNet": "None", "netInterestIncome": "-25900000", "interestIncome": "None", "interestExpense": "25900000", "nonInterestIncome": "None", "otherNonOperatingIncome": "None", "depreciation": "None", "depreciationAndAmortization": "283900000", "incomeBeforeTax": "-324300000", "incomeTaxExpense": "41200000", "interestAndDebtExpense": "None", "netIncomeFromContinuingOperations": "-365500000", "comprehensiveIncomeNetOfTax": "None", "ebit": "-298400000", "ebitda": "-14500000", "netIncome": "-365500000"}, {"fiscalDateEnding": "2024-06-30", "reportedCurrency": "USD", "grossProfit": "740800000", "totalRevenue": "1338200000", "costOfRevenue": "597400000", "costofGoodsAndServicesSold": "597400000", "operatingIncome": "-112100000", "sellingGeneralAndAdministrative": "210500000", "researchAndDevelopment": "212600000", "operatingExpenses": "852900000", "investmentIncomeNet": "None", "netInterestIncome": "-24200000", "interestIncome": "None", "interestExpense": "24200000", "nonInterestIncome": "None", "otherNonOperatingIncome": "None", "depreciation": "None", "depreciationAndAmortization": "303800000", "incomeBeforeTax": "-212200000", "incomeTaxExpense": "49800000", "interestAndDebtExpense": "None", "netIncomeFromContinuingOperations": "-262000000", "comprehensiveIncomeNetOfTax": "None", "ebit": "-187500000", "ebitda": "116300000", "netIncome": "-262000000"}, {"fiscalDateEnding": "2024-03-31", "reportedCurrency": "USD", "grossProfit": "671833334", "totalRevenue": "1399400000", "costOfRevenue": "727566666", "costofGoodsAndServicesSold": "727566666", "operatingIncome": "222500000", "sellingGeneralAndAdministrative": "173400000", "researchAndDevelopment": "32666666", "operatingExpenses": "449333333", "investmentIncomeNet": "None", "netInterestIncome": "4000000", "interestIncome": "None", "interestExpense": "None", "nonInterestIncome": "None", "otherNonOperatingIncome": "None", "depreciation": "None", "depreciationAndAmortization": "668500000", "incomeBeforeTax": "-2744600000", "incomeTaxExpense": "158400000", "interestAndDebtExpense": "None", "netIncomeFromContinuingOperations": "-2903000000", "comprehensiveIncomeNetOfTax": "None", "ebit": "-2714100000", "ebitda": "-2045600000", "netIncome": "-2903000000"}, {"fiscalDateEnding": "2023-12-31", "reportedCurrency": "USD", "grossProfit": "678100000", "totalRevenue": "1366300000", "costOfRevenue": "688200000", "costofGoodsAndServicesSold": "688200000", "operatingIncome": "-129500000", "sellingGeneralAndAdministrative": "165000000", "researchAndDevelopment": "232400000", "operatingExpenses": "807600000", "investmentIncomeNet": "None", "netInterestIncome": "-22500000", "interestIncome": "None", "interestExpense": "14500000", "nonInterestIncome": "None", "otherNonOperatingIncome": "None", "depreciation": "None", "depreciationAndAmortization": "325800000", "incomeBeforeTax": "-152300000", "incomeTaxExpense": "-60700000", "interestAndDebtExpense": "None", "netIncomeFromContinuingOperations": "-91600000", "comprehensiveIncomeNetOfTax": "None", "ebit": "-129500000", "ebitda": "196300000", "netIncome": "-91600000"}, {"fiscalDateEnding": "2023-09-30", "reportedCurrency": "USD", "grossProfit": "415400000", "totalRevenue": "1299200000", "costOfRevenue": "883800000", "costofGoodsAndServicesSold": "883800000", "operatingIncome": "-543700000", "sellingGeneralAndAdministrative": "179500000", "researchAndDevelopment": "234300000", "operatingExpenses": "584400000", "investmentIncomeNet": "None", "netInterestIncome": "-31100000", "interestIncome": "None", "interestExpense": "31100000", "nonInterestIncome": "None", "otherNonOperatingIncome": "None", "depreciation": "None", "depreciationAndAmortization": "45300000", "incomeBeforeTax": "-577000000", "incomeTaxExpense": "33400000", "interestAndDebtExpense": "None", "netIncomeFromContinuingOperations": "-543600000", "comprehensiveIncomeNetOfTax": "None", "ebit": "-88500000", "ebitda": "-43200000", "netIncome": "-543600000"}, {"fiscalDateEnding": "2023-06-30", "reportedCurrency": "USD", "grossProfit": "679200000", "totalRevenue": "1284700000", "costOfRevenue": "605500000", "costofGoodsAndServicesSold": "605500000", "operatingIncome": "-204300000", "sellingGeneralAndAdministrative": "198200000", "researchAndDevelopment": "244000000", "operatingExpenses": "883500000", "investmentIncomeNet": "None", "netInterestIncome": "-25400000", "interestIncome": "None", "interestExpense": "34500000", "nonInterestIncome": "None", "otherNonOperatingIncome": "-24600000", "depreciation": "None", "depreciationAndAmortization": "365100000", "incomeBeforeTax": "-228900000", "incomeTaxExpense": "-22900000", "interestAndDebtExpense": "None", "netIncomeFromContinuingOperations": "-206000000", "comprehensiveIncomeNetOfTax": "None", "ebit": "-218500000", "ebitda": "146600000", "netIncome": "-206000000"}, {"fiscalDateEnding": "2023-03-31", "reportedCurrency": "USD", "grossProfit": "223200000", "totalRevenue": "1446200000", "costOfRevenue": "1223000000", "costofGoodsAndServicesSold": "1223000000", "operatingIncome": "-708000000", "sellingGeneralAndAdministrative": "222500000", "researchAndDevelopment": "237300000", "operatingExpenses": "925600000", "investmentIncomeNet": "None", "netInterestIncome": "-33800000", "interestIncome": "None", "interestExpense": "22600000", "nonInterestIncome": "None", "otherNonOperatingIncome": "-28200000", "depreciation": "None", "depreciationAndAmortization": "914700000", "incomeBeforeTax": "-730600000", "incomeTaxExpense": "-120300000", "interestAndDebtExpense": "None", "netIncomeFromContinuingOperations": "-610300000", "comprehensiveIncomeNetOfTax": "None", "ebit": "-697100000", "ebitda": "217600000", "netIncome": "-610300000"}, {"fiscalDateEnding": "2022-12-31", "reportedCurrency": "USD", "grossProfit": "715900000", "totalRevenue": "1407800000", "costOfRevenue": "691900000", "costofGoodsAndServicesSold": "691900000", "operatingIncome": "-174000000", "sellingGeneralAndAdministrative": "168900000", "researchAndDevelopment": "238200000", "operatingExpenses": "888800000", "investmentIncomeNet": "None", "netInterestIncome": "-28300000", "interestIncome": "None", "interestExpense": "28300000", "nonInterestIncome": "None", "otherNonOperatingIncome": "-27200000", "depreciation": "None", "depreciationAndAmortization": "391800000", "incomeBeforeTax": "-200100000", "incomeTaxExpense": "-46700000", "interestAndDebtExpense": "None", "netIncomeFromContinuingOperations": "-153400000", "comprehensiveIncomeNetOfTax": "None", "ebit": "-172900000", "ebitda": "218900000", "netIncome": "-153400000"}, {"fiscalDateEnding": "2022-09-30", "reportedCurrency": "USD", "grossProfit": "679600000", "totalRevenue": "1393500000", "costOfRevenue": "713900000", "costofGoodsAndServicesSold": "713900000", "operatingIncome": "-254400000", "sellingGeneralAndAdministrative": "214600000", "researchAndDevelopment": "243200000", "operatingExpenses": "932100000", "investmentIncomeNet": "None", "netInterestIncome": "-50500000", "interestIncome": "None", "interestExpense": "50500000", "nonInterestIncome": "None", "otherNonOperatingIncome": "-48600000", "depreciation": "None", "depreciationAndAmortization": "376200000", "incomeBeforeTax": "-301100000", "incomeTaxExpense": "-44100000", "interestAndDebtExpense": "None", "netIncomeFromContinuingOperations": "-257000000", "comprehensiveIncomeNetOfTax": "None", "ebit": "-255200000", "ebitda": "121000000", "netIncome": "-257000000"}, {"fiscalDateEnding": "2022-06-30", "reportedCurrency": "USD", "grossProfit": "666700000", "totalRevenue": "1102400000", "costOfRevenue": "435700000", "costofGoodsAndServicesSold": "435700000", "operatingIncome": "2200000", "sellingGeneralAndAdministrative": "237100000", "researchAndDevelopment": "172600000", "operatingExpenses": "704100000", "investmentIncomeNet": "None", "netInterestIncome": "-29300000", "interestIncome": "None", "interestExpense": "29300000", "nonInterestIncome": "None", "otherNonOperatingIncome": "-68900000", "depreciation": "None", "depreciationAndAmortization": "182600000", "incomeBeforeTax": "-106300000", "incomeTaxExpense": "-2300000", "interestAndDebtExpense": "None", "netIncomeFromContinuingOperations": "-104000000", "comprehensiveIncomeNetOfTax": "None", "ebit": "-37400000", "ebitda": "145200000", "netIncome": "-104000000"}, {"fiscalDateEnding": "2022-03-31", "reportedCurrency": "USD", "grossProfit": "531379000", "totalRevenue": "930004000", "costOfRevenue": "398625000", "costofGoodsAndServicesSold": "398625000", "operatingIncome": "128864000", "sellingGeneralAndAdministrative": "148371000", "researchAndDevelopment": "96108000", "operatingExpenses": "402212000", "investmentIncomeNet": "None", "netInterestIncome": "6222000", "interestIncome": "None", "interestExpense": "305000", "nonInterestIncome": "None", "otherNonOperatingIncome": "-7023000", "depreciation": "None", "depreciationAndAmortization": "65869000", "incomeBeforeTax": "121841000", "incomeTaxExpense": "10869000", "interestAndDebtExpense": "None", "netIncomeFromContinuingOperations": "110972000", "comprehensiveIncomeNetOfTax": "None", "ebit": "130242000", "ebitda": "196111000", "netIncome": "110972000"}, {"fiscalDateEnding": "2021-12-31", "reportedCurrency": "USD", "grossProfit": "552873000", "totalRevenue": "903252000", "costOfRevenue": "350379000", "costofGoodsAndServicesSold": "350379000", "operatingIncome": "154229000", "sellingGeneralAndAdministrative": "130706000", "researchAndDevelopment": "116656000", "operatingExpenses": "398644000", "investmentIncomeNet": "None", "netInterestIncome": "-5629000", "interestIncome": "None", "interestExpense": "None", "nonInterestIncome": "None", "otherNonOperatingIncome": "-1967000", "depreciation": "None", "depreciationAndAmortization": "48272000", "incomeBeforeTax": "152139000", "incomeTaxExpense": "7642000", "interestAndDebtExpense": "None", "netIncomeFromContinuingOperations": "144497000", "comprehensiveIncomeNetOfTax": "None", "ebit": "165675000", "ebitda": "213947000", "netIncome": "144497000"}, {"fiscalDateEnding": "2021-09-30", "reportedCurrency": "USD", "grossProfit": "401516000", "totalRevenue": "858198000", "costOfRevenue": "456682000", "costofGoodsAndServicesSold": "456682000", "operatingIncome": "20151000", "sellingGeneralAndAdministrative": "127331000", "researchAndDevelopment": "101508000", "operatingExpenses": "381039000", "investmentIncomeNet": "None", "netInterestIncome": "-572000", "interestIncome": "None", "interestExpense": "None", "nonInterestIncome": "None", "otherNonOperatingIncome": "-177000", "depreciation": "None", "depreciationAndAmortization": "49975000", "incomeBeforeTax": "19974000", "incomeTaxExpense": "9677000", "interestAndDebtExpense": "None", "netIncomeFromContinuingOperations": "10297000", "comprehensiveIncomeNetOfTax": "None", "ebit": "20747000", "ebitda": "70722000", "netIncome": "10297000"}, {"fiscalDateEnding": "2021-06-30", "reportedCurrency": "USD", "grossProfit": "483631000", "totalRevenue": "813346000", "costOfRevenue": "329715000", "costofGoodsAndServicesSold": "329715000", "operatingIncome": "170474000", "sellingGeneralAndAdministrative": "104447000", "researchAndDevelopment": "92294000", "operatingExpenses": "313060000", "investmentIncomeNet": "None", "netInterestIncome": "-1027000", "interestIncome": "None", "interestExpense": "1027000", "nonInterestIncome": "None", "otherNonOperatingIncome": "970000", "depreciation": "None", "depreciationAndAmortization": "42419000", "incomeBeforeTax": "171444000", "incomeTaxExpense": "19188000", "interestAndDebtExpense": "None", "netIncomeFromContinuingOperations": "152256000", "comprehensiveIncomeNetOfTax": "None", "ebit": "173044000", "ebitda": "215463000", "netIncome": "152256000"}, {"fiscalDateEnding": "2021-03-31", "reportedCurrency": "USD", "grossProfit": "559784000", "totalRevenue": "839431000", "costOfRevenue": "279647000", "costofGoodsAndServicesSold": "279647000", "operatingIncome": "255817000", "sellingGeneralAndAdministrative": "98453000", "researchAndDevelopment": "83559000", "operatingExpenses": "304101000", "investmentIncomeNet": "None", "netInterestIncome": "472000", "interestIncome": "None", "interestExpense": "8218000", "nonInterestIncome": "None", "otherNonOperatingIncome": "-2226000", "depreciation": "None", "depreciationAndAmortization": "42779000", "incomeBeforeTax": "253591000", "incomeTaxExpense": "34779000", "interestAndDebtExpense": "None", "netIncomeFromContinuingOperations": "218812000", "comprehensiveIncomeNetOfTax": "None", "ebit": "258078000", "ebitda": "300857000", "netIncome": "218812000"}, {"fiscalDateEnding": "2020-12-31", "reportedCurrency": "USD", "grossProfit": "514645000", "totalRevenue": "860889000", "costOfRevenue": "346244000", "costofGoodsAndServicesSold": "346244000", "operatingIncome": "176057000", "sellingGeneralAndAdministrative": "98624000", "researchAndDevelopment": "86428000", "operatingExpenses": "338965000", "investmentIncomeNet": "None", "netInterestIncome": "1098000", "interestIncome": "None", "interestExpense": "None", "nonInterestIncome": "None", "otherNonOperatingIncome": "40389000", "depreciation": "None", "depreciationAndAmortization": "45897000", "incomeBeforeTax": "216446000", "incomeTaxExpense": "34198000", "interestAndDebtExpense": "None", "netIncomeFromContinuingOperations": "182248000", "comprehensiveIncomeNetOfTax": "None", "ebit": "136012000", "ebitda": "181909000", "netIncome": "182248000"}, {"fiscalDateEnding": "2020-09-30", "reportedCurrency": "USD", "grossProfit": "408637000", "totalRevenue": "841142000", "costOfRevenue": "432505000", "costofGoodsAndServicesSold": "432505000", "operatingIncome": "115367000", "sellingGeneralAndAdministrative": "91433000", "researchAndDevelopment": "74216000", "operatingExpenses": "293031000", "investmentIncomeNet": "None", "netInterestIncome": "2706000", "interestIncome": "2706000", "interestExpense": "None", "nonInterestIncome": "None", "otherNonOperatingIncome": "2051000", "depreciation": "None", "depreciationAndAmortization": "55566000", "incomeBeforeTax": "117418000", "incomeTaxExpense": "18097000", "interestAndDebtExpense": "None", "netIncomeFromContinuingOperations": "99321000", "comprehensiveIncomeNetOfTax": "None", "ebit": "75543000", "ebitda": "131109000", "netIncome": "99321000"}, {"fiscalDateEnding": "2020-06-30", "reportedCurrency": "USD", "grossProfit": "354621000", "totalRevenue": "831310000", "costOfRevenue": "476689000", "costofGoodsAndServicesSold": "476689000", "operatingIncome": "98579000", "sellingGeneralAndAdministrative": "102173000", "researchAndDevelopment": "73108000", "operatingExpenses": "272478000", "investmentIncomeNet": "None", "netInterestIncome": "8218000", "interestIncome": "8218000", "interestExpense": "8218000", "nonInterestIncome": "None", "otherNonOperatingIncome": "8218000", "depreciation": "None", "depreciationAndAmortization": "74725000", "incomeBeforeTax": "90361000", "incomeTaxExpense": "1856000", "interestAndDebtExpense": "None", "netIncomeFromContinuingOperations": "88505000", "comprehensiveIncomeNetOfTax": "None", "ebit": "70666000", "ebitda": "145391000", "netIncome": "88505000"}, {"fiscalDateEnding": "2020-03-31", "reportedCurrency": "USD", "grossProfit": "364901000", "totalRevenue": "760541000", "costOfRevenue": "395640000", "costofGoodsAndServicesSold": "395640000", "operatingIncome": "121884000", "sellingGeneralAndAdministrative": "82212000", "researchAndDevelopment": "68718000", "operatingExpenses": "243401000", "investmentIncomeNet": "None", "netInterestIncome": "14282000", "interestIncome": "2750000", "interestExpense": "2637000", "nonInterestIncome": "None", "otherNonOperatingIncome": "2750000", "depreciation": "None", "depreciationAndAmortization": "69493000", "incomeBeforeTax": "124634000", "incomeTaxExpense": "1912000", "interestAndDebtExpense": "None", "netIncomeFromContinuingOperations": "230682000", "comprehensiveIncomeNetOfTax": "None", "ebit": "124634000", "ebitda": "194127000", "netIncome": "122722000"}, {"fiscalDateEnding": "2019-12-31", "reportedCurrency": "USD", "grossProfit": "493036000", "totalRevenue": "930129000", "costOfRevenue": "437093000", "costofGoodsAndServicesSold": "437093000", "operatingIncome": "176833000", "sellingGeneralAndAdministrative": "84531000", "researchAndDevelopment": "82520000", "operatingExpenses": "316449000", "investmentIncomeNet": "None", "netInterestIncome": "11943000", "interestIncome": "11943000", "interestExpense": "82000", "nonInterestIncome": "None", "otherNonOperatingIncome": "11943000", "depreciation": "None", "depreciationAndAmortization": "60881000", "incomeBeforeTax": "188776000", "incomeTaxExpense": "25134000", "interestAndDebtExpense": "None", "netIncomeFromContinuingOperations": "163642000", "comprehensiveIncomeNetOfTax": "None", "ebit": "188776000", "ebitda": "249657000", "netIncome": "163642000"}, {"fiscalDateEnding": "2019-09-30", "reportedCurrency": "USD", "grossProfit": "389593000", "totalRevenue": "857841000", "costOfRevenue": "468248000", "costofGoodsAndServicesSold": "468248000", "operatingIncome": "74820000", "sellingGeneralAndAdministrative": "76659000", "researchAndDevelopment": "76197000", "operatingExpenses": "314446000", "investmentIncomeNet": "None", "netInterestIncome": "8054000", "interestIncome": "8054000", "interestExpense": "8054000", "nonInterestIncome": "None", "otherNonOperatingIncome": "8054000", "depreciation": "None", "depreciationAndAmortization": "58977000", "incomeBeforeTax": "82874000", "incomeTaxExpense": "11059000", "interestAndDebtExpense": "None", "netIncomeFromContinuingOperations": "71815000", "comprehensiveIncomeNetOfTax": "None", "ebit": "82874000", "ebitda": "141851000", "netIncome": "71815000"}, {"fiscalDateEnding": "2019-06-30", "reportedCurrency": "USD", "grossProfit": "298990000", "totalRevenue": "540459000", "costOfRevenue": "241469000", "costofGoodsAndServicesSold": "241469000", "operatingIncome": "62541000", "sellingGeneralAndAdministrative": "74833000", "researchAndDevelopment": "68963000", "operatingExpenses": "246874000", "investmentIncomeNet": "None", "netInterestIncome": "10425000", "interestIncome": "10425000", "interestExpense": "10425000", "nonInterestIncome": "None", "otherNonOperatingIncome": "10425000", "depreciation": "None", "depreciationAndAmortization": "47192000", "incomeBeforeTax": "62155000", "incomeTaxExpense": "15875000", "interestAndDebtExpense": "None", "netIncomeFromContinuingOperations": "46280000", "comprehensiveIncomeNetOfTax": "None", "ebit": "51730000", "ebitda": "98922000", "netIncome": "46280000"}, {"fiscalDateEnding": "2019-03-31", "reportedCurrency": "USD", "grossProfit": "280093000", "totalRevenue": "539007000", "costOfRevenue": "258914000", "costofGoodsAndServicesSold": "258914000", "operatingIncome": "58062000", "sellingGeneralAndAdministrative": "75541000", "researchAndDevelopment": "56588000", "operatingExpenses": "220817000", "investmentIncomeNet": "None", "netInterestIncome": "10340000", "interestIncome": "6466000", "interestExpense": "27679000", "nonInterestIncome": "None", "otherNonOperatingIncome": "6466000", "depreciation": "None", "depreciationAndAmortization": "11081000", "incomeBeforeTax": "64528000", "incomeTaxExpense": "7698000", "interestAndDebtExpense": "None", "netIncomeFromContinuingOperations": "-145275000", "comprehensiveIncomeNetOfTax": "None", "ebit": "111551000", "ebitda": "122632000", "netIncome": "56829000"}, {"fiscalDateEnding": "2018-12-31", "reportedCurrency": "USD", "grossProfit": "350254000", "totalRevenue": "1248738000", "costOfRevenue": "898484000", "costofGoodsAndServicesSold": "898484000", "operatingIncome": "51779000", "sellingGeneralAndAdministrative": "70638000", "researchAndDevelopment": "62305000", "operatingExpenses": "304405000", "investmentIncomeNet": "None", "netInterestIncome": "None", "interestIncome": "None", "interestExpense": "8071000", "nonInterestIncome": "None", "otherNonOperatingIncome": "8071000", "depreciation": "None", "depreciationAndAmortization": "155427000", "incomeBeforeTax": "59850000", "incomeTaxExpense": "-120098000", "interestAndDebtExpense": "None", "netIncomeFromContinuingOperations": "179948000", "comprehensiveIncomeNetOfTax": "None", "ebit": "64790000", "ebitda": "220217000", "netIncome": "179948000"}, {"fiscalDateEnding": "2018-09-30", "reportedCurrency": "USD", "grossProfit": "257787000", "totalRevenue": "492667000", "costOfRevenue": "234880000", "costofGoodsAndServicesSold": "234880000", "operatingIncome": "25986000", "sellingGeneralAndAdministrative": "67320000", "researchAndDevelopment": "60565000", "operatingExpenses": "231801000", "investmentIncomeNet": "None", "netInterestIncome": "None", "interestIncome": "None", "interestExpense": "4975000", "nonInterestIncome": "None", "otherNonOperatingIncome": "4975000", "depreciation": "None", "depreciationAndAmortization": "28445000", "incomeBeforeTax": "30961000", "incomeTaxExpense": "5594000", "interestAndDebtExpense": "None", "netIncomeFromContinuingOperations": "25367000", "comprehensiveIncomeNetOfTax": "None", "ebit": "25986000", "ebitda": "54431000", "netIncome": "25367000"}, {"fiscalDateEnding": "2018-06-30", "reportedCurrency": "USD", "grossProfit": "256617000", "totalRevenue": "387982000", "costOfRevenue": "131365000", "costofGoodsAndServicesSold": "131365000", "operatingIncome": "70846000", "sellingGeneralAndAdministrative": "67735000", "researchAndDevelopment": "50712000", "operatingExpenses": "186013000", "investmentIncomeNet": "None", "netInterestIncome": "None", "interestIncome": "None", "interestExpense": "6601000", "nonInterestIncome": "None", "otherNonOperatingIncome": "6601000", "depreciation": "None", "depreciationAndAmortization": "22849000", "incomeBeforeTax": "77447000", "incomeTaxExpense": "5754000", "interestAndDebtExpense": "None", "netIncomeFromContinuingOperations": "71693000", "comprehensiveIncomeNetOfTax": "None", "ebit": "77447000", "ebitda": "100296000", "netIncome": "71693000"}, {"fiscalDateEnding": "2018-03-31", "reportedCurrency": "USD", "grossProfit": "261063000", "totalRevenue": "450274000", "costOfRevenue": "189211000", "costofGoodsAndServicesSold": "189211000", "operatingIncome": "87825000", "sellingGeneralAndAdministrative": "60450000", "researchAndDevelopment": "54128000", "operatingExpenses": "171508000", "investmentIncomeNet": "None", "netInterestIncome": "None", "interestIncome": "None", "interestExpense": "3451000", "nonInterestIncome": "None", "otherNonOperatingIncome": "3451000", "depreciation": "None", "depreciationAndAmortization": "32981000", "incomeBeforeTax": "91276000", "incomeTaxExpense": "423000", "interestAndDebtExpense": "None", "netIncomeFromContinuingOperations": "17037000", "comprehensiveIncomeNetOfTax": "None", "ebit": "89555000", "ebitda": "122536000", "netIncome": "90853000"}, {"fiscalDateEnding": "2017-12-31", "reportedCurrency": "USD", "grossProfit": "212857000", "totalRevenue": "480840000", "costOfRevenue": "267983000", "costofGoodsAndServicesSold": "267983000", "operatingIncome": "8852000", "sellingGeneralAndAdministrative": "65951000", "researchAndDevelopment": "49977000", "operatingExpenses": "203305000", "investmentIncomeNet": "None", "netInterestIncome": "None", "interestIncome": "None", "interestExpense": "3374000", "nonInterestIncome": "None", "otherNonOperatingIncome": "3374000", "depreciation": "None", "depreciationAndAmortization": "40421000", "incomeBeforeTax": "12226000", "incomeTaxExpense": "-12914000", "interestAndDebtExpense": "None", "netIncomeFromContinuingOperations": "25140000", "comprehensiveIncomeNetOfTax": "None", "ebit": "12226000", "ebitda": "52647000", "netIncome": "25140000"}, {"fiscalDateEnding": "2017-09-30", "reportedCurrency": "USD", "grossProfit": "197014000", "totalRevenue": "443562000", "costOfRevenue": "246548000", "costofGoodsAndServicesSold": "246548000", "operatingIncome": "-11319000", "sellingGeneralAndAdministrative": "60824000", "researchAndDevelopment": "49999000", "operatingExpenses": "206620000", "investmentIncomeNet": "None", "netInterestIncome": "None", "interestIncome": "None", "interestExpense": "2969000", "nonInterestIncome": "None", "otherNonOperatingIncome": "-2969000", "depreciation": "None", "depreciationAndAmortization": "37387000", "incomeBeforeTax": "-14288000", "incomeTaxExpense": "-11552000", "interestAndDebtExpense": "None", "netIncomeFromContinuingOperations": "-2736000", "comprehensiveIncomeNetOfTax": "None", "ebit": "-9606000", "ebitda": "27781000", "netIncome": "-2736000"}, {"fiscalDateEnding": "2017-06-30", "reportedCurrency": "USD", "grossProfit": "223647000", "totalRevenue": "418216000", "costOfRevenue": "194569000", "costofGoodsAndServicesSold": "194569000", "operatingIncome": "50219000", "sellingGeneralAndAdministrative": "60603000", "researchAndDevelopment": "42269000", "operatingExpenses": "162829000", "investmentIncomeNet": "None", "netInterestIncome": "None", "interestIncome": "None", "interestExpense": "2808000", "nonInterestIncome": "None", "otherNonOperatingIncome": "-2808000", "depreciation": "None", "depreciationAndAmortization": "34130000", "incomeBeforeTax": "47411000", "incomeTaxExpense": "-12865000", "interestAndDebtExpense": "None", "netIncomeFromContinuingOperations": "60276000", "comprehensiveIncomeNetOfTax": "None", "ebit": "60818000", "ebitda": "94948000", "netIncome": "60276000"}, {"fiscalDateEnding": "2017-03-31", "reportedCurrency": "USD", "grossProfit": "256656000", "totalRevenue": "571556000", "costOfRevenue": "314900000", "costofGoodsAndServicesSold": "314900000", "operatingIncome": "111503000", "sellingGeneralAndAdministrative": "62042000", "researchAndDevelopment": "36421000", "operatingExpenses": "145153000", "investmentIncomeNet": "None", "netInterestIncome": "None", "interestIncome": "None", "interestExpense": "3715000", "nonInterestIncome": "None", "otherNonOperatingIncome": "-391000", "depreciation": "None", "depreciationAndAmortization": "105610000", "incomeBeforeTax": "111111000", "incomeTaxExpense": "11831000", "interestAndDebtExpense": "None", "netIncomeFromContinuingOperations": "118604000", "comprehensiveIncomeNetOfTax": "None", "ebit": "111503000", "ebitda": "217113000", "netIncome": "99280000"}, {"fiscalDateEnding": "2016-12-31", "reportedCurrency": "USD", "grossProfit": "165399000", "totalRevenue": "476473000", "costOfRevenue": "311074000", "costofGoodsAndServicesSold": "311074000", "operatingIncome": "-28409000", "sellingGeneralAndAdministrative": "52939000", "researchAndDevelopment": "37589000", "operatingExpenses": "193808000", "investmentIncomeNet": "None", "netInterestIncome": "None", "interestIncome": "None", "interestExpense": "3715000", "nonInterestIncome": "None", "otherNonOperatingIncome": "-3715000", "depreciation": "None", "depreciationAndAmortization": "7460000", "incomeBeforeTax": "-32124000", "incomeTaxExpense": "-2282000", "interestAndDebtExpense": "None", "netIncomeFromContinuingOperations": "-29842000", "comprehensiveIncomeNetOfTax": "None", "ebit": "-28409000", "ebitda": "-20949000", "netIncome": "-29842000"}, {"fiscalDateEnding": "2016-09-30", "reportedCurrency": "USD", "grossProfit": "214562000", "totalRevenue": "420167000", "costOfRevenue": "205605000", "costofGoodsAndServicesSold": "205605000", "operatingIncome": "47194000", "sellingGeneralAndAdministrative": "49685000", "researchAndDevelopment": "30005000", "operatingExpenses": "167368000", "investmentIncomeNet": "None", "netInterestIncome": "None", "interestIncome": "None", "interestExpense": "7078000", "nonInterestIncome": "None", "otherNonOperatingIncome": "-7078000", "depreciation": "None", "depreciationAndAmortization": "29916000", "incomeBeforeTax": "40116000", "incomeTaxExpense": "3684000", "interestAndDebtExpense": "None", "netIncomeFromContinuingOperations": "36432000", "comprehensiveIncomeNetOfTax": "None", "ebit": "44643000", "ebitda": "74559000", "netIncome": "36432000"}, {"fiscalDateEnding": "2016-06-30", "reportedCurrency": "USD", "grossProfit": "120172000", "totalRevenue": "311552000", "costOfRevenue": "191380000", "costofGoodsAndServicesSold": "191380000", "operatingIncome": "-38983000", "sellingGeneralAndAdministrative": "46743000", "researchAndDevelopment": "33900000", "operatingExpenses": "159155000", "investmentIncomeNet": "None", "netInterestIncome": "None", "interestIncome": "None", "interestExpense": "4506000", "nonInterestIncome": "None", "otherNonOperatingIncome": "-3156000", "depreciation": "None", "depreciationAndAmortization": "48412000", "incomeBeforeTax": "-42139000", "incomeTaxExpense": "-3572000", "interestAndDebtExpense": "None", "netIncomeFromContinuingOperations": "-38567000", "comprehensiveIncomeNetOfTax": "None", "ebit": "-38983000", "ebitda": "9429000", "netIncome": "-38567000"}, {"fiscalDateEnding": "2016-03-31", "reportedCurrency": "USD", "grossProfit": "167749000", "totalRevenue": "377206000", "costOfRevenue": "209457000", "costofGoodsAndServicesSold": "209457000", "operatingIncome": "44575000", "sellingGeneralAndAdministrative": "44395000", "researchAndDevelopment": "33308000", "operatingExpenses": "123061000", "investmentIncomeNet": "None", "netInterestIncome": "None", "interestIncome": "None", "interestExpense": "6257000", "nonInterestIncome": "None", "otherNonOperatingIncome": "-3574000", "depreciation": "None", "depreciationAndAmortization": "58754000", "incomeBeforeTax": "41001000", "incomeTaxExpense": "-5398000", "interestAndDebtExpense": "None", "netIncomeFromContinuingOperations": "46399000", "comprehensiveIncomeNetOfTax": "None", "ebit": "44688000", "ebitda": "103442000", "netIncome": "46399000"}, {"fiscalDateEnding": "2015-12-31", "reportedCurrency": "USD", "grossProfit": "156360000", "totalRevenue": "414221000", "costOfRevenue": "257861000", "costofGoodsAndServicesSold": "257861000", "operatingIncome": "-59197000", "sellingGeneralAndAdministrative": "49061000", "researchAndDevelopment": "27944000", "operatingExpenses": "144385000", "investmentIncomeNet": "None", "netInterestIncome": "None", "interestIncome": "None", "interestExpense": "8018000", "nonInterestIncome": "None", "otherNonOperatingIncome": "-8018000", "depreciation": "None", "depreciationAndAmortization": "49871000", "incomeBeforeTax": "-67215000", "incomeTaxExpense": "-24802000", "interestAndDebtExpense": "None", "netIncomeFromContinuingOperations": "-42413000", "comprehensiveIncomeNetOfTax": "None", "ebit": "-30362000", "ebitda": "19509000", "netIncome": "-42413000"}, {"fiscalDateEnding": "2015-09-30", "reportedCurrency": "USD", "grossProfit": "203034000", "totalRevenue": "346974000", "costOfRevenue": "143940000", "costofGoodsAndServicesSold": "143940000", "operatingIncome": "66431000", "sellingGeneralAndAdministrative": "49961000", "researchAndDevelopment": "24413000", "operatingExpenses": "136603000", "investmentIncomeNet": "None", "netInterestIncome": "None", "interestIncome": "None", "interestExpense": "8396000", "nonInterestIncome": "None", "otherNonOperatingIncome": "-8396000", "depreciation": "None", "depreciationAndAmortization": "24610000", "incomeBeforeTax": "58035000", "incomeTaxExpense": "3300000", "interestAndDebtExpense": "None", "netIncomeFromContinuingOperations": "54735000", "comprehensiveIncomeNetOfTax": "None", "ebit": "66431000", "ebitda": "91041000", "netIncome": "54735000"}, {"fiscalDateEnding": "2015-06-30", "reportedCurrency": "USD", "grossProfit": "72682000", "totalRevenue": "275297000", "costOfRevenue": "202615000", "costofGoodsAndServicesSold": "202615000", "operatingIncome": "-62637000", "sellingGeneralAndAdministrative": "49035000", "researchAndDevelopment": "34142000", "operatingExpenses": "135319000", "investmentIncomeNet": "None", "netInterestIncome": "None", "interestIncome": "None", "interestExpense": "7534000", "nonInterestIncome": "None", "otherNonOperatingIncome": "-7534000", "depreciation": "None", "depreciationAndAmortization": "30197000", "incomeBeforeTax": "-70171000", "incomeTaxExpense": "-3148000", "interestAndDebtExpense": "None", "netIncomeFromContinuingOperations": "-67023000", "comprehensiveIncomeNetOfTax": "None", "ebit": "-62637000", "ebitda": "-32440000", "netIncome": "-67023000"}, {"fiscalDateEnding": "2015-03-31", "reportedCurrency": "USD", "grossProfit": "-110593000", "totalRevenue": "300089000", "costOfRevenue": "410682000", "costofGoodsAndServicesSold": "410682000", "operatingIncome": "-242353000", "sellingGeneralAndAdministrative": "38202000", "researchAndDevelopment": "35157000", "operatingExpenses": "131760000", "investmentIncomeNet": "None", "netInterestIncome": "None", "interestIncome": "None", "interestExpense": "7204000", "nonInterestIncome": "None", "otherNonOperatingIncome": "-7204000", "depreciation": "None", "depreciationAndAmortization": "49643000", "incomeBeforeTax": "-249557000", "incomeTaxExpense": "-6766000", "interestAndDebtExpense": "None", "netIncomeFromContinuingOperations": "-242791000", "comprehensiveIncomeNetOfTax": "None", "ebit": "-242353000", "ebitda": "-192710000", "netIncome": "-242791000"}, {"fiscalDateEnding": "2014-12-31", "reportedCurrency": "USD", "grossProfit": "253134000", "totalRevenue": "531147000", "costOfRevenue": "278013000", "costofGoodsAndServicesSold": "278013000", "operatingIncome": "65612000", "sellingGeneralAndAdministrative": "53564000", "researchAndDevelopment": "31221000", "operatingExpenses": "187522000", "investmentIncomeNet": "None", "netInterestIncome": "None", "interestIncome": "None", "interestExpense": "9458000", "nonInterestIncome": "None", "otherNonOperatingIncome": "-10958000", "depreciation": "None", "depreciationAndAmortization": "85538000", "incomeBeforeTax": "54654000", "incomeTaxExpense": "14561000", "interestAndDebtExpense": "None", "netIncomeFromContinuingOperations": "40093000", "comprehensiveIncomeNetOfTax": "None", "ebit": "65612000", "ebitda": "151150000", "netIncome": "40093000"}, {"fiscalDateEnding": "2014-09-30", "reportedCurrency": "USD", "grossProfit": "71269000", "totalRevenue": "125425000", "costOfRevenue": "54156000", "costofGoodsAndServicesSold": "54156000", "operatingIncome": "-33209000", "sellingGeneralAndAdministrative": "39352000", "researchAndDevelopment": "24132000", "operatingExpenses": "104478000", "investmentIncomeNet": "None", "netInterestIncome": "None", "interestIncome": "None", "interestExpense": "7719000", "nonInterestIncome": "None", "otherNonOperatingIncome": "11464000", "depreciation": "None", "depreciationAndAmortization": "11508000", "incomeBeforeTax": "-40928000", "incomeTaxExpense": "-5525000", "interestAndDebtExpense": "None", "netIncomeFromContinuingOperations": "-41369000", "comprehensiveIncomeNetOfTax": "None", "ebit": "-40464000", "ebitda": "-28956000", "netIncome": "-35403000"}, {"fiscalDateEnding": "2014-06-30", "reportedCurrency": "USD", "grossProfit": "71269000", "totalRevenue": "125425000", "costOfRevenue": "54156000", "costofGoodsAndServicesSold": "54156000", "operatingIncome": "-33209000", "sellingGeneralAndAdministrative": "39352000", "researchAndDevelopment": "24132000", "operatingExpenses": "104478000", "investmentIncomeNet": "None", "netInterestIncome": "None", "interestIncome": "None", "interestExpense": "7719000", "nonInterestIncome": "None", "otherNonOperatingIncome": "-7719000", "depreciation": "None", "depreciationAndAmortization": "11508000", "incomeBeforeTax": "-40928000", "incomeTaxExpense": "-5525000", "interestAndDebtExpense": "None", "netIncomeFromContinuingOperations": "-35403000", "comprehensiveIncomeNetOfTax": "None", "ebit": "-33209000", "ebitda": "-21701000", "netIncome": "-35403000"}, {"fiscalDateEnding": "2014-03-31", "reportedCurrency": "USD", "grossProfit": "86920000", "totalRevenue": "195208000", "costOfRevenue": "108288000", "costofGoodsAndServicesSold": "108288000", "operatingIncome": "-23584000", "sellingGeneralAndAdministrative": "50773000", "researchAndDevelopment": "28632000", "operatingExpenses": "110504000", "investmentIncomeNet": "None", "netInterestIncome": "None", "interestIncome": "None", "interestExpense": "7535000", "nonInterestIncome": "None", "otherNonOperatingIncome": "-5624000", "depreciation": "None", "depreciationAndAmortization": "17009000", "incomeBeforeTax": "-31119000", "incomeTaxExpense": "-345000", "interestAndDebtExpense": "None", "netIncomeFromContinuingOperations": "-30774000", "comprehensiveIncomeNetOfTax": "None", "ebit": "-78665000", "ebitda": "-61656000", "netIncome": "-30787000"}, {"fiscalDateEnding": "2013-12-31", "reportedCurrency": "USD", "grossProfit": "744135000", "totalRevenue": "1863869000", "costOfRevenue": "1119734000", "costofGoodsAndServicesSold": "1119734000", "operatingIncome": "606295000", "sellingGeneralAndAdministrative": "34718000", "researchAndDevelopment": "29233000", "operatingExpenses": "137840000", "investmentIncomeNet": "None", "netInterestIncome": "None", "interestIncome": "None", "interestExpense": "5949000", "nonInterestIncome": "None", "otherNonOperatingIncome": "-5949000", "depreciation": "None", "depreciationAndAmortization": "171814000", "incomeBeforeTax": "600346000", "incomeTaxExpense": "21902000", "interestAndDebtExpense": "None", "netIncomeFromContinuingOperations": "578444000", "comprehensiveIncomeNetOfTax": "None", "ebit": "438227000", "ebitda": "610041000", "netIncome": "578426000"}, {"fiscalDateEnding": "2013-09-30", "reportedCurrency": "USD", "grossProfit": "56361000", "totalRevenue": "148824000", "costOfRevenue": "92463000", "costofGoodsAndServicesSold": "92463000", "operatingIncome": "-117891000", "sellingGeneralAndAdministrative": "43023000", "researchAndDevelopment": "26520000", "operatingExpenses": "174252000", "investmentIncomeNet": "None", "netInterestIncome": "None", "interestIncome": "None", "interestExpense": "10747000", "nonInterestIncome": "None", "otherNonOperatingIncome": "-19761000", "depreciation": "None", "depreciationAndAmortization": "47193000", "incomeBeforeTax": "-132280000", "incomeTaxExpense": "-8185000", "interestAndDebtExpense": "None", "netIncomeFromContinuingOperations": "-124095000", "comprehensiveIncomeNetOfTax": "None", "ebit": "-117891000", "ebitda": "-70698000", "netIncome": "-124120000"}, {"fiscalDateEnding": "2013-06-30", "reportedCurrency": "USD", "grossProfit": "48825000", "totalRevenue": "142667000", "costOfRevenue": "93842000", "costofGoodsAndServicesSold": "93842000", "operatingIncome": "-49564000", "sellingGeneralAndAdministrative": "32860000", "researchAndDevelopment": "20871000", "operatingExpenses": "98389000", "investmentIncomeNet": "None", "netInterestIncome": "None", "interestIncome": "None", "interestExpense": "11233000", "nonInterestIncome": "None", "otherNonOperatingIncome": "-11233000", "depreciation": "None", "depreciationAndAmortization": "46434000", "incomeBeforeTax": "-60797000", "incomeTaxExpense": "1087000", "interestAndDebtExpense": "None", "netIncomeFromContinuingOperations": "-61884000", "comprehensiveIncomeNetOfTax": "None", "ebit": "-49564000", "ebitda": "-3130000", "netIncome": "-61914000"}, {"fiscalDateEnding": "2013-03-31", "reportedCurrency": "USD", "grossProfit": "145167000", "totalRevenue": "299487000", "costOfRevenue": "154320000", "costofGoodsAndServicesSold": "154320000", "operatingIncome": "29062000", "sellingGeneralAndAdministrative": "40369000", "researchAndDevelopment": "21183000", "operatingExpenses": "116105000", "investmentIncomeNet": "None", "netInterestIncome": "None", "interestIncome": "None", "interestExpense": "7789000", "nonInterestIncome": "None", "otherNonOperatingIncome": "-7789000", "depreciation": "None", "depreciationAndAmortization": "44557000", "incomeBeforeTax": "21273000", "incomeTaxExpense": "103000", "interestAndDebtExpense": "None", "netIncomeFromContinuingOperations": "21170000", "comprehensiveIncomeNetOfTax": "None", "ebit": "-12367001", "ebitda": "32189999", "netIncome": "22473000"}, {"fiscalDateEnding": "2012-12-31", "reportedCurrency": "USD", "grossProfit": "199474000", "totalRevenue": "415773000", "costOfRevenue": "216299000", "costofGoodsAndServicesSold": "216299000", "operatingIncome": "80992000", "sellingGeneralAndAdministrative": "32880000", "researchAndDevelopment": "22369000", "operatingExpenses": "118482000", "investmentIncomeNet": "None", "netInterestIncome": "None", "interestIncome": "None", "interestExpense": "8094000", "nonInterestIncome": "None", "otherNonOperatingIncome": "-8094000", "depreciation": "None", "depreciationAndAmortization": "51276000", "incomeBeforeTax": "72898000", "incomeTaxExpense": "2021000", "interestAndDebtExpense": "None", "netIncomeFromContinuingOperations": "70877000", "comprehensiveIncomeNetOfTax": "None", "ebit": "33959000", "ebitda": "85235000", "netIncome": "71365000"}, {"fiscalDateEnding": "2012-09-30", "reportedCurrency": "USD", "grossProfit": "114597000", "totalRevenue": "273084000", "costOfRevenue": "158487000", "costofGoodsAndServicesSold": "158487000", "operatingIncome": "-3933000", "sellingGeneralAndAdministrative": "30809000", "researchAndDevelopment": "19320000", "operatingExpenses": "118530000", "investmentIncomeNet": "None", "netInterestIncome": "None", "interestIncome": "None", "interestExpense": "7419000", "nonInterestIncome": "None", "otherNonOperatingIncome": "-7419000", "depreciation": "None", "depreciationAndAmortization": "50083000", "incomeBeforeTax": "-11352000", "incomeTaxExpense": "1085000", "interestAndDebtExpense": "None", "netIncomeFromContinuingOperations": "-12437000", "comprehensiveIncomeNetOfTax": "None", "ebit": "-3933000", "ebitda": "46150000", "netIncome": "-12491000"}, {"fiscalDateEnding": "2012-06-30", "reportedCurrency": "USD", "grossProfit": "39408000", "totalRevenue": "226139000", "costOfRevenue": "186731000", "costofGoodsAndServicesSold": "186731000", "operatingIncome": "-100882000", "sellingGeneralAndAdministrative": "43202000", "researchAndDevelopment": "15312000", "operatingExpenses": "140290000", "investmentIncomeNet": "None", "netInterestIncome": "None", "interestIncome": "None", "interestExpense": "8049000", "nonInterestIncome": "None", "otherNonOperatingIncome": "-8049000", "depreciation": "None", "depreciationAndAmortization": "102466000", "incomeBeforeTax": "-108931000", "incomeTaxExpense": "1841000", "interestAndDebtExpense": "None", "netIncomeFromContinuingOperations": "-110772000", "comprehensiveIncomeNetOfTax": "None", "ebit": "-100882000", "ebitda": "1584000", "netIncome": "-110838000"}, {"fiscalDateEnding": "2012-03-31", "reportedCurrency": "USD", "grossProfit": "31618000", "totalRevenue": "148084000", "costOfRevenue": "116466000", "costofGoodsAndServicesSold": "116466000", "operatingIncome": "-61142000", "sellingGeneralAndAdministrative": "35133000", "researchAndDevelopment": "14822000", "operatingExpenses": "92760000", "investmentIncomeNet": "None", "netInterestIncome": "None", "interestIncome": "None", "interestExpense": "5368000", "nonInterestIncome": "None", "otherNonOperatingIncome": "-19571000", "depreciation": "None", "depreciationAndAmortization": "36286000", "incomeBeforeTax": "-66510000", "incomeTaxExpense": "-505000", "interestAndDebtExpense": "None", "netIncomeFromContinuingOperations": "-66005000", "comprehensiveIncomeNetOfTax": "None", "ebit": "-61142000", "ebitda": "-24856000", "netIncome": "-66836000"}, {"fiscalDateEnding": "2011-12-31", "reportedCurrency": "USD", "grossProfit": "109858000", "totalRevenue": "236325000", "costOfRevenue": "126467000", "costofGoodsAndServicesSold": "126467000", "operatingIncome": "20248000", "sellingGeneralAndAdministrative": "29705000", "researchAndDevelopment": "16823000", "operatingExpenses": "89610000", "investmentIncomeNet": "None", "netInterestIncome": "None", "interestIncome": "None", "interestExpense": "6190000", "nonInterestIncome": "None", "otherNonOperatingIncome": "None", "depreciation": "None", "depreciationAndAmortization": "35914000", "incomeBeforeTax": "14058000", "incomeTaxExpense": "-127000", "interestAndDebtExpense": "None", "netIncomeFromContinuingOperations": "14185000", "comprehensiveIncomeNetOfTax": "None", "ebit": "20248000", "ebitda": "56162000", "netIncome": "14104000"}, {"fiscalDateEnding": "2011-09-30", "reportedCurrency": "USD", "grossProfit": "32331000", "totalRevenue": "107034000", "costOfRevenue": "74703000", "costofGoodsAndServicesSold": "74703000", "operatingIncome": "-41509000", "sellingGeneralAndAdministrative": "25785000", "researchAndDevelopment": "15998000", "operatingExpenses": "73840000", "investmentIncomeNet": "None", "netInterestIncome": "None", "interestIncome": "None", "interestExpense": "4333000", "nonInterestIncome": "None", "otherNonOperatingIncome": "None", "depreciation": "None", "depreciationAndAmortization": "15590000", "incomeBeforeTax": "-45842000", "incomeTaxExpense": "1419000", "interestAndDebtExpense": "None", "netIncomeFromContinuingOperations": "-47261000", "comprehensiveIncomeNetOfTax": "None", "ebit": "-41509000", "ebitda": "-25919000", "netIncome": "-47371000"}, {"fiscalDateEnding": "2011-06-30", "reportedCurrency": "USD", "grossProfit": "123161000", "totalRevenue": "334380000", "costOfRevenue": "211219000", "costofGoodsAndServicesSold": "211219000", "operatingIncome": "-1863000", "sellingGeneralAndAdministrative": "30577000", "researchAndDevelopment": "16519000", "operatingExpenses": "125024000", "investmentIncomeNet": "None", "netInterestIncome": "None", "interestIncome": "None", "interestExpense": "3680000", "nonInterestIncome": "None", "otherNonOperatingIncome": "None", "depreciation": "None", "depreciationAndAmortization": "76016000", "incomeBeforeTax": "-5543000", "incomeTaxExpense": "3076000", "interestAndDebtExpense": "None", "netIncomeFromContinuingOperations": "-8619000", "comprehensiveIncomeNetOfTax": "None", "ebit": "-1863000", "ebitda": "74153000", "netIncome": "-8713000"}, {"fiscalDateEnding": "2011-03-31", "reportedCurrency": "USD", "grossProfit": "62212000", "totalRevenue": "182255000", "costOfRevenue": "120043000", "costofGoodsAndServicesSold": "120043000", "operatingIncome": "-19960000", "sellingGeneralAndAdministrative": "29170000", "researchAndDevelopment": "17248000", "operatingExpenses": "82172000", "investmentIncomeNet": "None", "netInterestIncome": "None", "interestIncome": "None", "interestExpense": "4853000", "nonInterestIncome": "None", "otherNonOperatingIncome": "None", "depreciation": "None", "depreciationAndAmortization": "25325000", "incomeBeforeTax": "-23084000", "incomeTaxExpense": "-668000", "interestAndDebtExpense": "None", "netIncomeFromContinuingOperations": "0", "comprehensiveIncomeNetOfTax": "None", "ebit": "-18231000", "ebitda": "7094000", "netIncome": "-22054000"}, {"fiscalDateEnding": "2010-12-31", "reportedCurrency": "USD", "grossProfit": "145609000", "totalRevenue": "334259000", "costOfRevenue": "188650000", "costofGoodsAndServicesSold": "188650000", "operatingIncome": "48682000", "sellingGeneralAndAdministrative": "27492000", "researchAndDevelopment": "18073000", "operatingExpenses": "96927000", "investmentIncomeNet": "None", "netInterestIncome": "None", "interestIncome": "None", "interestExpense": "4013000", "nonInterestIncome": "None", "otherNonOperatingIncome": "None", "depreciation": "None", "depreciationAndAmortization": "35400000", "incomeBeforeTax": "44669000", "incomeTaxExpense": "3849000", "interestAndDebtExpense": "None", "netIncomeFromContinuingOperations": "40820000", "comprehensiveIncomeNetOfTax": "None", "ebit": "16783000", "ebitda": "52183000", "netIncome": "40859000"}, {"fiscalDateEnding": "2010-09-30", "reportedCurrency": "USD", "grossProfit": "108300000", "totalRevenue": "245000000", "costOfRevenue": "136600000", "costofGoodsAndServicesSold": "136600000", "operatingIncome": "13000000", "sellingGeneralAndAdministrative": "73200000", "researchAndDevelopment": "18100000", "operatingExpenses": "95300000", "investmentIncomeNet": "None", "netInterestIncome": "None", "interestIncome": "None", "interestExpense": "1600000", "nonInterestIncome": "None", "otherNonOperatingIncome": "None", "depreciation": "None", "depreciationAndAmortization": "44500000", "incomeBeforeTax": "11400000", "incomeTaxExpense": "3300000", "interestAndDebtExpense": "None", "netIncomeFromContinuingOperations": "0", "comprehensiveIncomeNetOfTax": "None", "ebit": "5000000", "ebitda": "49500000", "netIncome": "3300000"}, {"fiscalDateEnding": "2010-06-30", "reportedCurrency": "USD", "grossProfit": "113817000", "totalRevenue": "354076000", "costOfRevenue": "240259000", "costofGoodsAndServicesSold": "240259000", "operatingIncome": "20685000", "sellingGeneralAndAdministrative": "24786000", "researchAndDevelopment": "17582000", "operatingExpenses": "93132000", "investmentIncomeNet": "None", "netInterestIncome": "None", "interestIncome": "None", "interestExpense": "4458000", "nonInterestIncome": "None", "otherNonOperatingIncome": "None", "depreciation": "None", "depreciationAndAmortization": "55446000", "incomeBeforeTax": "16227000", "incomeTaxExpense": "3848000", "interestAndDebtExpense": "None", "netIncomeFromContinuingOperations": "12379000", "comprehensiveIncomeNetOfTax": "None", "ebit": "20685000", "ebitda": "76131000", "netIncome": "5920000"}, {"fiscalDateEnding": "2010-03-31", "reportedCurrency": "USD", "grossProfit": "111223000", "totalRevenue": "268002000", "costOfRevenue": "156779000", "costofGoodsAndServicesSold": "156779000", "operatingIncome": "26638000", "sellingGeneralAndAdministrative": "24569000", "researchAndDevelopment": "12908000", "operatingExpenses": "84585000", "investmentIncomeNet": "None", "netInterestIncome": "None", "interestIncome": "None", "interestExpense": "3900000", "nonInterestIncome": "None", "otherNonOperatingIncome": "None", "depreciation": "None", "depreciationAndAmortization": "38004000", "incomeBeforeTax": "18874000", "incomeTaxExpense": "1958000", "interestAndDebtExpense": "None", "netIncomeFromContinuingOperations": "None", "comprehensiveIncomeNetOfTax": "None", "ebit": "22774000", "ebitda": "60778000", "netIncome": "16758000"}, {"fiscalDateEnding": "2009-12-31", "reportedCurrency": "USD", "grossProfit": "62880000", "totalRevenue": "163238000", "costOfRevenue": "100358000", "costofGoodsAndServicesSold": "100358000", "operatingIncome": "-26523000", "sellingGeneralAndAdministrative": "28695000", "researchAndDevelopment": "15455000", "operatingExpenses": "89403000", "investmentIncomeNet": "None", "netInterestIncome": "None", "interestIncome": "None", "interestExpense": "3900000", "nonInterestIncome": "None", "otherNonOperatingIncome": "None", "depreciation": "None", "depreciationAndAmortization": "25055000", "incomeBeforeTax": "-31336000", "incomeTaxExpense": "2486000", "interestAndDebtExpense": "None", "netIncomeFromContinuingOperations": "40820000", "comprehensiveIncomeNetOfTax": "None", "ebit": "-27436000", "ebitda": "-2381000", "netIncome": "-33874000"}, {"fiscalDateEnding": "2009-09-30", "reportedCurrency": "USD", "grossProfit": "102978000", "totalRevenue": "343392000", "costOfRevenue": "240414000", "costofGoodsAndServicesSold": "240414000", "operatingIncome": "-16069000", "sellingGeneralAndAdministrative": "34382000", "researchAndDevelopment": "14159000", "operatingExpenses": "104293000", "investmentIncomeNet": "None", "netInterestIncome": "None", "interestIncome": "None", "interestExpense": "5425000", "nonInterestIncome": "None", "otherNonOperatingIncome": "None", "depreciation": "None", "depreciationAndAmortization": "48669000", "incomeBeforeTax": "-16954000", "incomeTaxExpense": "5036000", "interestAndDebtExpense": "None", "netIncomeFromContinuingOperations": "0", "comprehensiveIncomeNetOfTax": "None", "ebit": "-11529000", "ebitda": "37140000", "netIncome": "-21990000"}, {"fiscalDateEnding": "2009-06-30", "reportedCurrency": "USD", "grossProfit": "23655000", "totalRevenue": "138564000", "costOfRevenue": "114909000", "costofGoodsAndServicesSold": "114909000", "operatingIncome": "-49606000", "sellingGeneralAndAdministrative": "29583000", "researchAndDevelopment": "13887000", "operatingExpenses": "73261000", "investmentIncomeNet": "None", "netInterestIncome": "None", "interestIncome": "None", "interestExpense": "3192000", "nonInterestIncome": "None", "otherNonOperatingIncome": "None", "depreciation": "None", "depreciationAndAmortization": "18849000", "incomeBeforeTax": "-52798000", "incomeTaxExpense": "2675000", "interestAndDebtExpense": "None", "netIncomeFromContinuingOperations": "0", "comprehensiveIncomeNetOfTax": "None", "ebit": "-52833000", "ebitda": "-33984000", "netIncome": "-55473000"}, {"fiscalDateEnding": "2009-03-31", "reportedCurrency": "USD", "grossProfit": "68120000", "totalRevenue": "229722000", "costOfRevenue": "161602000", "costofGoodsAndServicesSold": "161602000", "operatingIncome": "-13875000", "sellingGeneralAndAdministrative": "31415000", "researchAndDevelopment": "14759000", "operatingExpenses": "81995000", "investmentIncomeNet": "None", "netInterestIncome": "None", "interestIncome": "None", "interestExpense": "1467000", "nonInterestIncome": "None", "otherNonOperatingIncome": "None", "depreciation": "None", "depreciationAndAmortization": "31514000", "incomeBeforeTax": "-15342000", "incomeTaxExpense": "-5262000", "interestAndDebtExpense": "None", "netIncomeFromContinuingOperations": "0", "comprehensiveIncomeNetOfTax": "None", "ebit": "-14545000", "ebitda": "16969000", "netIncome": "-10080000"}, {"fiscalDateEnding": "2008-12-31", "reportedCurrency": "USD", "grossProfit": "55908000", "totalRevenue": "256810000", "costOfRevenue": "200902000", "costofGoodsAndServicesSold": "200902000", "operatingIncome": "-50665000", "sellingGeneralAndAdministrative": "39748000", "researchAndDevelopment": "20943000", "operatingExpenses": "106573000", "investmentIncomeNet": "None", "netInterestIncome": "None", "interestIncome": "None", "interestExpense": "1545000", "nonInterestIncome": "None", "otherNonOperatingIncome": "None", "depreciation": "None", "depreciationAndAmortization": "25590000", "incomeBeforeTax": "-48316000", "incomeTaxExpense": "2072000", "interestAndDebtExpense": "None", "netIncomeFromContinuingOperations": "0", "comprehensiveIncomeNetOfTax": "None", "ebit": "-52655000", "ebitda": "-27065000", "netIncome": "-50388000"}, {"fiscalDateEnding": "2008-09-30", "reportedCurrency": "USD", "grossProfit": "98670000", "totalRevenue": "323442000", "costOfRevenue": "224772000", "costofGoodsAndServicesSold": "224772000", "operatingIncome": "-13225000", "sellingGeneralAndAdministrative": "88613000", "researchAndDevelopment": "16052000", "operatingExpenses": "110294000", "investmentIncomeNet": "None", "netInterestIncome": "None", "interestIncome": "None", "interestExpense": "3414000", "nonInterestIncome": "None", "otherNonOperatingIncome": "None", "depreciation": "None", "depreciationAndAmortization": "47884000", "incomeBeforeTax": "-16827000", "incomeTaxExpense": "-1873000", "interestAndDebtExpense": "None", "netIncomeFromContinuingOperations": "0", "comprehensiveIncomeNetOfTax": "None", "ebit": "-11624000", "ebitda": "36260000", "netIncome": "-14954000"}, {"fiscalDateEnding": "2008-06-30", "reportedCurrency": "USD", "grossProfit": "174180000", "totalRevenue": "433836000", "costOfRevenue": "259656000", "costofGoodsAndServicesSold": "259656000", "operatingIncome": "59043000", "sellingGeneralAndAdministrative": "47070000", "researchAndDevelopment": "17239000", "operatingExpenses": "113366000", "investmentIncomeNet": "None", "netInterestIncome": "None", "interestIncome": "None", "interestExpense": "874000", "nonInterestIncome": "None", "otherNonOperatingIncome": "None", "depreciation": "None", "depreciationAndAmortization": "47317000", "incomeBeforeTax": "59917000", "incomeTaxExpense": "8091000", "interestAndDebtExpense": "None", "netIncomeFromContinuingOperations": "0", "comprehensiveIncomeNetOfTax": "None", "ebit": "60814000", "ebitda": "108131000", "netIncome": "51826000"}, {"fiscalDateEnding": "2008-03-31", "reportedCurrency": "USD", "grossProfit": "221551000", "totalRevenue": "539810000", "costOfRevenue": "318259000", "costofGoodsAndServicesSold": "318259000", "operatingIncome": "103113000", "sellingGeneralAndAdministrative": "49201000", "researchAndDevelopment": "14828000", "operatingExpenses": "117494000", "investmentIncomeNet": "None", "netInterestIncome": "None", "interestIncome": "None", "interestExpense": "830000", "nonInterestIncome": "None", "otherNonOperatingIncome": "None", "depreciation": "None", "depreciationAndAmortization": "53665000", "incomeBeforeTax": "102283000", "incomeTaxExpense": "4061000", "interestAndDebtExpense": "None", "netIncomeFromContinuingOperations": "0", "comprehensiveIncomeNetOfTax": "None", "ebit": "104057000", "ebitda": "157722000", "netIncome": "98222000"}, {"fiscalDateEnding": "2007-12-31", "reportedCurrency": "USD", "grossProfit": "54434000", "totalRevenue": "240442000", "costOfRevenue": "186008000", "costofGoodsAndServicesSold": "186008000", "operatingIncome": "-33078000", "sellingGeneralAndAdministrative": "31402000", "researchAndDevelopment": "15810000", "operatingExpenses": "87350000", "investmentIncomeNet": "None", "netInterestIncome": "None", "interestIncome": "None", "interestExpense": "0", "nonInterestIncome": "None", "otherNonOperatingIncome": "None", "depreciation": "None", "depreciationAndAmortization": "25341000", "incomeBeforeTax": "-33230000", "incomeTaxExpense": "4767000", "interestAndDebtExpense": "None", "netIncomeFromContinuingOperations": "0", "comprehensiveIncomeNetOfTax": "None", "ebit": "-32916000", "ebitda": "-7575000", "netIncome": "-37997000"}, {"fiscalDateEnding": "2007-09-30", "reportedCurrency": "USD", "grossProfit": "89652000", "totalRevenue": "292600000", "costOfRevenue": "202948000", "costofGoodsAndServicesSold": "202948000", "operatingIncome": "3136000", "sellingGeneralAndAdministrative": "67246000", "researchAndDevelopment": "11159000", "operatingExpenses": "85111000", "investmentIncomeNet": "None", "netInterestIncome": "None", "interestIncome": "None", "interestExpense": "1446000", "nonInterestIncome": "None", "otherNonOperatingIncome": "None", "depreciation": "None", "depreciationAndAmortization": "36417000", "incomeBeforeTax": "-1657000", "incomeTaxExpense": "5406000", "interestAndDebtExpense": "None", "netIncomeFromContinuingOperations": "0", "comprehensiveIncomeNetOfTax": "None", "ebit": "4541000", "ebitda": "40958000", "netIncome": "-7063000"}, {"fiscalDateEnding": "2007-06-30", "reportedCurrency": "USD", "grossProfit": "38136000", "totalRevenue": "206415000", "costOfRevenue": "168279000", "costofGoodsAndServicesSold": "168279000", "operatingIncome": "-57106000", "sellingGeneralAndAdministrative": "34703000", "researchAndDevelopment": "11210000", "operatingExpenses": "88142000", "investmentIncomeNet": "None", "netInterestIncome": "None", "interestIncome": "None", "interestExpense": "0", "nonInterestIncome": "None", "otherNonOperatingIncome": "None", "depreciation": "None", "depreciationAndAmortization": "46124000", "incomeBeforeTax": "-56358000", "incomeTaxExpense": "2188000", "interestAndDebtExpense": "None", "netIncomeFromContinuingOperations": "0", "comprehensiveIncomeNetOfTax": "None", "ebit": "-50006000", "ebitda": "-3882000", "netIncome": "-58546000"}, {"fiscalDateEnding": "2007-03-31", "reportedCurrency": "USD", "grossProfit": "45854000", "totalRevenue": "205436000", "costOfRevenue": "159582000", "costofGoodsAndServicesSold": "159582000", "operatingIncome": "-50750000", "sellingGeneralAndAdministrative": "40471000", "researchAndDevelopment": "11936000", "operatingExpenses": "87642000", "investmentIncomeNet": "None", "netInterestIncome": "None", "interestIncome": "None", "interestExpense": "0", "nonInterestIncome": "None", "otherNonOperatingIncome": "None", "depreciation": "None", "depreciationAndAmortization": "36459000", "incomeBeforeTax": "-49728000", "incomeTaxExpense": "1521000", "interestAndDebtExpense": "None", "netIncomeFromContinuingOperations": "0", "comprehensiveIncomeNetOfTax": "None", "ebit": "-41788000", "ebitda": "-5329000", "netIncome": "-51249000"}, {"fiscalDateEnding": "2006-12-31", "reportedCurrency": "USD", "grossProfit": "73115000", "totalRevenue": "277340000", "costOfRevenue": "204225000", "costofGoodsAndServicesSold": "204225000", "operatingIncome": "-21334000", "sellingGeneralAndAdministrative": "38614000", "researchAndDevelopment": "14150000", "operatingExpenses": "94449000", "investmentIncomeNet": "None", "netInterestIncome": "None", "interestIncome": "None", "interestExpense": "0", "nonInterestIncome": "None", "otherNonOperatingIncome": "None", "depreciation": "None", "depreciationAndAmortization": "26966000", "incomeBeforeTax": "-20472000", "incomeTaxExpense": "1076000", "interestAndDebtExpense": "None", "netIncomeFromContinuingOperations": "0", "comprehensiveIncomeNetOfTax": "None", "ebit": "-21334000", "ebitda": "5632000", "netIncome": "-21548000"}, {"fiscalDateEnding": "2006-09-30", "reportedCurrency": "USD", "grossProfit": "81799000", "totalRevenue": "266556000", "costOfRevenue": "184757000", "costofGoodsAndServicesSold": "184757000", "operatingIncome": "-14264000", "sellingGeneralAndAdministrative": "75566000", "researchAndDevelopment": "13046000", "operatingExpenses": "96063000", "investmentIncomeNet": "None", "netInterestIncome": "None", "interestIncome": "None", "interestExpense": "0", "nonInterestIncome": "None", "otherNonOperatingIncome": "None", "depreciation": "None", "depreciationAndAmortization": "36613000", "incomeBeforeTax": "-13036000", "incomeTaxExpense": "979000", "interestAndDebtExpense": "None", "netIncomeFromContinuingOperations": "0", "comprehensiveIncomeNetOfTax": "None", "ebit": "-14264000", "ebitda": "22349000", "netIncome": "-14015000"}, {"fiscalDateEnding": "2006-06-30", "reportedCurrency": "USD", "grossProfit": "17772000", "totalRevenue": "265122000", "costOfRevenue": "247350000", "costofGoodsAndServicesSold": "247350000", "operatingIncome": "77168000", "sellingGeneralAndAdministrative": "71845000", "researchAndDevelopment": "16097000", "operatingExpenses": "-59396000", "investmentIncomeNet": "None", "netInterestIncome": "None", "interestIncome": "None", "interestExpense": "0", "nonInterestIncome": "None", "otherNonOperatingIncome": "None", "depreciation": "None", "depreciationAndAmortization": "60613000", "incomeBeforeTax": "-77164000", "incomeTaxExpense": "-26791000", "interestAndDebtExpense": "None", "netIncomeFromContinuingOperations": "0", "comprehensiveIncomeNetOfTax": "None", "ebit": "77168000", "ebitda": "137781000", "netIncome": "-50373000"}, {"fiscalDateEnding": "2006-03-31", "reportedCurrency": "USD", "grossProfit": "17772000", "totalRevenue": "265122000", "costOfRevenue": "247350000", "costofGoodsAndServicesSold": "247350000", "operatingIncome": "77168000", "sellingGeneralAndAdministrative": "33705000", "researchAndDevelopment": "16097000", "operatingExpenses": "-59396000", "investmentIncomeNet": "None", "netInterestIncome": "None", "interestIncome": "None", "interestExpense": "0", "nonInterestIncome": "None", "otherNonOperatingIncome": "None", "depreciation": "None", "depreciationAndAmortization": "60613000", "incomeBeforeTax": "-77164000", "incomeTaxExpense": "-26791000", "interestAndDebtExpense": "None", "netIncomeFromContinuingOperations": "0", "comprehensiveIncomeNetOfTax": "None", "ebit": "-77164000", "ebitda": "-16551000", "netIncome": "-50373000"}, {"fiscalDateEnding": "2005-12-31", "reportedCurrency": "USD", "grossProfit": "55667000", "totalRevenue": "264981000", "costOfRevenue": "209314000", "costofGoodsAndServicesSold": "209314000", "operatingIncome": "-48790000", "sellingGeneralAndAdministrative": "38453000", "researchAndDevelopment": "17709000", "operatingExpenses": "104457000", "investmentIncomeNet": "None", "netInterestIncome": "None", "interestIncome": "None", "interestExpense": "0", "nonInterestIncome": "None", "otherNonOperatingIncome": "None", "depreciation": "None", "depreciationAndAmortization": "36559000", "incomeBeforeTax": "-48537000", "incomeTaxExpense": "-19415000", "interestAndDebtExpense": "None", "netIncomeFromContinuingOperations": "0", "comprehensiveIncomeNetOfTax": "None", "ebit": "-48790000", "ebitda": "-12231000", "netIncome": "-29122000"}, {"fiscalDateEnding": "2005-09-30", "reportedCurrency": "USD", "grossProfit": "77374000", "totalRevenue": "169899000", "costOfRevenue": "92525000", "costofGoodsAndServicesSold": "92525000", "operatingIncome": "-13029000", "sellingGeneralAndAdministrative": "71866000", "researchAndDevelopment": "23782000", "operatingExpenses": "90403000", "investmentIncomeNet": "None", "netInterestIncome": "None", "interestIncome": "None", "interestExpense": "0", "nonInterestIncome": "None", "otherNonOperatingIncome": "None", "depreciation": "None", "depreciationAndAmortization": "22609000", "incomeBeforeTax": "-41422000", "incomeTaxExpense": "-12642000", "interestAndDebtExpense": "None", "netIncomeFromContinuingOperations": "0", "comprehensiveIncomeNetOfTax": "None", "ebit": "-13029000", "ebitda": "9580000", "netIncome": "-28780000"}, {"fiscalDateEnding": "2005-06-30", "reportedCurrency": "USD", "grossProfit": "77374000", "totalRevenue": "169899000", "costOfRevenue": "92525000", "costofGoodsAndServicesSold": "92525000", "operatingIncome": "-42683000", "sellingGeneralAndAdministrative": "32539000", "researchAndDevelopment": "23782000", "operatingExpenses": "90403000", "investmentIncomeNet": "None", "netInterestIncome": "None", "interestIncome": "None", "interestExpense": "0", "nonInterestIncome": "None", "otherNonOperatingIncome": "None", "depreciation": "None", "depreciationAndAmortization": "22609000", "incomeBeforeTax": "-41422000", "incomeTaxExpense": "-12642000", "interestAndDebtExpense": "None", "netIncomeFromContinuingOperations": "0", "comprehensiveIncomeNetOfTax": "None", "ebit": "-58340000", "ebitda": "-35731000", "netIncome": "-28780000"}, {"fiscalDateEnding": "2005-03-31", "reportedCurrency": "USD", "grossProfit": "93784000", "totalRevenue": "222068000", "costOfRevenue": "128284000", "costofGoodsAndServicesSold": "128284000", "operatingIncome": "-12021000", "sellingGeneralAndAdministrative": "12900", "researchAndDevelopment": "13785000", "operatingExpenses": "83867000", "investmentIncomeNet": "None", "netInterestIncome": "None", "interestIncome": "None", "interestExpense": "0", "nonInterestIncome": "None", "otherNonOperatingIncome": "None", "depreciation": "None", "depreciationAndAmortization": "26584000", "incomeBeforeTax": "-10857000", "incomeTaxExpense": "-2671000", "interestAndDebtExpense": "None", "netIncomeFromContinuingOperations": "0", "comprehensiveIncomeNetOfTax": "None", "ebit": "-10857000", "ebitda": "15727000", "netIncome": "-8186000"}, {"fiscalDateEnding": "2004-12-31", "reportedCurrency": "USD", "grossProfit": "180575000", "totalRevenue": "502474000", "costOfRevenue": "321899000", "costofGoodsAndServicesSold": "321899000", "operatingIncome": "107821000", "sellingGeneralAndAdministrative": "28687000", "researchAndDevelopment": "23417000", "operatingExpenses": "72754000", "investmentIncomeNet": "None", "netInterestIncome": "None", "interestIncome": "None", "interestExpense": "0", "nonInterestIncome": "None", "otherNonOperatingIncome": "None", "depreciation": "None", "depreciationAndAmortization": "27539000", "incomeBeforeTax": "73294000", "incomeTaxExpense": "18045000", "interestAndDebtExpense": "None", "netIncomeFromContinuingOperations": "0", "comprehensiveIncomeNetOfTax": "None", "ebit": "107821000", "ebitda": "135360000", "netIncome": "55249000"}]}