{"symbol": "COO", "annualReports": [{"fiscalDateEnding": "2024-10-31", "reportedCurrency": "USD", "grossProfit": "2595700000", "totalRevenue": "3895400000", "costOfRevenue": "1299700000", "costofGoodsAndServicesSold": "1299700000", "operatingIncome": "705700000", "sellingGeneralAndAdministrative": "1533700000", "researchAndDevelopment": "155100000", "operatingExpenses": "1890000000", "investmentIncomeNet": "None", "netInterestIncome": "-114300000", "interestIncome": "None", "interestExpense": "114300000", "nonInterestIncome": "None", "otherNonOperatingIncome": "None", "depreciation": "None", "depreciationAndAmortization": "9100000", "incomeBeforeTax": "582300000", "incomeTaxExpense": "190000000", "interestAndDebtExpense": "None", "netIncomeFromContinuingOperations": "392300000", "comprehensiveIncomeNetOfTax": "None", "ebit": "696600000", "ebitda": "705700000", "netIncome": "392300000"}, {"fiscalDateEnding": "2023-10-31", "reportedCurrency": "USD", "grossProfit": "2357900000", "totalRevenue": "3593200000", "costOfRevenue": "1235300000", "costofGoodsAndServicesSold": "1235300000", "operatingIncome": "533100000", "sellingGeneralAndAdministrative": "1501200000", "researchAndDevelopment": "137400000", "operatingExpenses": "1824800000", "investmentIncomeNet": "None", "netInterestIncome": "-105300000", "interestIncome": "None", "interestExpense": "105300000", "nonInterestIncome": "None", "otherNonOperatingIncome": "None", "depreciation": "None", "depreciationAndAmortization": "367700000", "incomeBeforeTax": "412900000", "incomeTaxExpense": "118700000", "interestAndDebtExpense": "None", "netIncomeFromContinuingOperations": "294200000", "comprehensiveIncomeNetOfTax": "None", "ebit": "518200000", "ebitda": "885900000", "netIncome": "294200000"}, {"fiscalDateEnding": "2022-10-31", "reportedCurrency": "USD", "grossProfit": "2139600000", "totalRevenue": "3308400000", "costOfRevenue": "1168800000", "costofGoodsAndServicesSold": "1168800000", "operatingIncome": "507600000", "sellingGeneralAndAdministrative": "1342200000", "researchAndDevelopment": "110300000", "operatingExpenses": "1632000000", "investmentIncomeNet": "None", "netInterestIncome": "-57300000", "interestIncome": "57300000", "interestExpense": "57300000", "nonInterestIncome": "None", "otherNonOperatingIncome": "25000000", "depreciation": "None", "depreciationAndAmortization": "378300000", "incomeBeforeTax": "475300000", "incomeTaxExpense": "89500000", "interestAndDebtExpense": "None", "netIncomeFromContinuingOperations": "385800000", "comprehensiveIncomeNetOfTax": "None", "ebit": "530300000", "ebitda": "908600000", "netIncome": "385800000"}, {"fiscalDateEnding": "2021-10-31", "reportedCurrency": "USD", "grossProfit": "1955800000", "totalRevenue": "2922500000", "costOfRevenue": "966700000", "costofGoodsAndServicesSold": "966700000", "operatingIncome": "505800000", "sellingGeneralAndAdministrative": "1211200000", "researchAndDevelopment": "92700000", "operatingExpenses": "1450000000", "investmentIncomeNet": "None", "netInterestIncome": "-23100000", "interestIncome": "23100000", "interestExpense": "23100000", "nonInterestIncome": "None", "otherNonOperatingIncome": "8800000", "depreciation": "None", "depreciationAndAmortization": "341100000", "incomeBeforeTax": "491500000", "incomeTaxExpense": "-2453200000", "interestAndDebtExpense": "None", "netIncomeFromContinuingOperations": "2944700000", "comprehensiveIncomeNetOfTax": "None", "ebit": "522600000", "ebitda": "863700000", "netIncome": "2944700000"}, {"fiscalDateEnding": "2020-10-31", "reportedCurrency": "USD", "grossProfit": "1534800000", "totalRevenue": "2430900000", "costOfRevenue": "896100000", "costofGoodsAndServicesSold": "896100000", "operatingIncome": "311800000", "sellingGeneralAndAdministrative": "992500000", "researchAndDevelopment": "93300000", "operatingExpenses": "1223000000", "investmentIncomeNet": "None", "netInterestIncome": "-36800000", "interestIncome": "36800000", "interestExpense": "36800000", "nonInterestIncome": "None", "otherNonOperatingIncome": "-8500000", "depreciation": "None", "depreciationAndAmortization": "319600000", "incomeBeforeTax": "266500000", "incomeTaxExpense": "28100000", "interestAndDebtExpense": "None", "netIncomeFromContinuingOperations": "238400000", "comprehensiveIncomeNetOfTax": "None", "ebit": "303300000", "ebitda": "622900000", "netIncome": "238400000"}, {"fiscalDateEnding": "2019-10-31", "reportedCurrency": "USD", "grossProfit": "1756800000", "totalRevenue": "2653400000", "costOfRevenue": "896600000", "costofGoodsAndServicesSold": "896600000", "operatingIncome": "546700000", "sellingGeneralAndAdministrative": "996600000", "researchAndDevelopment": "86700000", "operatingExpenses": "1229100000", "investmentIncomeNet": "None", "netInterestIncome": "-68000000", "interestIncome": "70200000", "interestExpense": "68000000", "nonInterestIncome": "None", "otherNonOperatingIncome": "-1300000", "depreciation": "None", "depreciationAndAmortization": "280800000", "incomeBeforeTax": "477400000", "incomeTaxExpense": "10700000", "interestAndDebtExpense": "None", "netIncomeFromContinuingOperations": "466700000", "comprehensiveIncomeNetOfTax": "None", "ebit": "545400000", "ebitda": "826200000", "netIncome": "466700000"}, {"fiscalDateEnding": "2018-10-31", "reportedCurrency": "USD", "grossProfit": "1632300000", "totalRevenue": "2532800000", "costOfRevenue": "900500000", "costofGoodsAndServicesSold": "900500000", "operatingIncome": "403100000", "sellingGeneralAndAdministrative": "973300000", "researchAndDevelopment": "84800000", "operatingExpenses": "1204800000", "investmentIncomeNet": "None", "netInterestIncome": "-82700000", "interestIncome": "86100000", "interestExpense": "82700000", "nonInterestIncome": "None", "otherNonOperatingIncome": "11500000", "depreciation": "None", "depreciationAndAmortization": "275100000", "incomeBeforeTax": "331900000", "incomeTaxExpense": "192000000", "interestAndDebtExpense": "None", "netIncomeFromContinuingOperations": "139900000", "comprehensiveIncomeNetOfTax": "None", "ebit": "414600000", "ebitda": "689700000", "netIncome": "139900000"}, {"fiscalDateEnding": "2017-10-31", "reportedCurrency": "USD", "grossProfit": "1365800000", "totalRevenue": "2139000000", "costOfRevenue": "773200000", "costofGoodsAndServicesSold": "773200000", "operatingIncome": "429100000", "sellingGeneralAndAdministrative": "799100000", "researchAndDevelopment": "69200000", "operatingExpenses": "936700000", "investmentIncomeNet": "None", "netInterestIncome": "-33400000", "interestIncome": "34800000", "interestExpense": "33400000", "nonInterestIncome": "None", "otherNonOperatingIncome": "-1700000", "depreciation": "None", "depreciationAndAmortization": "188400000", "incomeBeforeTax": "394000000", "incomeTaxExpense": "21100000", "interestAndDebtExpense": "None", "netIncomeFromContinuingOperations": "372900000", "comprehensiveIncomeNetOfTax": "None", "ebit": "425200000", "ebitda": "613600000", "netIncome": "372900000"}, {"fiscalDateEnding": "2016-10-31", "reportedCurrency": "USD", "grossProfit": "1173079000", "totalRevenue": "1966814000", "costOfRevenue": "793735000", "costofGoodsAndServicesSold": "793735000", "operatingIncome": "324080000", "sellingGeneralAndAdministrative": "722798000", "researchAndDevelopment": "65411000", "operatingExpenses": "848999000", "investmentIncomeNet": "None", "netInterestIncome": "-26190000", "interestIncome": "27790000", "interestExpense": "26190000", "nonInterestIncome": "None", "otherNonOperatingIncome": "-2300000", "depreciation": "None", "depreciationAndAmortization": "198300000", "incomeBeforeTax": "295633000", "incomeTaxExpense": "20699000", "interestAndDebtExpense": "None", "netIncomeFromContinuingOperations": "274934000", "comprehensiveIncomeNetOfTax": "None", "ebit": "321800000", "ebitda": "520100000", "netIncome": "273917000"}, {"fiscalDateEnding": "2015-10-31", "reportedCurrency": "USD", "grossProfit": "1070262000", "totalRevenue": "1797060000", "costOfRevenue": "726798000", "costofGoodsAndServicesSold": "726798000", "operatingIncome": "236671000", "sellingGeneralAndAdministrative": "712543000", "researchAndDevelopment": "69589000", "operatingExpenses": "833591000", "investmentIncomeNet": "None", "netInterestIncome": "None", "interestIncome": "18103000", "interestExpense": "18103000", "nonInterestIncome": "None", "otherNonOperatingIncome": "-3083000", "depreciation": "None", "depreciationAndAmortization": "51459000", "incomeBeforeTax": "215485000", "incomeTaxExpense": "10341000", "interestAndDebtExpense": "None", "netIncomeFromContinuingOperations": "205144000", "comprehensiveIncomeNetOfTax": "None", "ebit": "373541000", "ebitda": "425000000", "netIncome": "203523000"}, {"fiscalDateEnding": "2014-10-31", "reportedCurrency": "USD", "grossProfit": "1091570000", "totalRevenue": "1717776000", "costOfRevenue": "626206000", "costofGoodsAndServicesSold": "626206000", "operatingIncome": "306486000", "sellingGeneralAndAdministrative": "683115000", "researchAndDevelopment": "66259000", "operatingExpenses": "785084000", "investmentIncomeNet": "None", "netInterestIncome": "None", "interestIncome": "None", "interestExpense": "7965000", "nonInterestIncome": "None", "otherNonOperatingIncome": "-1987000", "depreciation": "None", "depreciationAndAmortization": "35710000", "incomeBeforeTax": "296534000", "incomeTaxExpense": "24705000", "interestAndDebtExpense": "None", "netIncomeFromContinuingOperations": "271829000", "comprehensiveIncomeNetOfTax": "None", "ebit": "406990000", "ebitda": "442700000", "netIncome": "269856000"}, {"fiscalDateEnding": "2013-10-31", "reportedCurrency": "USD", "grossProfit": "1026808000", "totalRevenue": "1587725000", "costOfRevenue": "560917000", "costofGoodsAndServicesSold": "560917000", "operatingIncome": "305945000", "sellingGeneralAndAdministrative": "596651000", "researchAndDevelopment": "58827000", "operatingExpenses": "685717000", "investmentIncomeNet": "None", "netInterestIncome": "None", "interestIncome": "None", "interestExpense": "9168000", "nonInterestIncome": "None", "otherNonOperatingIncome": "1410000", "depreciation": "None", "depreciationAndAmortization": "30239000", "incomeBeforeTax": "312271000", "incomeTaxExpense": "15365000", "interestAndDebtExpense": "None", "netIncomeFromContinuingOperations": "296906000", "comprehensiveIncomeNetOfTax": "None", "ebit": "416549000", "ebitda": "446788000", "netIncome": "296151000"}, {"fiscalDateEnding": "2012-10-31", "reportedCurrency": "USD", "grossProfit": "924010000", "totalRevenue": "1445136000", "costOfRevenue": "521126000", "costofGoodsAndServicesSold": "521126000", "operatingIncome": "283398000", "sellingGeneralAndAdministrative": "559903000", "researchAndDevelopment": "51730000", "operatingExpenses": "635612000", "investmentIncomeNet": "None", "netInterestIncome": "None", "interestIncome": "None", "interestExpense": "11771000", "nonInterestIncome": "None", "otherNonOperatingIncome": "-1175000", "depreciation": "None", "depreciationAndAmortization": "23979000", "incomeBeforeTax": "275452000", "incomeTaxExpense": "26808000", "interestAndDebtExpense": "None", "netIncomeFromContinuingOperations": "248644000", "comprehensiveIncomeNetOfTax": "None", "ebit": "374458000", "ebitda": "398437000", "netIncome": "248339000"}, {"fiscalDateEnding": "2011-10-31", "reportedCurrency": "USD", "grossProfit": "804804000", "totalRevenue": "1330835000", "costOfRevenue": "526031000", "costofGoodsAndServicesSold": "526031000", "operatingIncome": "227556000", "sellingGeneralAndAdministrative": "513138000", "researchAndDevelopment": "43581000", "operatingExpenses": "577248000", "investmentIncomeNet": "None", "netInterestIncome": "None", "interestIncome": "None", "interestExpense": "17342000", "nonInterestIncome": "None", "otherNonOperatingIncome": "-17450000", "depreciation": "None", "depreciationAndAmortization": "20529000", "incomeBeforeTax": "192764000", "incomeTaxExpense": "17334000", "interestAndDebtExpense": "None", "netIncomeFromContinuingOperations": "175430000", "comprehensiveIncomeNetOfTax": "None", "ebit": "284826000", "ebitda": "305355000", "netIncome": "175430000"}, {"fiscalDateEnding": "2010-10-31", "reportedCurrency": "USD", "grossProfit": "676723000", "totalRevenue": "1158517000", "costOfRevenue": "481794000", "costofGoodsAndServicesSold": "481794000", "operatingIncome": "189912000", "sellingGeneralAndAdministrative": "433057000", "researchAndDevelopment": "35274000", "operatingExpenses": "486387000", "investmentIncomeNet": "None", "netInterestIncome": "None", "interestIncome": "None", "interestExpense": "36668000", "nonInterestIncome": "None", "otherNonOperatingIncome": "-1068000", "depreciation": "None", "depreciationAndAmortization": "18056000", "incomeBeforeTax": "124426000", "incomeTaxExpense": "11623000", "interestAndDebtExpense": "None", "netIncomeFromContinuingOperations": "112803000", "comprehensiveIncomeNetOfTax": "None", "ebit": "226839000", "ebitda": "244895000", "netIncome": "112803000"}, {"fiscalDateEnding": "2009-10-31", "reportedCurrency": "USD", "grossProfit": "596494000", "totalRevenue": "1080421000", "costOfRevenue": "483927000", "costofGoodsAndServicesSold": "483927000", "operatingIncome": "149856000", "sellingGeneralAndAdministrative": "391593000", "researchAndDevelopment": "33298000", "operatingExpenses": "442751000", "investmentIncomeNet": "None", "netInterestIncome": "None", "interestIncome": "None", "interestExpense": "44143000", "nonInterestIncome": "None", "otherNonOperatingIncome": "None", "depreciation": "None", "depreciationAndAmortization": "17860000", "incomeBeforeTax": "114828000", "incomeTaxExpense": "14280000", "interestAndDebtExpense": "None", "netIncomeFromContinuingOperations": "None", "comprehensiveIncomeNetOfTax": "None", "ebit": "220713000", "ebitda": "238573000", "netIncome": "100548000"}, {"fiscalDateEnding": "2008-10-31", "reportedCurrency": "USD", "grossProfit": "610030000", "totalRevenue": "1063176000", "costOfRevenue": "453146000", "costofGoodsAndServicesSold": "453146000", "operatingIncome": "126963000", "sellingGeneralAndAdministrative": "429304000", "researchAndDevelopment": "35468000", "operatingExpenses": "481546000", "investmentIncomeNet": "None", "netInterestIncome": "None", "interestIncome": "None", "interestExpense": "53770000", "nonInterestIncome": "None", "otherNonOperatingIncome": "None", "depreciation": "None", "depreciationAndAmortization": "82185000", "incomeBeforeTax": "76207000", "incomeTaxExpense": "10731000", "interestAndDebtExpense": "None", "netIncomeFromContinuingOperations": "None", "comprehensiveIncomeNetOfTax": "None", "ebit": "124091000", "ebitda": "206276000", "netIncome": "65476000"}, {"fiscalDateEnding": "2007-10-31", "reportedCurrency": "USD", "grossProfit": "519531000", "totalRevenue": "950641000", "costOfRevenue": "431110000", "costofGoodsAndServicesSold": "431110000", "operatingIncome": "45854000", "sellingGeneralAndAdministrative": "407951000", "researchAndDevelopment": "39858000", "operatingExpenses": "464003000", "investmentIncomeNet": "None", "netInterestIncome": "None", "interestIncome": "None", "interestExpense": "67503000", "nonInterestIncome": "None", "otherNonOperatingIncome": "None", "depreciation": "None", "depreciationAndAmortization": "84511000", "incomeBeforeTax": "672000", "incomeTaxExpense": "11864000", "interestAndDebtExpense": "None", "netIncomeFromContinuingOperations": "None", "comprehensiveIncomeNetOfTax": "None", "ebit": "42455000", "ebitda": "126966000", "netIncome": "-11192000"}, {"fiscalDateEnding": "2006-10-31", "reportedCurrency": "USD", "grossProfit": "525977000", "totalRevenue": "858960000", "costOfRevenue": "332983000", "costofGoodsAndServicesSold": "332983000", "operatingIncome": "112900000", "sellingGeneralAndAdministrative": "357842000", "researchAndDevelopment": "34547000", "operatingExpenses": "406692000", "investmentIncomeNet": "None", "netInterestIncome": "None", "interestIncome": "None", "interestExpense": "58650000", "nonInterestIncome": "None", "otherNonOperatingIncome": "None", "depreciation": "None", "depreciationAndAmortization": "61647000", "incomeBeforeTax": "73337000", "incomeTaxExpense": "7103000", "interestAndDebtExpense": "None", "netIncomeFromContinuingOperations": "None", "comprehensiveIncomeNetOfTax": "None", "ebit": "106583000", "ebitda": "168230000", "netIncome": "66234000"}, {"fiscalDateEnding": "2005-10-31", "reportedCurrency": "USD", "grossProfit": "496832000", "totalRevenue": "806617000", "costOfRevenue": "309785000", "costofGoodsAndServicesSold": "309785000", "operatingIncome": "135834000", "sellingGeneralAndAdministrative": "297953000", "researchAndDevelopment": "42879000", "operatingExpenses": "352536000", "investmentIncomeNet": "None", "netInterestIncome": "None", "interestIncome": "None", "interestExpense": "43555000", "nonInterestIncome": "None", "otherNonOperatingIncome": "None", "depreciation": "None", "depreciationAndAmortization": "48638000", "incomeBeforeTax": "108457000", "incomeTaxExpense": "16735000", "interestAndDebtExpense": "None", "netIncomeFromContinuingOperations": "None", "comprehensiveIncomeNetOfTax": "None", "ebit": "84315999", "ebitda": "132953999", "netIncome": "91722000"}], "quarterlyReports": [{"fiscalDateEnding": "2025-01-31", "reportedCurrency": "USD", "grossProfit": "660200000", "totalRevenue": "964700000", "costOfRevenue": "304500000", "costofGoodsAndServicesSold": "304500000", "operatingIncome": "182000000", "sellingGeneralAndAdministrative": "387900000", "researchAndDevelopment": "40700000", "operatingExpenses": "478200000", "investmentIncomeNet": "None", "netInterestIncome": "-26000000", "interestIncome": "None", "interestExpense": "26000000", "nonInterestIncome": "None", "otherNonOperatingIncome": "None", "depreciation": "None", "depreciationAndAmortization": "2700000", "incomeBeforeTax": "153300000", "incomeTaxExpense": "49000000", "interestAndDebtExpense": "None", "netIncomeFromContinuingOperations": "104300000", "comprehensiveIncomeNetOfTax": "None", "ebit": "179300000", "ebitda": "182000000", "netIncome": "104300000"}, {"fiscalDateEnding": "2024-10-31", "reportedCurrency": "USD", "grossProfit": "677700000", "totalRevenue": "1018400000", "costOfRevenue": "340700000", "costofGoodsAndServicesSold": "340700000", "operatingIncome": "198400000", "sellingGeneralAndAdministrative": "391400000", "researchAndDevelopment": "37700000", "operatingExpenses": "479300000", "investmentIncomeNet": "None", "netInterestIncome": "-27000000", "interestIncome": "None", "interestExpense": "27000000", "nonInterestIncome": "None", "otherNonOperatingIncome": "None", "depreciation": "None", "depreciationAndAmortization": "None", "incomeBeforeTax": "168600000", "incomeTaxExpense": "51100000", "interestAndDebtExpense": "None", "netIncomeFromContinuingOperations": "117500000", "comprehensiveIncomeNetOfTax": "None", "ebit": "None", "ebitda": "198400000", "netIncome": "117500000"}, {"fiscalDateEnding": "2024-07-31", "reportedCurrency": "USD", "grossProfit": "612600000", "totalRevenue": "1002800000", "costOfRevenue": "390200000", "costofGoodsAndServicesSold": "390200000", "operatingIncome": "192500000", "sellingGeneralAndAdministrative": "381100000", "researchAndDevelopment": "39000000", "operatingExpenses": "420100000", "investmentIncomeNet": "None", "netInterestIncome": "-28500000", "interestIncome": "None", "interestExpense": "28500000", "nonInterestIncome": "None", "otherNonOperatingIncome": "None", "depreciation": "None", "depreciationAndAmortization": "89000000", "incomeBeforeTax": "163700000", "incomeTaxExpense": "59000000", "interestAndDebtExpense": "None", "netIncomeFromContinuingOperations": "104700000", "comprehensiveIncomeNetOfTax": "None", "ebit": "192200000", "ebitda": "281200000", "netIncome": "104700000"}, {"fiscalDateEnding": "2024-04-30", "reportedCurrency": "USD", "grossProfit": "580900000", "totalRevenue": "942600000", "costOfRevenue": "361700000", "costofGoodsAndServicesSold": "361700000", "operatingIncome": "161700000", "sellingGeneralAndAdministrative": "380300000", "researchAndDevelopment": "38900000", "operatingExpenses": "419200000", "investmentIncomeNet": "None", "netInterestIncome": "-28900000", "interestIncome": "None", "interestExpense": "28900000", "nonInterestIncome": "None", "otherNonOperatingIncome": "None", "depreciation": "None", "depreciationAndAmortization": "98300000", "incomeBeforeTax": "130000000", "incomeTaxExpense": "41100000", "interestAndDebtExpense": "None", "netIncomeFromContinuingOperations": "88900000", "comprehensiveIncomeNetOfTax": "None", "ebit": "172500000", "ebitda": "270800000", "netIncome": "88900000"}, {"fiscalDateEnding": "2024-01-31", "reportedCurrency": "USD", "grossProfit": "573500000", "totalRevenue": "931600000", "costOfRevenue": "358100000", "costofGoodsAndServicesSold": "358100000", "operatingIncome": "153100000", "sellingGeneralAndAdministrative": "380900000", "researchAndDevelopment": "39500000", "operatingExpenses": "420400000", "investmentIncomeNet": "None", "netInterestIncome": "-29900000", "interestIncome": "None", "interestExpense": "43500000", "nonInterestIncome": "None", "otherNonOperatingIncome": "None", "depreciation": "None", "depreciationAndAmortization": "96800000", "incomeBeforeTax": "120000000", "incomeTaxExpense": "38800000", "interestAndDebtExpense": "None", "netIncomeFromContinuingOperations": "81200000", "comprehensiveIncomeNetOfTax": "None", "ebit": "163500000", "ebitda": "260300000", "netIncome": "81200000"}, {"fiscalDateEnding": "2023-10-31", "reportedCurrency": "USD", "grossProfit": "606500000", "totalRevenue": "927100000", "costOfRevenue": "320600000", "costofGoodsAndServicesSold": "320600000", "operatingIncome": "135700000", "sellingGeneralAndAdministrative": "387600000", "researchAndDevelopment": "36700000", "operatingExpenses": "470800000", "investmentIncomeNet": "None", "netInterestIncome": "-26300000", "interestIncome": "None", "interestExpense": "26300000", "nonInterestIncome": "None", "otherNonOperatingIncome": "None", "depreciation": "None", "depreciationAndAmortization": "132699999", "incomeBeforeTax": "106400000", "incomeTaxExpense": "21900000", "interestAndDebtExpense": "None", "netIncomeFromContinuingOperations": "84500000", "comprehensiveIncomeNetOfTax": "None", "ebit": "92700001", "ebitda": "225400000", "netIncome": "84500000"}, {"fiscalDateEnding": "2023-07-31", "reportedCurrency": "USD", "grossProfit": "610000000", "totalRevenue": "930200000", "costOfRevenue": "320200000", "costofGoodsAndServicesSold": "320200000", "operatingIncome": "151600000", "sellingGeneralAndAdministrative": "375200000", "researchAndDevelopment": "36500000", "operatingExpenses": "458400000", "investmentIncomeNet": "None", "netInterestIncome": "-26800000", "interestIncome": "31100000", "interestExpense": "26800000", "nonInterestIncome": "None", "otherNonOperatingIncome": "None", "depreciation": "None", "depreciationAndAmortization": "94500000", "incomeBeforeTax": "118800000", "incomeTaxExpense": "33500000", "interestAndDebtExpense": "None", "netIncomeFromContinuingOperations": "85300000", "comprehensiveIncomeNetOfTax": "None", "ebit": "133500000", "ebitda": "228000000", "netIncome": "85300000"}, {"fiscalDateEnding": "2023-04-30", "reportedCurrency": "USD", "grossProfit": "582900000", "totalRevenue": "877400000", "costOfRevenue": "294500000", "costofGoodsAndServicesSold": "294500000", "operatingIncome": "96300000", "sellingGeneralAndAdministrative": "407500000", "researchAndDevelopment": "32600000", "operatingExpenses": "486600000", "investmentIncomeNet": "None", "netInterestIncome": "-26100000", "interestIncome": "26100000", "interestExpense": "26100000", "nonInterestIncome": "None", "otherNonOperatingIncome": "-4600000", "depreciation": "None", "depreciationAndAmortization": "90800000", "incomeBeforeTax": "65600000", "incomeTaxExpense": "25800000", "interestAndDebtExpense": "None", "netIncomeFromContinuingOperations": "39800000", "comprehensiveIncomeNetOfTax": "None", "ebit": "91700000", "ebitda": "182500000", "netIncome": "39800000"}, {"fiscalDateEnding": "2023-01-31", "reportedCurrency": "USD", "grossProfit": "558500000", "totalRevenue": "858500000", "costOfRevenue": "300000000", "costofGoodsAndServicesSold": "300000000", "operatingIncome": "149500000", "sellingGeneralAndAdministrative": "330900000", "researchAndDevelopment": "31600000", "operatingExpenses": "409000000", "investmentIncomeNet": "None", "netInterestIncome": "-26100000", "interestIncome": "26100000", "interestExpense": "26100000", "nonInterestIncome": "None", "otherNonOperatingIncome": "-1300000", "depreciation": "None", "depreciationAndAmortization": "89700000", "incomeBeforeTax": "122100000", "incomeTaxExpense": "37500000", "interestAndDebtExpense": "None", "netIncomeFromContinuingOperations": "84600000", "comprehensiveIncomeNetOfTax": "None", "ebit": "148200000", "ebitda": "237900000", "netIncome": "84600000"}, {"fiscalDateEnding": "2022-10-31", "reportedCurrency": "USD", "grossProfit": "536600000", "totalRevenue": "848100000", "costOfRevenue": "311500000", "costofGoodsAndServicesSold": "311500000", "operatingIncome": "103500000", "sellingGeneralAndAdministrative": "358000000", "researchAndDevelopment": "29100000", "operatingExpenses": "433100000", "investmentIncomeNet": "None", "netInterestIncome": "-22800000", "interestIncome": "22800000", "interestExpense": "22800000", "nonInterestIncome": "None", "otherNonOperatingIncome": "-8300000", "depreciation": "None", "depreciationAndAmortization": "121200000", "incomeBeforeTax": "72400000", "incomeTaxExpense": "6800000", "interestAndDebtExpense": "None", "netIncomeFromContinuingOperations": "65500000", "comprehensiveIncomeNetOfTax": "None", "ebit": "90500000", "ebitda": "211700000", "netIncome": "65600000"}, {"fiscalDateEnding": "2022-07-31", "reportedCurrency": "USD", "grossProfit": "552100000", "totalRevenue": "843400000", "costOfRevenue": "291300000", "costofGoodsAndServicesSold": "291300000", "operatingIncome": "140600000", "sellingGeneralAndAdministrative": "342700000", "researchAndDevelopment": "28700000", "operatingExpenses": "411500000", "investmentIncomeNet": "None", "netInterestIncome": "-17100000", "interestIncome": "22000000", "interestExpense": "17100000", "nonInterestIncome": "None", "otherNonOperatingIncome": "-6200000", "depreciation": "None", "depreciationAndAmortization": "81700000", "incomeBeforeTax": "117300000", "incomeTaxExpense": "18900000", "interestAndDebtExpense": "None", "netIncomeFromContinuingOperations": "98400000", "comprehensiveIncomeNetOfTax": "None", "ebit": "133500000", "ebitda": "215200000", "netIncome": "98400000"}, {"fiscalDateEnding": "2022-04-30", "reportedCurrency": "USD", "grossProfit": "532500000", "totalRevenue": "829800000", "costOfRevenue": "297300000", "costofGoodsAndServicesSold": "297300000", "operatingIncome": "132700000", "sellingGeneralAndAdministrative": "322400000", "researchAndDevelopment": "26300000", "operatingExpenses": "399800000", "investmentIncomeNet": "None", "netInterestIncome": "-10800000", "interestIncome": "30600000", "interestExpense": "10800000", "nonInterestIncome": "None", "otherNonOperatingIncome": "41800000", "depreciation": "None", "depreciationAndAmortization": "93400000", "incomeBeforeTax": "163700000", "incomeTaxExpense": "37100000", "interestAndDebtExpense": "None", "netIncomeFromContinuingOperations": "126600000", "comprehensiveIncomeNetOfTax": "None", "ebit": "175900000", "ebitda": "269300000", "netIncome": "126600000"}, {"fiscalDateEnding": "2022-01-31", "reportedCurrency": "USD", "grossProfit": "518400000", "totalRevenue": "787200000", "costOfRevenue": "268800000", "costofGoodsAndServicesSold": "268800000", "operatingIncome": "130800000", "sellingGeneralAndAdministrative": "319100000", "researchAndDevelopment": "26200000", "operatingExpenses": "387600000", "investmentIncomeNet": "None", "netInterestIncome": "-6600000", "interestIncome": "9900000", "interestExpense": "6600000", "nonInterestIncome": "None", "otherNonOperatingIncome": "-2300000", "depreciation": "None", "depreciationAndAmortization": "82000000", "incomeBeforeTax": "121900000", "incomeTaxExpense": "26600000", "interestAndDebtExpense": "None", "netIncomeFromContinuingOperations": "95300000", "comprehensiveIncomeNetOfTax": "None", "ebit": "130400000", "ebitda": "212400000", "netIncome": "95300000"}, {"fiscalDateEnding": "2021-10-31", "reportedCurrency": "USD", "grossProfit": "501900000", "totalRevenue": "759100000", "costOfRevenue": "257200000", "costofGoodsAndServicesSold": "257200000", "operatingIncome": "128600000", "sellingGeneralAndAdministrative": "311600000", "researchAndDevelopment": "25600000", "operatingExpenses": "373300000", "investmentIncomeNet": "None", "netInterestIncome": "-5000000", "interestIncome": "5000000", "interestExpense": "5000000", "nonInterestIncome": "None", "otherNonOperatingIncome": "-2000000", "depreciation": "None", "depreciationAndAmortization": "77400000", "incomeBeforeTax": "121600000", "incomeTaxExpense": "11300000", "interestAndDebtExpense": "None", "netIncomeFromContinuingOperations": "110300000", "comprehensiveIncomeNetOfTax": "None", "ebit": "128600000", "ebitda": "206000000", "netIncome": "110300000"}, {"fiscalDateEnding": "2021-07-31", "reportedCurrency": "USD", "grossProfit": "516100000", "totalRevenue": "763400000", "costOfRevenue": "247300000", "costofGoodsAndServicesSold": "247300000", "operatingIncome": "100600000", "sellingGeneralAndAdministrative": "352500000", "researchAndDevelopment": "24800000", "operatingExpenses": "415500000", "investmentIncomeNet": "None", "netInterestIncome": "-5600000", "interestIncome": "7600000", "interestExpense": "5600000", "nonInterestIncome": "None", "otherNonOperatingIncome": "-1000000", "depreciation": "None", "depreciationAndAmortization": "160100000", "incomeBeforeTax": "94000000", "incomeTaxExpense": "-521800000", "interestAndDebtExpense": "None", "netIncomeFromContinuingOperations": "615800000", "comprehensiveIncomeNetOfTax": "None", "ebit": "101500000", "ebitda": "261600000", "netIncome": "615800000"}, {"fiscalDateEnding": "2021-04-30", "reportedCurrency": "USD", "grossProfit": "487100000", "totalRevenue": "719500000", "costOfRevenue": "232400000", "costofGoodsAndServicesSold": "232400000", "operatingIncome": "143200000", "sellingGeneralAndAdministrative": "285800000", "researchAndDevelopment": "21000000", "operatingExpenses": "343900000", "investmentIncomeNet": "None", "netInterestIncome": "-6100000", "interestIncome": "7400000", "interestExpense": "6100000", "nonInterestIncome": "None", "otherNonOperatingIncome": "-700000", "depreciation": "None", "depreciationAndAmortization": "118300000", "incomeBeforeTax": "136400000", "incomeTaxExpense": "18900000", "interestAndDebtExpense": "None", "netIncomeFromContinuingOperations": "117500000", "comprehensiveIncomeNetOfTax": "None", "ebit": "144500000", "ebitda": "262800000", "netIncome": "117500000"}, {"fiscalDateEnding": "2021-01-31", "reportedCurrency": "USD", "grossProfit": "450700000", "totalRevenue": "680500000", "costOfRevenue": "229800000", "costofGoodsAndServicesSold": "229800000", "operatingIncome": "133400000", "sellingGeneralAndAdministrative": "261200000", "researchAndDevelopment": "21400000", "operatingExpenses": "317300000", "investmentIncomeNet": "None", "netInterestIncome": "-6400000", "interestIncome": "5200000", "interestExpense": "6400000", "nonInterestIncome": "None", "otherNonOperatingIncome": "12500000", "depreciation": "None", "depreciationAndAmortization": "34700000", "incomeBeforeTax": "139500000", "incomeTaxExpense": "-1961600000", "interestAndDebtExpense": "None", "netIncomeFromContinuingOperations": "2101100000", "comprehensiveIncomeNetOfTax": "None", "ebit": "188800000", "ebitda": "223500000", "netIncome": "2101100000"}, {"fiscalDateEnding": "2020-10-31", "reportedCurrency": "USD", "grossProfit": "424000000", "totalRevenue": "681600000", "costOfRevenue": "257600000", "costofGoodsAndServicesSold": "257600000", "operatingIncome": "100100000", "sellingGeneralAndAdministrative": "264200000", "researchAndDevelopment": "25500000", "operatingExpenses": "323900000", "investmentIncomeNet": "None", "netInterestIncome": "-6700000", "interestIncome": "6700000", "interestExpense": "6700000", "nonInterestIncome": "None", "otherNonOperatingIncome": "300000", "depreciation": "None", "depreciationAndAmortization": "34200000", "incomeBeforeTax": "93700000", "incomeTaxExpense": "12500000", "interestAndDebtExpense": "None", "netIncomeFromContinuingOperations": "81200000", "comprehensiveIncomeNetOfTax": "None", "ebit": "143300000", "ebitda": "177500000", "netIncome": "81200000"}, {"fiscalDateEnding": "2020-07-31", "reportedCurrency": "USD", "grossProfit": "360800000", "totalRevenue": "578200000", "costOfRevenue": "217400000", "costofGoodsAndServicesSold": "217400000", "operatingIncome": "72000000", "sellingGeneralAndAdministrative": "232800000", "researchAndDevelopment": "21800000", "operatingExpenses": "288800000", "investmentIncomeNet": "None", "netInterestIncome": "-5700000", "interestIncome": "3300000", "interestExpense": "5700000", "nonInterestIncome": "None", "otherNonOperatingIncome": "100000", "depreciation": "None", "depreciationAndAmortization": "34200000", "incomeBeforeTax": "66400000", "incomeTaxExpense": "11200000", "interestAndDebtExpense": "None", "netIncomeFromContinuingOperations": "55200000", "comprehensiveIncomeNetOfTax": "None", "ebit": "108500000", "ebitda": "142700000", "netIncome": "55200000"}, {"fiscalDateEnding": "2020-04-30", "reportedCurrency": "USD", "grossProfit": "323500000", "totalRevenue": "524900000", "costOfRevenue": "201400000", "costofGoodsAndServicesSold": "201400000", "operatingIncome": "28600000", "sellingGeneralAndAdministrative": "237200000", "researchAndDevelopment": "23800000", "operatingExpenses": "294900000", "investmentIncomeNet": "None", "netInterestIncome": "-12800000", "interestIncome": "15200000", "interestExpense": "12800000", "nonInterestIncome": "None", "otherNonOperatingIncome": "-6800000", "depreciation": "None", "depreciationAndAmortization": "33900000", "incomeBeforeTax": "9000000", "incomeTaxExpense": "-2500000", "interestAndDebtExpense": "None", "netIncomeFromContinuingOperations": "11500000", "comprehensiveIncomeNetOfTax": "None", "ebit": "56700000", "ebitda": "90600000", "netIncome": "11500000"}, {"fiscalDateEnding": "2020-01-31", "reportedCurrency": "USD", "grossProfit": "426500000", "totalRevenue": "646200000", "costOfRevenue": "219700000", "costofGoodsAndServicesSold": "219700000", "operatingIncome": "111100000", "sellingGeneralAndAdministrative": "258300000", "researchAndDevelopment": "22200000", "operatingExpenses": "315400000", "investmentIncomeNet": "None", "netInterestIncome": "-11600000", "interestIncome": "13000000", "interestExpense": "11600000", "nonInterestIncome": "None", "otherNonOperatingIncome": "-2100000", "depreciation": "None", "depreciationAndAmortization": "34900000", "incomeBeforeTax": "97400000", "incomeTaxExpense": "6900000", "interestAndDebtExpense": "None", "netIncomeFromContinuingOperations": "90500000", "comprehensiveIncomeNetOfTax": "None", "ebit": "144700000", "ebitda": "179600000", "netIncome": "90500000"}, {"fiscalDateEnding": "2019-10-31", "reportedCurrency": "USD", "grossProfit": "455000000", "totalRevenue": "691600000", "costOfRevenue": "236600000", "costofGoodsAndServicesSold": "236600000", "operatingIncome": "146600000", "sellingGeneralAndAdministrative": "250000000", "researchAndDevelopment": "23300000", "operatingExpenses": "308400000", "investmentIncomeNet": "None", "netInterestIncome": "-14700000", "interestIncome": "18000000", "interestExpense": "14600000", "nonInterestIncome": "None", "otherNonOperatingIncome": "-3600000", "depreciation": "None", "depreciationAndAmortization": "35100000", "incomeBeforeTax": "128500000", "incomeTaxExpense": "7500000", "interestAndDebtExpense": "None", "netIncomeFromContinuingOperations": "121000000", "comprehensiveIncomeNetOfTax": "None", "ebit": "178600000", "ebitda": "213700000", "netIncome": "121000000"}, {"fiscalDateEnding": "2019-07-31", "reportedCurrency": "USD", "grossProfit": "450700000", "totalRevenue": "679400000", "costOfRevenue": "228700000", "costofGoodsAndServicesSold": "228700000", "operatingIncome": "142200000", "sellingGeneralAndAdministrative": "249800000", "researchAndDevelopment": "21500000", "operatingExpenses": "308500000", "investmentIncomeNet": "None", "netInterestIncome": "-16700000", "interestIncome": "15600000", "interestExpense": "16700000", "nonInterestIncome": "None", "otherNonOperatingIncome": "1500000", "depreciation": "None", "depreciationAndAmortization": "37200000", "incomeBeforeTax": "127000000", "incomeTaxExpense": "6900000", "interestAndDebtExpense": "None", "netIncomeFromContinuingOperations": "120100000", "comprehensiveIncomeNetOfTax": "None", "ebit": "177200000", "ebitda": "214400000", "netIncome": "120100000"}, {"fiscalDateEnding": "2019-04-30", "reportedCurrency": "USD", "grossProfit": "432600000", "totalRevenue": "654300000", "costOfRevenue": "221700000", "costofGoodsAndServicesSold": "221700000", "operatingIncome": "146900000", "sellingGeneralAndAdministrative": "246800000", "researchAndDevelopment": "21000000", "operatingExpenses": "304700000", "investmentIncomeNet": "None", "netInterestIncome": "-18500000", "interestIncome": "18900000", "interestExpense": "18500000", "nonInterestIncome": "None", "otherNonOperatingIncome": "-300000", "depreciation": "None", "depreciationAndAmortization": "36900000", "incomeBeforeTax": "128100000", "incomeTaxExpense": "5700000", "interestAndDebtExpense": "None", "netIncomeFromContinuingOperations": "133800000", "comprehensiveIncomeNetOfTax": "None", "ebit": "180400000", "ebitda": "217300000", "netIncome": "122400000"}, {"fiscalDateEnding": "2019-01-31", "reportedCurrency": "USD", "grossProfit": "418500000", "totalRevenue": "628100000", "costOfRevenue": "209600000", "costofGoodsAndServicesSold": "209600000", "operatingIncome": "110900000", "sellingGeneralAndAdministrative": "250000000", "researchAndDevelopment": "21000000", "operatingExpenses": "307600000", "investmentIncomeNet": "None", "netInterestIncome": "None", "interestIncome": "None", "interestExpense": "18200000", "nonInterestIncome": "None", "otherNonOperatingIncome": "1100000", "depreciation": "None", "depreciationAndAmortization": "36600000", "incomeBeforeTax": "93800000", "incomeTaxExpense": "-9400000", "interestAndDebtExpense": "None", "netIncomeFromContinuingOperations": "84400000", "comprehensiveIncomeNetOfTax": "None", "ebit": "144200000", "ebitda": "180800000", "netIncome": "103200000"}, {"fiscalDateEnding": "2018-10-31", "reportedCurrency": "USD", "grossProfit": "430000000", "totalRevenue": "651500000", "costOfRevenue": "221500000", "costofGoodsAndServicesSold": "221500000", "operatingIncome": "122700000", "sellingGeneralAndAdministrative": "248600000", "researchAndDevelopment": "22500000", "operatingExpenses": "307300000", "investmentIncomeNet": "None", "netInterestIncome": "None", "interestIncome": "None", "interestExpense": "22800000", "nonInterestIncome": "None", "otherNonOperatingIncome": "12900000", "depreciation": "None", "depreciationAndAmortization": "36200000", "incomeBeforeTax": "112700000", "incomeTaxExpense": "12100000", "interestAndDebtExpense": "None", "netIncomeFromContinuingOperations": "-280100000", "comprehensiveIncomeNetOfTax": "None", "ebit": "169800000", "ebitda": "206000000", "netIncome": "100600000"}, {"fiscalDateEnding": "2018-07-31", "reportedCurrency": "USD", "grossProfit": "426800000", "totalRevenue": "660000000", "costOfRevenue": "233200000", "costofGoodsAndServicesSold": "233200000", "operatingIncome": "115600000", "sellingGeneralAndAdministrative": "251000000", "researchAndDevelopment": "22500000", "operatingExpenses": "311200000", "investmentIncomeNet": "None", "netInterestIncome": "None", "interestIncome": "None", "interestExpense": "22800000", "nonInterestIncome": "None", "otherNonOperatingIncome": "-2400000", "depreciation": "None", "depreciationAndAmortization": "37700000", "incomeBeforeTax": "90400000", "incomeTaxExpense": "-10400000", "interestAndDebtExpense": "None", "netIncomeFromContinuingOperations": "100800000", "comprehensiveIncomeNetOfTax": "None", "ebit": "144500000", "ebitda": "182200000", "netIncome": "100800000"}, {"fiscalDateEnding": "2018-04-30", "reportedCurrency": "USD", "grossProfit": "404500000", "totalRevenue": "631300000", "costOfRevenue": "226800000", "costofGoodsAndServicesSold": "226800000", "operatingIncome": "74700000", "sellingGeneralAndAdministrative": "247900000", "researchAndDevelopment": "20800000", "operatingExpenses": "305400000", "investmentIncomeNet": "None", "netInterestIncome": "None", "interestIncome": "None", "interestExpense": "18700000", "nonInterestIncome": "None", "otherNonOperatingIncome": "-2000000", "depreciation": "None", "depreciationAndAmortization": "69000000", "incomeBeforeTax": "54000000", "incomeTaxExpense": "-6900000", "interestAndDebtExpense": "None", "netIncomeFromContinuingOperations": "47100000", "comprehensiveIncomeNetOfTax": "None", "ebit": "72700000", "ebitda": "141700000", "netIncome": "60900000"}, {"fiscalDateEnding": "2018-01-31", "reportedCurrency": "USD", "grossProfit": "370900000", "totalRevenue": "590000000", "costOfRevenue": "219100000", "costofGoodsAndServicesSold": "219100000", "operatingIncome": "90200000", "sellingGeneralAndAdministrative": "225900000", "researchAndDevelopment": "18800000", "operatingExpenses": "280700000", "investmentIncomeNet": "None", "netInterestIncome": "None", "interestIncome": "None", "interestExpense": "18400000", "nonInterestIncome": "None", "otherNonOperatingIncome": "3000000", "depreciation": "None", "depreciationAndAmortization": "36000000", "incomeBeforeTax": "74800000", "incomeTaxExpense": "197300000", "interestAndDebtExpense": "None", "netIncomeFromContinuingOperations": "272100000", "comprehensiveIncomeNetOfTax": "None", "ebit": "123800000", "ebitda": "159800000", "netIncome": "-122500000"}, {"fiscalDateEnding": "2017-10-31", "reportedCurrency": "USD", "grossProfit": "353400000", "totalRevenue": "561500000", "costOfRevenue": "208100000", "costofGoodsAndServicesSold": "208100000", "operatingIncome": "108500000", "sellingGeneralAndAdministrative": "208500000", "researchAndDevelopment": "18500000", "operatingExpenses": "244900000", "investmentIncomeNet": "None", "netInterestIncome": "None", "interestIncome": "None", "interestExpense": "10100000", "nonInterestIncome": "None", "otherNonOperatingIncome": "-1700000", "depreciation": "None", "depreciationAndAmortization": "17900000", "incomeBeforeTax": "96600000", "incomeTaxExpense": "8000000", "interestAndDebtExpense": "None", "netIncomeFromContinuingOperations": "88600000", "comprehensiveIncomeNetOfTax": "None", "ebit": "133800000", "ebitda": "151700000", "netIncome": "88600000"}, {"fiscalDateEnding": "2017-07-31", "reportedCurrency": "USD", "grossProfit": "356200000", "totalRevenue": "556000000", "costOfRevenue": "199800000", "costofGoodsAndServicesSold": "199800000", "operatingIncome": "112800000", "sellingGeneralAndAdministrative": "208700000", "researchAndDevelopment": "17500000", "operatingExpenses": "243400000", "investmentIncomeNet": "None", "netInterestIncome": "None", "interestIncome": "None", "interestExpense": "8300000", "nonInterestIncome": "None", "otherNonOperatingIncome": "3200000", "depreciation": "None", "depreciationAndAmortization": "17200000", "incomeBeforeTax": "107700000", "incomeTaxExpense": "4100000", "interestAndDebtExpense": "None", "netIncomeFromContinuingOperations": "103600000", "comprehensiveIncomeNetOfTax": "None", "ebit": "146000000", "ebitda": "163200000", "netIncome": "103600000"}, {"fiscalDateEnding": "2017-04-30", "reportedCurrency": "USD", "grossProfit": "343900000", "totalRevenue": "522400000", "costOfRevenue": "178500000", "costofGoodsAndServicesSold": "178500000", "operatingIncome": "117100000", "sellingGeneralAndAdministrative": "193300000", "researchAndDevelopment": "16800000", "operatingExpenses": "226800000", "investmentIncomeNet": "None", "netInterestIncome": "None", "interestIncome": "None", "interestExpense": "7700000", "nonInterestIncome": "None", "otherNonOperatingIncome": "100000", "depreciation": "None", "depreciationAndAmortization": "16700000", "incomeBeforeTax": "109500000", "incomeTaxExpense": "4600000", "interestAndDebtExpense": "None", "netIncomeFromContinuingOperations": "104900000", "comprehensiveIncomeNetOfTax": "None", "ebit": "117200000", "ebitda": "133900000", "netIncome": "104900000"}, {"fiscalDateEnding": "2017-01-31", "reportedCurrency": "USD", "grossProfit": "312400000", "totalRevenue": "499100000", "costOfRevenue": "186700000", "costofGoodsAndServicesSold": "186700000", "operatingIncome": "90700000", "sellingGeneralAndAdministrative": "188600000", "researchAndDevelopment": "16300000", "operatingExpenses": "221700000", "investmentIncomeNet": "None", "netInterestIncome": "None", "interestIncome": "None", "interestExpense": "7300000", "nonInterestIncome": "None", "otherNonOperatingIncome": "-3300000", "depreciation": "None", "depreciationAndAmortization": "16800000", "incomeBeforeTax": "80100000", "incomeTaxExpense": "4300000", "interestAndDebtExpense": "None", "netIncomeFromContinuingOperations": "75800000", "comprehensiveIncomeNetOfTax": "None", "ebit": "118400000", "ebitda": "135200000", "netIncome": "75800000"}, {"fiscalDateEnding": "2016-10-31", "reportedCurrency": "USD", "grossProfit": "295976000", "totalRevenue": "518654000", "costOfRevenue": "222678000", "costofGoodsAndServicesSold": "222678000", "operatingIncome": "74181000", "sellingGeneralAndAdministrative": "189131000", "researchAndDevelopment": "17941000", "operatingExpenses": "221795000", "investmentIncomeNet": "None", "netInterestIncome": "None", "interestIncome": "None", "interestExpense": "5321000", "nonInterestIncome": "None", "otherNonOperatingIncome": "-44000", "depreciation": "None", "depreciationAndAmortization": "14723000", "incomeBeforeTax": "68851000", "incomeTaxExpense": "8357000", "interestAndDebtExpense": "None", "netIncomeFromContinuingOperations": "60533000", "comprehensiveIncomeNetOfTax": "None", "ebit": "106792000", "ebitda": "121515000", "netIncome": "60508000"}, {"fiscalDateEnding": "2016-07-31", "reportedCurrency": "USD", "grossProfit": "316641000", "totalRevenue": "514726000", "costOfRevenue": "198085000", "costofGoodsAndServicesSold": "198085000", "operatingIncome": "102672000", "sellingGeneralAndAdministrative": "182403000", "researchAndDevelopment": "16013000", "operatingExpenses": "213969000", "investmentIncomeNet": "None", "netInterestIncome": "None", "interestIncome": "None", "interestExpense": "7983000", "nonInterestIncome": "None", "otherNonOperatingIncome": "-1274000", "depreciation": "None", "depreciationAndAmortization": "15553000", "incomeBeforeTax": "93415000", "incomeTaxExpense": "5172000", "interestAndDebtExpense": "None", "netIncomeFromContinuingOperations": "88243000", "comprehensiveIncomeNetOfTax": "None", "ebit": "135347000", "ebitda": "150900000", "netIncome": "87928000"}, {"fiscalDateEnding": "2016-04-30", "reportedCurrency": "USD", "grossProfit": "298498000", "totalRevenue": "483793000", "costOfRevenue": "185295000", "costofGoodsAndServicesSold": "185295000", "operatingIncome": "89831000", "sellingGeneralAndAdministrative": "177659000", "researchAndDevelopment": "16696000", "operatingExpenses": "208667000", "investmentIncomeNet": "None", "netInterestIncome": "None", "interestIncome": "None", "interestExpense": "7611000", "nonInterestIncome": "None", "otherNonOperatingIncome": "418000", "depreciation": "None", "depreciationAndAmortization": "14312000", "incomeBeforeTax": "82638000", "incomeTaxExpense": "8183000", "interestAndDebtExpense": "None", "netIncomeFromContinuingOperations": "74417000", "comprehensiveIncomeNetOfTax": "None", "ebit": "123788000", "ebitda": "138100000", "netIncome": "74125000"}, {"fiscalDateEnding": "2016-01-31", "reportedCurrency": "USD", "grossProfit": "261964000", "totalRevenue": "449641000", "costOfRevenue": "187677000", "costofGoodsAndServicesSold": "187677000", "operatingIncome": "57396000", "sellingGeneralAndAdministrative": "173604000", "researchAndDevelopment": "14761000", "operatingExpenses": "204568000", "investmentIncomeNet": "None", "netInterestIncome": "None", "interestIncome": "None", "interestExpense": "5274000", "nonInterestIncome": "None", "otherNonOperatingIncome": "-1400000", "depreciation": "None", "depreciationAndAmortization": "16203000", "incomeBeforeTax": "50730000", "incomeTaxExpense": "-1011000", "interestAndDebtExpense": "None", "netIncomeFromContinuingOperations": "51741000", "comprehensiveIncomeNetOfTax": "None", "ebit": "93297000", "ebitda": "109500000", "netIncome": "51356000"}, {"fiscalDateEnding": "2015-10-31", "reportedCurrency": "USD", "grossProfit": "253309000", "totalRevenue": "455536000", "costOfRevenue": "202227000", "costofGoodsAndServicesSold": "202227000", "operatingIncome": "42253000", "sellingGeneralAndAdministrative": "179643000", "researchAndDevelopment": "18360000", "operatingExpenses": "211056000", "investmentIncomeNet": "None", "netInterestIncome": "None", "interestIncome": "None", "interestExpense": "4780000", "nonInterestIncome": "None", "otherNonOperatingIncome": "-1047000", "depreciation": "None", "depreciationAndAmortization": "13053000", "incomeBeforeTax": "36427000", "incomeTaxExpense": "-588000", "interestAndDebtExpense": "None", "netIncomeFromContinuingOperations": "37015000", "comprehensiveIncomeNetOfTax": "None", "ebit": "78259000", "ebitda": "91312000", "netIncome": "36679000"}, {"fiscalDateEnding": "2015-07-31", "reportedCurrency": "USD", "grossProfit": "272887000", "totalRevenue": "461678000", "costOfRevenue": "188791000", "costofGoodsAndServicesSold": "188791000", "operatingIncome": "50311000", "sellingGeneralAndAdministrative": "191783000", "researchAndDevelopment": "18298000", "operatingExpenses": "222576000", "investmentIncomeNet": "None", "netInterestIncome": "None", "interestIncome": "None", "interestExpense": "4690000", "nonInterestIncome": "None", "otherNonOperatingIncome": "-1020000", "depreciation": "None", "depreciationAndAmortization": "12495000", "incomeBeforeTax": "44601000", "incomeTaxExpense": "-642000", "interestAndDebtExpense": "None", "netIncomeFromContinuingOperations": "45243000", "comprehensiveIncomeNetOfTax": "None", "ebit": "49291000", "ebitda": "61786000", "netIncome": "44951000"}, {"fiscalDateEnding": "2015-04-30", "reportedCurrency": "USD", "grossProfit": "267716000", "totalRevenue": "434676000", "costOfRevenue": "166960000", "costofGoodsAndServicesSold": "166960000", "operatingIncome": "70998000", "sellingGeneralAndAdministrative": "167583000", "researchAndDevelopment": "16819000", "operatingExpenses": "196718000", "investmentIncomeNet": "None", "netInterestIncome": "None", "interestIncome": "None", "interestExpense": "4692000", "nonInterestIncome": "None", "otherNonOperatingIncome": "686000", "depreciation": "None", "depreciationAndAmortization": "12316000", "incomeBeforeTax": "66992000", "incomeTaxExpense": "5855000", "interestAndDebtExpense": "None", "netIncomeFromContinuingOperations": "61137000", "comprehensiveIncomeNetOfTax": "None", "ebit": "71684000", "ebitda": "84000000", "netIncome": "60713000"}, {"fiscalDateEnding": "2015-01-31", "reportedCurrency": "USD", "grossProfit": "276351000", "totalRevenue": "445171000", "costOfRevenue": "168820000", "costofGoodsAndServicesSold": "168820000", "operatingIncome": "73108000", "sellingGeneralAndAdministrative": "173535000", "researchAndDevelopment": "16113000", "operatingExpenses": "203243000", "investmentIncomeNet": "None", "netInterestIncome": "None", "interestIncome": "None", "interestExpense": "3941000", "nonInterestIncome": "None", "otherNonOperatingIncome": "-1702000", "depreciation": "None", "depreciationAndAmortization": "13595000", "incomeBeforeTax": "67465000", "incomeTaxExpense": "5716000", "interestAndDebtExpense": "None", "netIncomeFromContinuingOperations": "61749000", "comprehensiveIncomeNetOfTax": "None", "ebit": "100695000", "ebitda": "114290000", "netIncome": "61179000"}, {"fiscalDateEnding": "2014-10-31", "reportedCurrency": "USD", "grossProfit": "279552000", "totalRevenue": "467997000", "costOfRevenue": "188445000", "costofGoodsAndServicesSold": "188445000", "operatingIncome": "39374000", "sellingGeneralAndAdministrative": "208021000", "researchAndDevelopment": "18181000", "operatingExpenses": "240178000", "investmentIncomeNet": "None", "netInterestIncome": "None", "interestIncome": "None", "interestExpense": "3251000", "nonInterestIncome": "None", "otherNonOperatingIncome": "-1249000", "depreciation": "None", "depreciationAndAmortization": "13976000", "incomeBeforeTax": "34875000", "incomeTaxExpense": "3618000", "interestAndDebtExpense": "None", "netIncomeFromContinuingOperations": "31256000", "comprehensiveIncomeNetOfTax": "None", "ebit": "66705000", "ebitda": "80681000", "netIncome": "30787000"}, {"fiscalDateEnding": "2014-07-31", "reportedCurrency": "USD", "grossProfit": "280590000", "totalRevenue": "432482000", "costOfRevenue": "151892000", "costofGoodsAndServicesSold": "151892000", "operatingIncome": "96565000", "sellingGeneralAndAdministrative": "161203000", "researchAndDevelopment": "16070000", "operatingExpenses": "184025000", "investmentIncomeNet": "None", "netInterestIncome": "None", "interestIncome": "None", "interestExpense": "1499000", "nonInterestIncome": "None", "otherNonOperatingIncome": "-683000", "depreciation": "None", "depreciationAndAmortization": "6752000", "incomeBeforeTax": "94383000", "incomeTaxExpense": "5711000", "interestAndDebtExpense": "None", "netIncomeFromContinuingOperations": "88672000", "comprehensiveIncomeNetOfTax": "None", "ebit": "95882000", "ebitda": "102634000", "netIncome": "88067000"}, {"fiscalDateEnding": "2014-04-30", "reportedCurrency": "USD", "grossProfit": "268499000", "totalRevenue": "412317000", "costOfRevenue": "143818000", "costofGoodsAndServicesSold": "143818000", "operatingIncome": "88924000", "sellingGeneralAndAdministrative": "155804000", "researchAndDevelopment": "16295000", "operatingExpenses": "179575000", "investmentIncomeNet": "None", "netInterestIncome": "None", "interestIncome": "None", "interestExpense": "1558000", "nonInterestIncome": "None", "otherNonOperatingIncome": "455000", "depreciation": "None", "depreciationAndAmortization": "7476000", "incomeBeforeTax": "87821000", "incomeTaxExpense": "8185000", "interestAndDebtExpense": "None", "netIncomeFromContinuingOperations": "79636000", "comprehensiveIncomeNetOfTax": "None", "ebit": "89379000", "ebitda": "96855000", "netIncome": "79160000"}, {"fiscalDateEnding": "2014-01-31", "reportedCurrency": "USD", "grossProfit": "262929000", "totalRevenue": "404980000", "costOfRevenue": "142051000", "costofGoodsAndServicesSold": "142051000", "operatingIncome": "81622000", "sellingGeneralAndAdministrative": "158088000", "researchAndDevelopment": "15712000", "operatingExpenses": "181307000", "investmentIncomeNet": "None", "netInterestIncome": "None", "interestIncome": "None", "interestExpense": "1656000", "nonInterestIncome": "None", "otherNonOperatingIncome": "-510000", "depreciation": "None", "depreciationAndAmortization": "7507000", "incomeBeforeTax": "79456000", "incomeTaxExpense": "7191000", "interestAndDebtExpense": "None", "netIncomeFromContinuingOperations": "72265000", "comprehensiveIncomeNetOfTax": "None", "ebit": "105000000", "ebitda": "112507000", "netIncome": "71843000"}, {"fiscalDateEnding": "2013-10-31", "reportedCurrency": "USD", "grossProfit": "263858000", "totalRevenue": "411852000", "costOfRevenue": "147994000", "costofGoodsAndServicesSold": "147994000", "operatingIncome": "62043000", "sellingGeneralAndAdministrative": "157247000", "researchAndDevelopment": "15819000", "operatingExpenses": "180753000", "investmentIncomeNet": "None", "netInterestIncome": "None", "interestIncome": "None", "interestExpense": "1900000", "nonInterestIncome": "None", "otherNonOperatingIncome": "947000", "depreciation": "None", "depreciationAndAmortization": "7687000", "incomeBeforeTax": "61092000", "incomeTaxExpense": "3779000", "interestAndDebtExpense": "None", "netIncomeFromContinuingOperations": "57312000", "comprehensiveIncomeNetOfTax": "None", "ebit": "87068000", "ebitda": "94755000", "netIncome": "57396000"}, {"fiscalDateEnding": "2013-07-31", "reportedCurrency": "USD", "grossProfit": "268274000", "totalRevenue": "411993000", "costOfRevenue": "143719000", "costofGoodsAndServicesSold": "143719000", "operatingIncome": "93608000", "sellingGeneralAndAdministrative": "152141000", "researchAndDevelopment": "14865000", "operatingExpenses": "174666000", "investmentIncomeNet": "None", "netInterestIncome": "None", "interestIncome": "None", "interestExpense": "2258000", "nonInterestIncome": "None", "otherNonOperatingIncome": "-86000", "depreciation": "None", "depreciationAndAmortization": "7660000", "incomeBeforeTax": "91264000", "incomeTaxExpense": "2072000", "interestAndDebtExpense": "None", "netIncomeFromContinuingOperations": "89192000", "comprehensiveIncomeNetOfTax": "None", "ebit": "93522000", "ebitda": "101182000", "netIncome": "88951000"}, {"fiscalDateEnding": "2013-04-30", "reportedCurrency": "USD", "grossProfit": "254179000", "totalRevenue": "384041000", "costOfRevenue": "129862000", "costofGoodsAndServicesSold": "129862000", "operatingIncome": "81473000", "sellingGeneralAndAdministrative": "150693000", "researchAndDevelopment": "14490000", "operatingExpenses": "172706000", "investmentIncomeNet": "None", "netInterestIncome": "None", "interestIncome": "None", "interestExpense": "2444000", "nonInterestIncome": "None", "otherNonOperatingIncome": "-89000", "depreciation": "None", "depreciationAndAmortization": "7523000", "incomeBeforeTax": "78940000", "incomeTaxExpense": "3473000", "interestAndDebtExpense": "None", "netIncomeFromContinuingOperations": "75467000", "comprehensiveIncomeNetOfTax": "None", "ebit": "81384000", "ebitda": "88907000", "netIncome": "75136000"}, {"fiscalDateEnding": "2013-01-31", "reportedCurrency": "USD", "grossProfit": "240498000", "totalRevenue": "379839000", "costOfRevenue": "139341000", "costofGoodsAndServicesSold": "139341000", "operatingIncome": "68821000", "sellingGeneralAndAdministrative": "136569000", "researchAndDevelopment": "13653000", "operatingExpenses": "157593000", "investmentIncomeNet": "None", "netInterestIncome": "None", "interestIncome": "None", "interestExpense": "2567000", "nonInterestIncome": "None", "otherNonOperatingIncome": "638000", "depreciation": "None", "depreciationAndAmortization": "7371000", "incomeBeforeTax": "80976000", "incomeTaxExpense": "6041000", "interestAndDebtExpense": "None", "netIncomeFromContinuingOperations": "74935000", "comprehensiveIncomeNetOfTax": "None", "ebit": "83543000", "ebitda": "90914000", "netIncome": "74667000"}, {"fiscalDateEnding": "2012-10-31", "reportedCurrency": "USD", "grossProfit": "252764000", "totalRevenue": "396301000", "costOfRevenue": "143537000", "costofGoodsAndServicesSold": "143537000", "operatingIncome": "78980000", "sellingGeneralAndAdministrative": "147363000", "researchAndDevelopment": "14118000", "operatingExpenses": "168784000", "investmentIncomeNet": "None", "netInterestIncome": "None", "interestIncome": "None", "interestExpense": "2723000", "nonInterestIncome": "None", "otherNonOperatingIncome": "1461000", "depreciation": "None", "depreciationAndAmortization": "7303000", "incomeBeforeTax": "82639000", "incomeTaxExpense": "10492000", "interestAndDebtExpense": "None", "netIncomeFromContinuingOperations": "72225000", "comprehensiveIncomeNetOfTax": "None", "ebit": "85362000", "ebitda": "92665000", "netIncome": "71920000"}, {"fiscalDateEnding": "2012-07-31", "reportedCurrency": "USD", "grossProfit": "240097000", "totalRevenue": "378186000", "costOfRevenue": "138089000", "costofGoodsAndServicesSold": "138089000", "operatingIncome": "77250000", "sellingGeneralAndAdministrative": "143830000", "researchAndDevelopment": "13156000", "operatingExpenses": "162847000", "investmentIncomeNet": "None", "netInterestIncome": "None", "interestIncome": "None", "interestExpense": "2315000", "nonInterestIncome": "None", "otherNonOperatingIncome": "-3627000", "depreciation": "None", "depreciationAndAmortization": "5861000", "incomeBeforeTax": "71308000", "incomeTaxExpense": "4433000", "interestAndDebtExpense": "None", "netIncomeFromContinuingOperations": "66875000", "comprehensiveIncomeNetOfTax": "None", "ebit": "95666000", "ebitda": "101527000", "netIncome": "66875000"}, {"fiscalDateEnding": "2012-04-30", "reportedCurrency": "USD", "grossProfit": "220696000", "totalRevenue": "344589000", "costOfRevenue": "123893000", "costofGoodsAndServicesSold": "123893000", "operatingIncome": "65440000", "sellingGeneralAndAdministrative": "136962000", "researchAndDevelopment": "13031000", "operatingExpenses": "155256000", "investmentIncomeNet": "None", "netInterestIncome": "None", "interestIncome": "None", "interestExpense": "3071000", "nonInterestIncome": "None", "otherNonOperatingIncome": "310000", "depreciation": "None", "depreciationAndAmortization": "5263000", "incomeBeforeTax": "62679000", "incomeTaxExpense": "7758000", "interestAndDebtExpense": "None", "netIncomeFromContinuingOperations": "54921000", "comprehensiveIncomeNetOfTax": "None", "ebit": "65440000", "ebitda": "70703000", "netIncome": "54921000"}, {"fiscalDateEnding": "2012-01-31", "reportedCurrency": "USD", "grossProfit": "210453000", "totalRevenue": "326060000", "costOfRevenue": "115607000", "costofGoodsAndServicesSold": "115607000", "operatingIncome": "61728000", "sellingGeneralAndAdministrative": "131748000", "researchAndDevelopment": "11425000", "operatingExpenses": "148725000", "investmentIncomeNet": "None", "netInterestIncome": "None", "interestIncome": "None", "interestExpense": "3662000", "nonInterestIncome": "None", "otherNonOperatingIncome": "681000", "depreciation": "None", "depreciationAndAmortization": "5552000", "incomeBeforeTax": "58747000", "incomeTaxExpense": "4124000", "interestAndDebtExpense": "None", "netIncomeFromContinuingOperations": "54623000", "comprehensiveIncomeNetOfTax": "None", "ebit": "82673000", "ebitda": "88225000", "netIncome": "54623000"}, {"fiscalDateEnding": "2011-10-31", "reportedCurrency": "USD", "grossProfit": "223633000", "totalRevenue": "360909000", "costOfRevenue": "137276000", "costofGoodsAndServicesSold": "137276000", "operatingIncome": "66621000", "sellingGeneralAndAdministrative": "139685000", "researchAndDevelopment": "11738000", "operatingExpenses": "157012000", "investmentIncomeNet": "None", "netInterestIncome": "None", "interestIncome": "None", "interestExpense": "2906000", "nonInterestIncome": "None", "otherNonOperatingIncome": "-834000", "depreciation": "None", "depreciationAndAmortization": "26339000", "incomeBeforeTax": "62880000", "incomeTaxExpense": "6242000", "interestAndDebtExpense": "None", "netIncomeFromContinuingOperations": "56638000", "comprehensiveIncomeNetOfTax": "None", "ebit": "65786000", "ebitda": "92125000", "netIncome": "56638000"}, {"fiscalDateEnding": "2011-07-31", "reportedCurrency": "USD", "grossProfit": "202802000", "totalRevenue": "351396000", "costOfRevenue": "148594000", "costofGoodsAndServicesSold": "148594000", "operatingIncome": "45887000", "sellingGeneralAndAdministrative": "133617000", "researchAndDevelopment": "11725000", "operatingExpenses": "156915000", "investmentIncomeNet": "None", "netInterestIncome": "None", "interestIncome": "None", "interestExpense": "3217000", "nonInterestIncome": "None", "otherNonOperatingIncome": "386000", "depreciation": "None", "depreciationAndAmortization": "5493000", "incomeBeforeTax": "43056000", "incomeTaxExpense": "4919000", "interestAndDebtExpense": "None", "netIncomeFromContinuingOperations": "38137000", "comprehensiveIncomeNetOfTax": "None", "ebit": "45887000", "ebitda": "51380000", "netIncome": "38137000"}, {"fiscalDateEnding": "2011-04-30", "reportedCurrency": "USD", "grossProfit": "201762000", "totalRevenue": "325301000", "costOfRevenue": "123539000", "costofGoodsAndServicesSold": "123539000", "operatingIncome": "60256000", "sellingGeneralAndAdministrative": "126382000", "researchAndDevelopment": "10390000", "operatingExpenses": "141506000", "investmentIncomeNet": "None", "netInterestIncome": "None", "interestIncome": "None", "interestExpense": "4268000", "nonInterestIncome": "None", "otherNonOperatingIncome": "-16268000", "depreciation": "None", "depreciationAndAmortization": "4734000", "incomeBeforeTax": "39720000", "incomeTaxExpense": "4360000", "interestAndDebtExpense": "None", "netIncomeFromContinuingOperations": "35360000", "comprehensiveIncomeNetOfTax": "None", "ebit": "62765000", "ebitda": "67499000", "netIncome": "35360000"}, {"fiscalDateEnding": "2011-01-31", "reportedCurrency": "USD", "grossProfit": "176606000", "totalRevenue": "293229000", "costOfRevenue": "116623000", "costofGoodsAndServicesSold": "116623000", "operatingIncome": "54793000", "sellingGeneralAndAdministrative": "113453000", "researchAndDevelopment": "9727000", "operatingExpenses": "121813000", "investmentIncomeNet": "None", "netInterestIncome": "None", "interestIncome": "None", "interestExpense": "6951000", "nonInterestIncome": "None", "otherNonOperatingIncome": "-734000", "depreciation": "None", "depreciationAndAmortization": "4713000", "incomeBeforeTax": "47108000", "incomeTaxExpense": "1813000", "interestAndDebtExpense": "None", "netIncomeFromContinuingOperations": "45295000", "comprehensiveIncomeNetOfTax": "None", "ebit": "66160000", "ebitda": "70873000", "netIncome": "45295000"}, {"fiscalDateEnding": "2010-10-31", "reportedCurrency": "USD", "grossProfit": "187481000", "totalRevenue": "313352000", "costOfRevenue": "125871000", "costofGoodsAndServicesSold": "125871000", "operatingIncome": "62504000", "sellingGeneralAndAdministrative": "109874000", "researchAndDevelopment": "10486000", "operatingExpenses": "124977000", "investmentIncomeNet": "None", "netInterestIncome": "None", "interestIncome": "None", "interestExpense": "7984000", "nonInterestIncome": "None", "otherNonOperatingIncome": "None", "depreciation": "None", "depreciationAndAmortization": "23216000", "incomeBeforeTax": "53876000", "incomeTaxExpense": "5678000", "interestAndDebtExpense": "None", "netIncomeFromContinuingOperations": "0", "comprehensiveIncomeNetOfTax": "None", "ebit": "62504000", "ebitda": "85720000", "netIncome": "48198000"}, {"fiscalDateEnding": "2010-07-31", "reportedCurrency": "USD", "grossProfit": "175986000", "totalRevenue": "295635000", "costOfRevenue": "119649000", "costofGoodsAndServicesSold": "119649000", "operatingIncome": "51396000", "sellingGeneralAndAdministrative": "111265000", "researchAndDevelopment": "8588000", "operatingExpenses": "124576000", "investmentIncomeNet": "None", "netInterestIncome": "None", "interestIncome": "None", "interestExpense": "8729000", "nonInterestIncome": "None", "otherNonOperatingIncome": "985000", "depreciation": "None", "depreciationAndAmortization": "4723000", "incomeBeforeTax": "43652000", "incomeTaxExpense": "3925000", "interestAndDebtExpense": "None", "netIncomeFromContinuingOperations": "39727000", "comprehensiveIncomeNetOfTax": "None", "ebit": "51410000", "ebitda": "56133000", "netIncome": "39727000"}, {"fiscalDateEnding": "2010-04-30", "reportedCurrency": "USD", "grossProfit": "163493000", "totalRevenue": "289271000", "costOfRevenue": "125778000", "costofGoodsAndServicesSold": "125778000", "operatingIncome": "39034000", "sellingGeneralAndAdministrative": "111340000", "researchAndDevelopment": "8573000", "operatingExpenses": "124412000", "investmentIncomeNet": "None", "netInterestIncome": "None", "interestIncome": "None", "interestExpense": "9730000", "nonInterestIncome": "None", "otherNonOperatingIncome": "None", "depreciation": "None", "depreciationAndAmortization": "4499000", "incomeBeforeTax": "2472000", "incomeTaxExpense": "-1984000", "interestAndDebtExpense": "None", "netIncomeFromContinuingOperations": "0", "comprehensiveIncomeNetOfTax": "None", "ebit": "31695000", "ebitda": "36194000", "netIncome": "4456000"}, {"fiscalDateEnding": "2010-01-31", "reportedCurrency": "USD", "grossProfit": "149763000", "totalRevenue": "260258000", "costOfRevenue": "110495000", "costofGoodsAndServicesSold": "110495000", "operatingIncome": "36979000", "sellingGeneralAndAdministrative": "100578000", "researchAndDevelopment": "7626000", "operatingExpenses": "112421000", "investmentIncomeNet": "None", "netInterestIncome": "None", "interestIncome": "None", "interestExpense": "10225000", "nonInterestIncome": "None", "otherNonOperatingIncome": "None", "depreciation": "None", "depreciationAndAmortization": "4217000", "incomeBeforeTax": "24426000", "incomeTaxExpense": "4003000", "interestAndDebtExpense": "None", "netIncomeFromContinuingOperations": "0", "comprehensiveIncomeNetOfTax": "None", "ebit": "53339000", "ebitda": "57556000", "netIncome": "20423000"}, {"fiscalDateEnding": "2009-10-31", "reportedCurrency": "USD", "grossProfit": "158908000", "totalRevenue": "283455000", "costOfRevenue": "124547000", "costofGoodsAndServicesSold": "124547000", "operatingIncome": "41943000", "sellingGeneralAndAdministrative": "102858000", "researchAndDevelopment": "8266000", "operatingExpenses": "116494000", "investmentIncomeNet": "None", "netInterestIncome": "None", "interestIncome": "None", "interestExpense": "10771000", "nonInterestIncome": "None", "otherNonOperatingIncome": "None", "depreciation": "None", "depreciationAndAmortization": "24609000", "incomeBeforeTax": "32038000", "incomeTaxExpense": "1920000", "interestAndDebtExpense": "None", "netIncomeFromContinuingOperations": "0", "comprehensiveIncomeNetOfTax": "None", "ebit": "42809000", "ebitda": "67418000", "netIncome": "30118000"}, {"fiscalDateEnding": "2009-07-31", "reportedCurrency": "USD", "grossProfit": "146395000", "totalRevenue": "285230000", "costOfRevenue": "138835000", "costofGoodsAndServicesSold": "138835000", "operatingIncome": "33925000", "sellingGeneralAndAdministrative": "100038000", "researchAndDevelopment": "7737000", "operatingExpenses": "112008000", "investmentIncomeNet": "None", "netInterestIncome": "None", "interestIncome": "None", "interestExpense": "11085000", "nonInterestIncome": "None", "otherNonOperatingIncome": "None", "depreciation": "None", "depreciationAndAmortization": "4233000", "incomeBeforeTax": "22685000", "incomeTaxExpense": "777000", "interestAndDebtExpense": "None", "netIncomeFromContinuingOperations": "0", "comprehensiveIncomeNetOfTax": "None", "ebit": "34387000", "ebitda": "38620000", "netIncome": "21908000"}, {"fiscalDateEnding": "2009-04-30", "reportedCurrency": "USD", "grossProfit": "149057000", "totalRevenue": "260594000", "costOfRevenue": "111537000", "costofGoodsAndServicesSold": "111537000", "operatingIncome": "41207000", "sellingGeneralAndAdministrative": "93705000", "researchAndDevelopment": "10065000", "operatingExpenses": "107850000", "investmentIncomeNet": "None", "netInterestIncome": "None", "interestIncome": "None", "interestExpense": "10830000", "nonInterestIncome": "None", "otherNonOperatingIncome": "None", "depreciation": "None", "depreciationAndAmortization": "21006000", "incomeBeforeTax": "30637000", "incomeTaxExpense": "5988000", "interestAndDebtExpense": "None", "netIncomeFromContinuingOperations": "0", "comprehensiveIncomeNetOfTax": "None", "ebit": "41467000", "ebitda": "62473000", "netIncome": "24649000"}, {"fiscalDateEnding": "2009-01-31", "reportedCurrency": "USD", "grossProfit": "142135000", "totalRevenue": "251142000", "costOfRevenue": "109007000", "costofGoodsAndServicesSold": "109007000", "operatingIncome": "32780000", "sellingGeneralAndAdministrative": "94992000", "researchAndDevelopment": "7232000", "operatingExpenses": "106401000", "investmentIncomeNet": "None", "netInterestIncome": "None", "interestIncome": "None", "interestExpense": "11457000", "nonInterestIncome": "None", "otherNonOperatingIncome": "None", "depreciation": "None", "depreciationAndAmortization": "4177000", "incomeBeforeTax": "29468000", "incomeTaxExpense": "5595000", "interestAndDebtExpense": "None", "netIncomeFromContinuingOperations": "0", "comprehensiveIncomeNetOfTax": "None", "ebit": "35734000", "ebitda": "39911000", "netIncome": "23873000"}, {"fiscalDateEnding": "2008-10-31", "reportedCurrency": "USD", "grossProfit": "162044000", "totalRevenue": "268809000", "costOfRevenue": "106765000", "costofGoodsAndServicesSold": "106765000", "operatingIncome": "47502000", "sellingGeneralAndAdministrative": "101256000", "researchAndDevelopment": "9190000", "operatingExpenses": "114542000", "investmentIncomeNet": "None", "netInterestIncome": "None", "interestIncome": "None", "interestExpense": "16145000", "nonInterestIncome": "None", "otherNonOperatingIncome": "None", "depreciation": "None", "depreciationAndAmortization": "19794000", "incomeBeforeTax": "33258000", "incomeTaxExpense": "3779000", "interestAndDebtExpense": "None", "netIncomeFromContinuingOperations": "0", "comprehensiveIncomeNetOfTax": "None", "ebit": "47502000", "ebitda": "67296000", "netIncome": "29479000"}, {"fiscalDateEnding": "2008-07-31", "reportedCurrency": "USD", "grossProfit": "155097000", "totalRevenue": "285884000", "costOfRevenue": "130787000", "costofGoodsAndServicesSold": "130787000", "operatingIncome": "31044000", "sellingGeneralAndAdministrative": "110639000", "researchAndDevelopment": "9030000", "operatingExpenses": "123880000", "investmentIncomeNet": "None", "netInterestIncome": "None", "interestIncome": "None", "interestExpense": "12136000", "nonInterestIncome": "None", "otherNonOperatingIncome": "None", "depreciation": "None", "depreciationAndAmortization": "21263000", "incomeBeforeTax": "17516000", "incomeTaxExpense": "-363000", "interestAndDebtExpense": "None", "netIncomeFromContinuingOperations": "0", "comprehensiveIncomeNetOfTax": "None", "ebit": "32782000", "ebitda": "54045000", "netIncome": "17879000"}, {"fiscalDateEnding": "2008-04-30", "reportedCurrency": "USD", "grossProfit": "150008000", "totalRevenue": "263451000", "costOfRevenue": "113443000", "costofGoodsAndServicesSold": "113443000", "operatingIncome": "28466000", "sellingGeneralAndAdministrative": "107529000", "researchAndDevelopment": "9116000", "operatingExpenses": "121016000", "investmentIncomeNet": "None", "netInterestIncome": "None", "interestIncome": "None", "interestExpense": "14022000", "nonInterestIncome": "None", "otherNonOperatingIncome": "None", "depreciation": "None", "depreciationAndAmortization": "21016000", "incomeBeforeTax": "15946000", "incomeTaxExpense": "4705000", "interestAndDebtExpense": "None", "netIncomeFromContinuingOperations": "0", "comprehensiveIncomeNetOfTax": "None", "ebit": "28016000", "ebitda": "49032000", "netIncome": "11241000"}, {"fiscalDateEnding": "2008-01-31", "reportedCurrency": "USD", "grossProfit": "142882000", "totalRevenue": "245033000", "costOfRevenue": "102151000", "costofGoodsAndServicesSold": "102151000", "operatingIncome": "19951000", "sellingGeneralAndAdministrative": "109880000", "researchAndDevelopment": "8131000", "operatingExpenses": "122108000", "investmentIncomeNet": "None", "netInterestIncome": "None", "interestIncome": "None", "interestExpense": "11468000", "nonInterestIncome": "None", "otherNonOperatingIncome": "None", "depreciation": "None", "depreciationAndAmortization": "20112000", "incomeBeforeTax": "9487000", "incomeTaxExpense": "2610000", "interestAndDebtExpense": "None", "netIncomeFromContinuingOperations": "0", "comprehensiveIncomeNetOfTax": "None", "ebit": "20593000", "ebitda": "40705000", "netIncome": "6877000"}, {"fiscalDateEnding": "2007-10-31", "reportedCurrency": "USD", "grossProfit": "117240000", "totalRevenue": "253824000", "costOfRevenue": "136584000", "costofGoodsAndServicesSold": "136584000", "operatingIncome": "-4097000", "sellingGeneralAndAdministrative": "104974000", "researchAndDevelopment": "9277000", "operatingExpenses": "118442000", "investmentIncomeNet": "None", "netInterestIncome": "None", "interestIncome": "None", "interestExpense": "24830000", "nonInterestIncome": "None", "otherNonOperatingIncome": "None", "depreciation": "None", "depreciationAndAmortization": "28860000", "incomeBeforeTax": "-18824000", "incomeTaxExpense": "5369000", "interestAndDebtExpense": "None", "netIncomeFromContinuingOperations": "0", "comprehensiveIncomeNetOfTax": "None", "ebit": "-1202000", "ebitda": "27658000", "netIncome": "-24193000"}, {"fiscalDateEnding": "2007-07-31", "reportedCurrency": "USD", "grossProfit": "145924000", "totalRevenue": "251862000", "costOfRevenue": "105938000", "costofGoodsAndServicesSold": "105938000", "operatingIncome": "23658000", "sellingGeneralAndAdministrative": "104521000", "researchAndDevelopment": "11513000", "operatingExpenses": "120194000", "investmentIncomeNet": "None", "netInterestIncome": "None", "interestIncome": "None", "interestExpense": "14205000", "nonInterestIncome": "None", "otherNonOperatingIncome": "None", "depreciation": "None", "depreciationAndAmortization": "22712000", "incomeBeforeTax": "13085000", "incomeTaxExpense": "4905000", "interestAndDebtExpense": "None", "netIncomeFromContinuingOperations": "0", "comprehensiveIncomeNetOfTax": "None", "ebit": "25730000", "ebitda": "48442000", "netIncome": "8180000"}, {"fiscalDateEnding": "2007-04-30", "reportedCurrency": "USD", "grossProfit": "126456000", "totalRevenue": "225535000", "costOfRevenue": "99079000", "costofGoodsAndServicesSold": "99079000", "operatingIncome": "10531000", "sellingGeneralAndAdministrative": "100934000", "researchAndDevelopment": "7957000", "operatingExpenses": "113083000", "investmentIncomeNet": "None", "netInterestIncome": "None", "interestIncome": "None", "interestExpense": "16584000", "nonInterestIncome": "None", "otherNonOperatingIncome": "None", "depreciation": "None", "depreciationAndAmortization": "16873000", "incomeBeforeTax": "-378000", "incomeTaxExpense": "149000", "interestAndDebtExpense": "None", "netIncomeFromContinuingOperations": "0", "comprehensiveIncomeNetOfTax": "None", "ebit": "13373000", "ebitda": "30246000", "netIncome": "-527000"}, {"fiscalDateEnding": "2007-01-31", "reportedCurrency": "USD", "grossProfit": "129912000", "totalRevenue": "219420000", "costOfRevenue": "89508000", "costofGoodsAndServicesSold": "89508000", "operatingIncome": "15762000", "sellingGeneralAndAdministrative": "97523000", "researchAndDevelopment": "11111000", "operatingExpenses": "112285000", "investmentIncomeNet": "None", "netInterestIncome": "None", "interestIncome": "None", "interestExpense": "11884000", "nonInterestIncome": "None", "otherNonOperatingIncome": "None", "depreciation": "None", "depreciationAndAmortization": "16066000", "incomeBeforeTax": "6789000", "incomeTaxExpense": "1441000", "interestAndDebtExpense": "None", "netIncomeFromContinuingOperations": "0", "comprehensiveIncomeNetOfTax": "None", "ebit": "17627000", "ebitda": "33693000", "netIncome": "5348000"}, {"fiscalDateEnding": "2006-10-31", "reportedCurrency": "USD", "grossProfit": "127692000", "totalRevenue": "216026000", "costOfRevenue": "88334000", "costofGoodsAndServicesSold": "88334000", "operatingIncome": "22406000", "sellingGeneralAndAdministrative": "94757000", "researchAndDevelopment": "8437000", "operatingExpenses": "106735000", "investmentIncomeNet": "None", "netInterestIncome": "None", "interestIncome": "None", "interestExpense": "6472000", "nonInterestIncome": "None", "otherNonOperatingIncome": "None", "depreciation": "None", "depreciationAndAmortization": "16627000", "incomeBeforeTax": "13332000", "incomeTaxExpense": "-270000", "interestAndDebtExpense": "None", "netIncomeFromContinuingOperations": "0", "comprehensiveIncomeNetOfTax": "None", "ebit": "20957000", "ebitda": "37584000", "netIncome": "13602000"}, {"fiscalDateEnding": "2006-07-31", "reportedCurrency": "USD", "grossProfit": "137761000", "totalRevenue": "225798000", "costOfRevenue": "88037000", "costofGoodsAndServicesSold": "88037000", "operatingIncome": "32300000", "sellingGeneralAndAdministrative": "90039000", "researchAndDevelopment": "6264000", "operatingExpenses": "99833000", "investmentIncomeNet": "None", "netInterestIncome": "None", "interestIncome": "None", "interestExpense": "18847000", "nonInterestIncome": "None", "otherNonOperatingIncome": "None", "depreciation": "None", "depreciationAndAmortization": "15747000", "incomeBeforeTax": "24289000", "incomeTaxExpense": "3312000", "interestAndDebtExpense": "None", "netIncomeFromContinuingOperations": "0", "comprehensiveIncomeNetOfTax": "None", "ebit": "37928000", "ebitda": "53675000", "netIncome": "20977000"}, {"fiscalDateEnding": "2006-04-30", "reportedCurrency": "USD", "grossProfit": "131363000", "totalRevenue": "211397000", "costOfRevenue": "80034000", "costofGoodsAndServicesSold": "80034000", "operatingIncome": "244480000", "sellingGeneralAndAdministrative": "88600000", "researchAndDevelopment": "13914000", "operatingExpenses": "-113983000", "investmentIncomeNet": "None", "netInterestIncome": "None", "interestIncome": "None", "interestExpense": "231814000", "nonInterestIncome": "None", "otherNonOperatingIncome": "None", "depreciation": "None", "depreciationAndAmortization": "15097000", "incomeBeforeTax": "15593000", "incomeTaxExpense": "1892000", "interestAndDebtExpense": "None", "netIncomeFromContinuingOperations": "0", "comprehensiveIncomeNetOfTax": "None", "ebit": "245346000", "ebitda": "260443000", "netIncome": "13701000"}, {"fiscalDateEnding": "2006-01-31", "reportedCurrency": "USD", "grossProfit": "129161000", "totalRevenue": "205739000", "costOfRevenue": "76578000", "costofGoodsAndServicesSold": "76578000", "operatingIncome": "33714000", "sellingGeneralAndAdministrative": "84446000", "researchAndDevelopment": "5932000", "operatingExpenses": "94107000", "investmentIncomeNet": "None", "netInterestIncome": "None", "interestIncome": "None", "interestExpense": "21517000", "nonInterestIncome": "None", "otherNonOperatingIncome": "None", "depreciation": "None", "depreciationAndAmortization": "14176000", "incomeBeforeTax": "20123000", "incomeTaxExpense": "2169000", "interestAndDebtExpense": "None", "netIncomeFromContinuingOperations": "0", "comprehensiveIncomeNetOfTax": "None", "ebit": "35054000", "ebitda": "49230000", "netIncome": "17954000"}, {"fiscalDateEnding": "2005-10-31", "reportedCurrency": "USD", "grossProfit": "137084000", "totalRevenue": "220811000", "costOfRevenue": "83727000", "costofGoodsAndServicesSold": "83727000", "operatingIncome": "19518000", "sellingGeneralAndAdministrative": "78352000", "researchAndDevelopment": "27569000", "operatingExpenses": "114351000", "investmentIncomeNet": "None", "netInterestIncome": "None", "interestIncome": "None", "interestExpense": "15206000", "nonInterestIncome": "None", "otherNonOperatingIncome": "None", "depreciation": "None", "depreciationAndAmortization": "18623000", "incomeBeforeTax": "11059000", "incomeTaxExpense": "4689000", "interestAndDebtExpense": "None", "netIncomeFromContinuingOperations": "0", "comprehensiveIncomeNetOfTax": "None", "ebit": "22733000", "ebitda": "41356000", "netIncome": "6370000"}, {"fiscalDateEnding": "2005-07-31", "reportedCurrency": "USD", "grossProfit": "136619000", "totalRevenue": "222142000", "costOfRevenue": "85523000", "costofGoodsAndServicesSold": "85523000", "operatingIncome": "45652000", "sellingGeneralAndAdministrative": "80095000", "researchAndDevelopment": "7124000", "operatingExpenses": "88380000", "investmentIncomeNet": "None", "netInterestIncome": "None", "interestIncome": "None", "interestExpense": "14934000", "nonInterestIncome": "None", "otherNonOperatingIncome": "None", "depreciation": "None", "depreciationAndAmortization": "11614000", "incomeBeforeTax": "36684000", "incomeTaxExpense": "-672000", "interestAndDebtExpense": "None", "netIncomeFromContinuingOperations": "0", "comprehensiveIncomeNetOfTax": "None", "ebit": "49674000", "ebitda": "61288000", "netIncome": "37356000"}, {"fiscalDateEnding": "2005-04-30", "reportedCurrency": "USD", "grossProfit": "130807000", "totalRevenue": "215774000", "costOfRevenue": "84967000", "costofGoodsAndServicesSold": "84967000", "operatingIncome": "42972000", "sellingGeneralAndAdministrative": "79317000", "researchAndDevelopment": "5356000", "operatingExpenses": "85898000", "investmentIncomeNet": "None", "netInterestIncome": "None", "interestIncome": "None", "interestExpense": "7022000", "nonInterestIncome": "None", "otherNonOperatingIncome": "None", "depreciation": "None", "depreciationAndAmortization": "10826000", "incomeBeforeTax": "37355000", "incomeTaxExpense": "7845000", "interestAndDebtExpense": "None", "netIncomeFromContinuingOperations": "0", "comprehensiveIncomeNetOfTax": "None", "ebit": "44540000", "ebitda": "55366000", "netIncome": "29510000"}, {"fiscalDateEnding": "2005-01-31", "reportedCurrency": "USD", "grossProfit": "92322000", "totalRevenue": "147890000", "costOfRevenue": "55568000", "costofGoodsAndServicesSold": "55568000", "operatingIncome": "27692000", "sellingGeneralAndAdministrative": "60189000", "researchAndDevelopment": "2830000", "operatingExpenses": "63907000", "investmentIncomeNet": "None", "netInterestIncome": "None", "interestIncome": "None", "interestExpense": "6393000", "nonInterestIncome": "None", "otherNonOperatingIncome": "None", "depreciation": "None", "depreciationAndAmortization": "7575000", "incomeBeforeTax": "23359000", "incomeTaxExpense": "4873000", "interestAndDebtExpense": "None", "netIncomeFromContinuingOperations": "0", "comprehensiveIncomeNetOfTax": "None", "ebit": "27890000", "ebitda": "35465000", "netIncome": "18486000"}]}