{"symbol": "EQT", "annualReports": [{"fiscalDateEnding": "2024-12-31", "reportedCurrency": "USD", "grossProfit": "2682835000", "totalRevenue": "5222192000", "costOfRevenue": "2539357000", "costofGoodsAndServicesSold": "2539357000", "operatingIncome": "685296000", "sellingGeneralAndAdministrative": "284490000", "researchAndDevelopment": "None", "operatingExpenses": "1997539000", "investmentIncomeNet": "None", "netInterestIncome": "-454825000", "interestIncome": "None", "interestExpense": "454825000", "nonInterestIncome": "None", "otherNonOperatingIncome": "None", "depreciation": "None", "depreciationAndAmortization": "2162350000", "incomeBeforeTax": "264194000", "incomeTaxExpense": "22079000", "interestAndDebtExpense": "None", "netIncomeFromContinuingOperations": "242115000", "comprehensiveIncomeNetOfTax": "None", "ebit": "719019000", "ebitda": "2881369000", "netIncome": "230577000"}, {"fiscalDateEnding": "2023-12-31", "reportedCurrency": "USD", "grossProfit": "3083140000", "totalRevenue": "5069982000", "costOfRevenue": "1986842000", "costofGoodsAndServicesSold": "1986842000", "operatingIncome": "2314411000", "sellingGeneralAndAdministrative": "208451000", "researchAndDevelopment": "None", "operatingExpenses": "768729000", "investmentIncomeNet": "None", "netInterestIncome": "-202486000", "interestIncome": "None", "interestExpense": "219660000", "nonInterestIncome": "None", "otherNonOperatingIncome": "None", "depreciation": "None", "depreciationAndAmortization": "1749085000", "incomeBeforeTax": "2103498000", "incomeTaxExpense": "368954000", "interestAndDebtExpense": "None", "netIncomeFromContinuingOperations": "2946936000", "comprehensiveIncomeNetOfTax": "None", "ebit": "2306215000", "ebitda": "4055300000", "netIncome": "1735232000"}, {"fiscalDateEnding": "2022-12-31", "reportedCurrency": "USD", "grossProfit": "8056698000", "totalRevenue": "12140621000", "costOfRevenue": "4083923000", "costofGoodsAndServicesSold": "4083923000", "operatingIncome": "6044677000", "sellingGeneralAndAdministrative": "226192000", "researchAndDevelopment": "None", "operatingExpenses": "313414000", "investmentIncomeNet": "None", "netInterestIncome": "-249655000", "interestIncome": "243306000", "interestExpense": "249655000", "nonInterestIncome": "None", "otherNonOperatingIncome": "-133680000", "depreciation": "None", "depreciationAndAmortization": "1665962000", "incomeBeforeTax": "2334662000", "incomeTaxExpense": "553720000", "interestAndDebtExpense": "None", "netIncomeFromContinuingOperations": "1780942000", "comprehensiveIncomeNetOfTax": "None", "ebit": "2584317000", "ebitda": "4250279000", "netIncome": "1770965000"}, {"fiscalDateEnding": "2021-12-31", "reportedCurrency": "USD", "grossProfit": "2995559000", "totalRevenue": "6839705000", "costOfRevenue": "3844146000", "costofGoodsAndServicesSold": "3844146000", "operatingIncome": "961840000", "sellingGeneralAndAdministrative": "196315000", "researchAndDevelopment": "None", "operatingExpenses": "290781000", "investmentIncomeNet": "None", "netInterestIncome": "-308903000", "interestIncome": "217957000", "interestExpense": "308903000", "nonInterestIncome": "None", "otherNonOperatingIncome": "81190000", "depreciation": "None", "depreciationAndAmortization": "1676702000", "incomeBeforeTax": "-1588688000", "incomeTaxExpense": "-434175000", "interestAndDebtExpense": "None", "netIncomeFromContinuingOperations": "-1154513000", "comprehensiveIncomeNetOfTax": "None", "ebit": "-1279785000", "ebitda": "396917000", "netIncome": "-1154513000"}, {"fiscalDateEnding": "2020-12-31", "reportedCurrency": "USD", "grossProfit": "-626979000", "totalRevenue": "2658629000", "costOfRevenue": "3285608000", "costofGoodsAndServicesSold": "3285608000", "operatingIncome": "-877666000", "sellingGeneralAndAdministrative": "174769000", "researchAndDevelopment": "None", "operatingExpenses": "208790000", "investmentIncomeNet": "None", "netInterestIncome": "-271200000", "interestIncome": "362933000", "interestExpense": "271200000", "nonInterestIncome": "None", "otherNonOperatingIncome": "-304391000", "depreciation": "None", "depreciationAndAmortization": "1419471000", "incomeBeforeTax": "-1266034000", "incomeTaxExpense": "-298858000", "interestAndDebtExpense": "None", "netIncomeFromContinuingOperations": "-967176000", "comprehensiveIncomeNetOfTax": "None", "ebit": "-969352000", "ebitda": "450119000", "netIncome": "-967176000"}, {"fiscalDateEnding": "2019-12-31", "reportedCurrency": "USD", "grossProfit": "318652000", "totalRevenue": "3799850000", "costOfRevenue": "3481198000", "costofGoodsAndServicesSold": "3481198000", "operatingIncome": "22507000", "sellingGeneralAndAdministrative": "253006000", "researchAndDevelopment": "None", "operatingExpenses": "260229000", "investmentIncomeNet": "None", "netInterestIncome": "-199851000", "interestIncome": "445361000", "interestExpense": "199851000", "nonInterestIncome": "None", "otherNonOperatingIncome": "-245510000", "depreciation": "None", "depreciationAndAmortization": "1574661000", "incomeBeforeTax": "-1597471000", "incomeTaxExpense": "-375776000", "interestAndDebtExpense": "None", "netIncomeFromContinuingOperations": "-1221695000", "comprehensiveIncomeNetOfTax": "None", "ebit": "-1398007000", "ebitda": "176654000", "netIncome": "-1221695000"}, {"fiscalDateEnding": "2018-12-31", "reportedCurrency": "USD", "grossProfit": "1233278000", "totalRevenue": "4736459000", "costOfRevenue": "3503181000", "costofGoodsAndServicesSold": "3503181000", "operatingIncome": "-2783124000", "sellingGeneralAndAdministrative": "284220000", "researchAndDevelopment": "0", "operatingExpenses": "290985000", "investmentIncomeNet": "None", "netInterestIncome": "-228958000", "interestIncome": "228958000", "interestExpense": "228958000", "nonInterestIncome": "None", "otherNonOperatingIncome": "-65349000", "depreciation": "None", "depreciationAndAmortization": "1610405000", "incomeBeforeTax": "-3077431000", "incomeTaxExpense": "-696511000", "interestAndDebtExpense": "None", "netIncomeFromContinuingOperations": "-2380920000", "comprehensiveIncomeNetOfTax": "None", "ebit": "-2848641000", "ebitda": "-1238236000", "netIncome": "-2244568000"}, {"fiscalDateEnding": "2017-12-31", "reportedCurrency": "USD", "grossProfit": "1156919000", "totalRevenue": "2987994000", "costOfRevenue": "1831075000", "costofGoodsAndServicesSold": "1831075000", "operatingIncome": "932981000", "sellingGeneralAndAdministrative": "262664000", "researchAndDevelopment": "0", "operatingExpenses": "376647000", "investmentIncomeNet": "None", "netInterestIncome": "-202772000", "interestIncome": "167971000", "interestExpense": "202772000", "nonInterestIncome": "None", "otherNonOperatingIncome": "12314000", "depreciation": "None", "depreciationAndAmortization": "976385000", "incomeBeforeTax": "742523000", "incomeTaxExpense": "-1115619000", "interestAndDebtExpense": "None", "netIncomeFromContinuingOperations": "1858142000", "comprehensiveIncomeNetOfTax": "None", "ebit": "366440000", "ebitda": "1342825000", "netIncome": "1508529000"}, {"fiscalDateEnding": "2016-12-31", "reportedCurrency": "USD", "grossProfit": "388776000", "totalRevenue": "1857339000", "costOfRevenue": "1468563000", "costofGoodsAndServicesSold": "1468563000", "operatingIncome": "-278300000", "sellingGeneralAndAdministrative": "272747000", "researchAndDevelopment": "0", "operatingExpenses": "359423000", "investmentIncomeNet": "None", "netInterestIncome": "-147920000", "interestIncome": "131159000", "interestExpense": "147920000", "nonInterestIncome": "None", "otherNonOperatingIncome": "31693000", "depreciation": "None", "depreciationAndAmortization": "943520000", "incomeBeforeTax": "-394527000", "incomeTaxExpense": "-263464000", "interestAndDebtExpense": "None", "netIncomeFromContinuingOperations": "-131063000", "comprehensiveIncomeNetOfTax": "None", "ebit": "-834436000", "ebitda": "109084000", "netIncome": "-452983000"}, {"fiscalDateEnding": "2015-12-31", "reportedCurrency": "USD", "grossProfit": "735771000", "totalRevenue": "1954000000", "costOfRevenue": "1218229000", "costofGoodsAndServicesSold": "1218229000", "operatingIncome": "563139000", "sellingGeneralAndAdministrative": "249925000", "researchAndDevelopment": "0", "operatingExpenses": "435925000", "investmentIncomeNet": "None", "netInterestIncome": "None", "interestIncome": "143931000", "interestExpense": "146531000", "nonInterestIncome": "None", "otherNonOperatingIncome": "9953000", "depreciation": "None", "depreciationAndAmortization": "819216000", "incomeBeforeTax": "426561000", "incomeTaxExpense": "104675000", "interestAndDebtExpense": "None", "netIncomeFromContinuingOperations": "321886000", "comprehensiveIncomeNetOfTax": "None", "ebit": "573092000", "ebitda": "1392308000", "netIncome": "85171000"}, {"fiscalDateEnding": "2014-12-31", "reportedCurrency": "USD", "grossProfit": "1454721000", "totalRevenue": "2469710000", "costOfRevenue": "1014989000", "costofGoodsAndServicesSold": "1014989000", "operatingIncome": "853395000", "sellingGeneralAndAdministrative": "238134000", "researchAndDevelopment": "0", "operatingExpenses": "368133000", "investmentIncomeNet": "None", "netInterestIncome": "None", "interestIncome": "None", "interestExpense": "136537000", "nonInterestIncome": "None", "otherNonOperatingIncome": "6853000", "depreciation": "None", "depreciationAndAmortization": "679298000", "incomeBeforeTax": "723711000", "incomeTaxExpense": "214092000", "interestAndDebtExpense": "None", "netIncomeFromContinuingOperations": "509619000", "comprehensiveIncomeNetOfTax": "None", "ebit": "860103000", "ebitda": "1539401000", "netIncome": "386965000"}, {"fiscalDateEnding": "2013-12-31", "reportedCurrency": "USD", "grossProfit": "952080000", "totalRevenue": "1862011000", "costOfRevenue": "909931000", "costofGoodsAndServicesSold": "909931000", "operatingIncome": "654604000", "sellingGeneralAndAdministrative": "200849000", "researchAndDevelopment": "0", "operatingExpenses": "317094000", "investmentIncomeNet": "None", "netInterestIncome": "None", "interestIncome": "None", "interestExpense": "142688000", "nonInterestIncome": "None", "otherNonOperatingIncome": "9242000", "depreciation": "None", "depreciationAndAmortization": "676570000", "incomeBeforeTax": "521158000", "incomeTaxExpense": "175186000", "interestAndDebtExpense": "None", "netIncomeFromContinuingOperations": "345972000", "comprehensiveIncomeNetOfTax": "None", "ebit": "640408000", "ebitda": "1316978000", "netIncome": "390572000"}, {"fiscalDateEnding": "2012-12-31", "reportedCurrency": "USD", "grossProfit": "817930000", "totalRevenue": "1641608000", "costOfRevenue": "823678000", "costofGoodsAndServicesSold": "823678000", "operatingIncome": "470528000", "sellingGeneralAndAdministrative": "195097000", "researchAndDevelopment": "0", "operatingExpenses": "347402000", "investmentIncomeNet": "None", "netInterestIncome": "None", "interestIncome": "None", "interestExpense": "184786000", "nonInterestIncome": "None", "otherNonOperatingIncome": "15965000", "depreciation": "None", "depreciationAndAmortization": "499118000", "incomeBeforeTax": "301707000", "incomeTaxExpense": "105296000", "interestAndDebtExpense": "None", "netIncomeFromContinuingOperations": "196411000", "comprehensiveIncomeNetOfTax": "None", "ebit": "486493000", "ebitda": "985611000", "netIncome": "183395000"}, {"fiscalDateEnding": "2011-12-31", "reportedCurrency": "USD", "grossProfit": "1169982000", "totalRevenue": "1639934000", "costOfRevenue": "469952000", "costofGoodsAndServicesSold": "469952000", "operatingIncome": "861319000", "sellingGeneralAndAdministrative": "172294000", "researchAndDevelopment": "0", "operatingExpenses": "511591000", "investmentIncomeNet": "None", "netInterestIncome": "None", "interestIncome": "None", "interestExpense": "136328000", "nonInterestIncome": "None", "otherNonOperatingIncome": "None", "depreciation": "None", "depreciationAndAmortization": "339297000", "incomeBeforeTax": "759129000", "incomeTaxExpense": "279360000", "interestAndDebtExpense": "None", "netIncomeFromContinuingOperations": "None", "comprehensiveIncomeNetOfTax": "None", "ebit": "895457000", "ebitda": "1234754000", "netIncome": "479769000"}, {"fiscalDateEnding": "2010-12-31", "reportedCurrency": "USD", "grossProfit": "896315000", "totalRevenue": "1322708000", "costOfRevenue": "426393000", "costofGoodsAndServicesSold": "426393000", "operatingIncome": "470479000", "sellingGeneralAndAdministrative": "155551000", "researchAndDevelopment": "0", "operatingExpenses": "425836000", "investmentIncomeNet": "None", "netInterestIncome": "None", "interestIncome": "None", "interestExpense": "128157000", "nonInterestIncome": "None", "otherNonOperatingIncome": "10819000", "depreciation": "None", "depreciationAndAmortization": "270285000", "incomeBeforeTax": "355220000", "incomeTaxExpense": "127520000", "interestAndDebtExpense": "None", "netIncomeFromContinuingOperations": "225621000", "comprehensiveIncomeNetOfTax": "None", "ebit": "483377000", "ebitda": "753662000", "netIncome": "227700000"}, {"fiscalDateEnding": "2009-12-31", "reportedCurrency": "USD", "grossProfit": "729572000", "totalRevenue": "1269827000", "costOfRevenue": "540255000", "costofGoodsAndServicesSold": "540255000", "operatingIncome": "356791000", "sellingGeneralAndAdministrative": "176703000", "researchAndDevelopment": "0", "operatingExpenses": "372781000", "investmentIncomeNet": "None", "netInterestIncome": "None", "interestIncome": "None", "interestExpense": "111779000", "nonInterestIncome": "None", "otherNonOperatingIncome": "None", "depreciation": "None", "depreciationAndAmortization": "196078000", "incomeBeforeTax": "253597000", "incomeTaxExpense": "96668000", "interestAndDebtExpense": "None", "netIncomeFromContinuingOperations": "None", "comprehensiveIncomeNetOfTax": "None", "ebit": "365376000", "ebitda": "561454000", "netIncome": "156929000"}, {"fiscalDateEnding": "2008-12-31", "reportedCurrency": "USD", "grossProfit": "931352000", "totalRevenue": "1576488000", "costOfRevenue": "645136000", "costofGoodsAndServicesSold": "645136000", "operatingIncome": "464806000", "sellingGeneralAndAdministrative": "111096000", "researchAndDevelopment": "9064000", "operatingExpenses": "466546000", "investmentIncomeNet": "None", "netInterestIncome": "None", "interestIncome": "None", "interestExpense": "58394000", "nonInterestIncome": "None", "otherNonOperatingIncome": "None", "depreciation": "None", "depreciationAndAmortization": "136816000", "incomeBeforeTax": "410524000", "incomeTaxExpense": "154920000", "interestAndDebtExpense": "None", "netIncomeFromContinuingOperations": "None", "comprehensiveIncomeNetOfTax": "None", "ebit": "468918000", "ebitda": "605734000", "netIncome": "255604000"}, {"fiscalDateEnding": "2007-12-31", "reportedCurrency": "USD", "grossProfit": "616840000", "totalRevenue": "1361406000", "costOfRevenue": "744566000", "costofGoodsAndServicesSold": "744566000", "operatingIncome": "311673000", "sellingGeneralAndAdministrative": "195365000", "researchAndDevelopment": "None", "operatingExpenses": "305167000", "investmentIncomeNet": "None", "netInterestIncome": "None", "interestIncome": "None", "interestExpense": "0", "nonInterestIncome": "None", "otherNonOperatingIncome": "None", "depreciation": "None", "depreciationAndAmortization": "109802000", "incomeBeforeTax": "401878000", "incomeTaxExpense": "144395000", "interestAndDebtExpense": "None", "netIncomeFromContinuingOperations": "None", "comprehensiveIncomeNetOfTax": "None", "ebit": "311673000", "ebitda": "421475000", "netIncome": "257483000"}, {"fiscalDateEnding": "2006-12-31", "reportedCurrency": "USD", "grossProfit": "595688000", "totalRevenue": "1267910000", "costOfRevenue": "672222000", "costofGoodsAndServicesSold": "672222000", "operatingIncome": "372523000", "sellingGeneralAndAdministrative": "125951000", "researchAndDevelopment": "None", "operatingExpenses": "226073000", "investmentIncomeNet": "None", "netInterestIncome": "None", "interestIncome": "None", "interestExpense": "47052000", "nonInterestIncome": "None", "otherNonOperatingIncome": "None", "depreciation": "None", "depreciationAndAmortization": "100122000", "incomeBeforeTax": "325731000", "incomeTaxExpense": "109706000", "interestAndDebtExpense": "None", "netIncomeFromContinuingOperations": "None", "comprehensiveIncomeNetOfTax": "None", "ebit": "372783000", "ebitda": "472905000", "netIncome": "220286000"}, {"fiscalDateEnding": "2005-12-31", "reportedCurrency": "USD", "grossProfit": "585703000", "totalRevenue": "1253724000", "costOfRevenue": "668021000", "costofGoodsAndServicesSold": "668021000", "operatingIncome": "343812000", "sellingGeneralAndAdministrative": "140529000", "researchAndDevelopment": "None", "operatingExpenses": "234056000", "investmentIncomeNet": "None", "netInterestIncome": "None", "interestIncome": "None", "interestExpense": "44437000", "nonInterestIncome": "None", "otherNonOperatingIncome": "None", "depreciation": "None", "depreciationAndAmortization": "93527000", "incomeBeforeTax": "411612000", "incomeTaxExpense": "153038000", "interestAndDebtExpense": "None", "netIncomeFromContinuingOperations": "None", "comprehensiveIncomeNetOfTax": "None", "ebit": "456049000", "ebitda": "549576000", "netIncome": "260055000"}], "quarterlyReports": [{"fiscalDateEnding": "2024-12-31", "reportedCurrency": "USD", "grossProfit": "1083986000", "totalRevenue": "1808270000", "costOfRevenue": "724284000", "costofGoodsAndServicesSold": "724284000", "operatingIncome": "781445000", "sellingGeneralAndAdministrative": "107994000", "researchAndDevelopment": "None", "operatingExpenses": "302541000", "investmentIncomeNet": "None", "netInterestIncome": "-186435000", "interestIncome": "None", "interestExpense": "186435000", "nonInterestIncome": "None", "otherNonOperatingIncome": "None", "depreciation": "None", "depreciationAndAmortization": "620319000", "incomeBeforeTax": "574114000", "incomeTaxExpense": "146869000", "interestAndDebtExpense": "None", "netIncomeFromContinuingOperations": "427245000", "comprehensiveIncomeNetOfTax": "None", "ebit": "760549000", "ebitda": "1380868000", "netIncome": "418395000"}, {"fiscalDateEnding": "2024-09-30", "reportedCurrency": "USD", "grossProfit": "533845000", "totalRevenue": "1216986000", "costOfRevenue": "683141000", "costofGoodsAndServicesSold": "683141000", "operatingIncome": "-281840000", "sellingGeneralAndAdministrative": "28764000", "researchAndDevelopment": "None", "operatingExpenses": "815685000", "investmentIncomeNet": "None", "netInterestIncome": "-158299000", "interestIncome": "None", "interestExpense": "158299000", "nonInterestIncome": "None", "otherNonOperatingIncome": "None", "depreciation": "None", "depreciationAndAmortization": "589299000", "incomeBeforeTax": "-402302000", "incomeTaxExpense": "-104870000", "interestAndDebtExpense": "None", "netIncomeFromContinuingOperations": "-297432000", "comprehensiveIncomeNetOfTax": "None", "ebit": "-244003000", "ebitda": "345296000", "netIncome": "-300823000"}, {"fiscalDateEnding": "2024-06-30", "reportedCurrency": "USD", "grossProfit": "-221435000", "totalRevenue": "891179000", "costOfRevenue": "1112614000", "costofGoodsAndServicesSold": "1112614000", "operatingIncome": "-340832000", "sellingGeneralAndAdministrative": "65545000", "researchAndDevelopment": "None", "operatingExpenses": "119397000", "investmentIncomeNet": "None", "netInterestIncome": "-55720000", "interestIncome": "None", "interestExpense": "55720000", "nonInterestIncome": "None", "otherNonOperatingIncome": "None", "depreciation": "None", "depreciationAndAmortization": "465982000", "incomeBeforeTax": "-34983000", "incomeTaxExpense": "-44222000", "interestAndDebtExpense": "None", "netIncomeFromContinuingOperations": "9239000", "comprehensiveIncomeNetOfTax": "None", "ebit": "20737000", "ebitda": "486719000", "netIncome": "9517000"}, {"fiscalDateEnding": "2024-03-31", "reportedCurrency": "USD", "grossProfit": "170591000", "totalRevenue": "1305757000", "costOfRevenue": "1135166000", "costofGoodsAndServicesSold": "1135166000", "operatingIncome": "97538000", "sellingGeneralAndAdministrative": "72117000", "researchAndDevelopment": "None", "operatingExpenses": "73053000", "investmentIncomeNet": "None", "netInterestIncome": "-54371000", "interestIncome": "None", "interestExpense": "54371000", "nonInterestIncome": "None", "otherNonOperatingIncome": "None", "depreciation": "None", "depreciationAndAmortization": "486750000", "incomeBeforeTax": "127365000", "incomeTaxExpense": "24302000", "interestAndDebtExpense": "None", "netIncomeFromContinuingOperations": "103063000", "comprehensiveIncomeNetOfTax": "None", "ebit": "181736000", "ebitda": "668486000", "netIncome": "103488000"}, {"fiscalDateEnding": "2023-12-31", "reportedCurrency": "USD", "grossProfit": "220360000", "totalRevenue": "1371202000", "costOfRevenue": "1150842000", "costofGoodsAndServicesSold": "1150842000", "operatingIncome": "722717000", "sellingGeneralAndAdministrative": "150785000", "researchAndDevelopment": "None", "operatingExpenses": "26415000", "investmentIncomeNet": "None", "netInterestIncome": "-72804000", "interestIncome": "None", "interestExpense": "72804000", "nonInterestIncome": "None", "otherNonOperatingIncome": "None", "depreciation": "None", "depreciationAndAmortization": "501887000", "incomeBeforeTax": "652426000", "incomeTaxExpense": "150979000", "interestAndDebtExpense": "None", "netIncomeFromContinuingOperations": "501447000", "comprehensiveIncomeNetOfTax": "None", "ebit": "725230000", "ebitda": "1227117000", "netIncome": "502055000"}, {"fiscalDateEnding": "2023-09-30", "reportedCurrency": "USD", "grossProfit": "-60571000", "totalRevenue": "1008196000", "costOfRevenue": "1068767000", "costofGoodsAndServicesSold": "1068767000", "operatingIncome": "15807000", "sellingGeneralAndAdministrative": "50629000", "researchAndDevelopment": "None", "operatingExpenses": "93598000", "investmentIncomeNet": "None", "netInterestIncome": "-60427000", "interestIncome": "60841000", "interestExpense": "60427000", "nonInterestIncome": "None", "otherNonOperatingIncome": "None", "depreciation": "None", "depreciationAndAmortization": "446886000", "incomeBeforeTax": "-46123000", "incomeTaxExpense": "-126853000", "interestAndDebtExpense": "None", "netIncomeFromContinuingOperations": "80730000", "comprehensiveIncomeNetOfTax": "None", "ebit": "14304000", "ebitda": "461190000", "netIncome": "81255000"}, {"fiscalDateEnding": "2023-06-30", "reportedCurrency": "USD", "grossProfit": "-119519000", "totalRevenue": "854365000", "costOfRevenue": "973884000", "costofGoodsAndServicesSold": "973884000", "operatingIncome": "-34993000", "sellingGeneralAndAdministrative": "54123000", "researchAndDevelopment": "None", "operatingExpenses": "74760000", "investmentIncomeNet": "None", "netInterestIncome": "-39883000", "interestIncome": "38229000", "interestExpense": "39883000", "nonInterestIncome": "None", "otherNonOperatingIncome": "-3808000", "depreciation": "None", "depreciationAndAmortization": "395684000", "incomeBeforeTax": "-78684000", "incomeTaxExpense": "-11818000", "interestAndDebtExpense": "None", "netIncomeFromContinuingOperations": "-66866000", "comprehensiveIncomeNetOfTax": "None", "ebit": "-38801000", "ebitda": "356883000", "netIncome": "-66626000"}, {"fiscalDateEnding": "2023-03-31", "reportedCurrency": "USD", "grossProfit": "1400594000", "totalRevenue": "1836219000", "costOfRevenue": "435625000", "costofGoodsAndServicesSold": "435625000", "operatingIncome": "1610880000", "sellingGeneralAndAdministrative": "46033000", "researchAndDevelopment": "None", "operatingExpenses": "-210286000", "investmentIncomeNet": "None", "netInterestIncome": "-46546000", "interestIncome": "41607000", "interestExpense": "46546000", "nonInterestIncome": "None", "otherNonOperatingIncome": "11545000", "depreciation": "None", "depreciationAndAmortization": "391573000", "incomeBeforeTax": "1575879000", "incomeTaxExpense": "356646000", "interestAndDebtExpense": "None", "netIncomeFromContinuingOperations": "1219233000", "comprehensiveIncomeNetOfTax": "None", "ebit": "1622425000", "ebitda": "2013998000", "netIncome": "1218548000"}, {"fiscalDateEnding": "2022-12-31", "reportedCurrency": "USD", "grossProfit": "2894120000", "totalRevenue": "2568139000", "costOfRevenue": "585708000", "costofGoodsAndServicesSold": "585708000", "operatingIncome": "2319776000", "sellingGeneralAndAdministrative": "57042000", "researchAndDevelopment": "None", "operatingExpenses": "1160052000", "investmentIncomeNet": "None", "netInterestIncome": "-55630000", "interestIncome": "46016000", "interestExpense": "55630000", "nonInterestIncome": "None", "otherNonOperatingIncome": "8670000", "depreciation": "None", "depreciationAndAmortization": "-46412000", "incomeBeforeTax": "2272816000", "incomeTaxExpense": "558977000", "interestAndDebtExpense": "None", "netIncomeFromContinuingOperations": "1713839000", "comprehensiveIncomeNetOfTax": "None", "ebit": "2326589000", "ebitda": "2280177000", "netIncome": "1711982000"}, {"fiscalDateEnding": "2022-09-30", "reportedCurrency": "USD", "grossProfit": "2655187000", "totalRevenue": "3694194000", "costOfRevenue": "1041572000", "costofGoodsAndServicesSold": "1041572000", "operatingIncome": "924586000", "sellingGeneralAndAdministrative": "67231000", "researchAndDevelopment": "None", "operatingExpenses": "1144877000", "investmentIncomeNet": "None", "netInterestIncome": "-60138000", "interestIncome": "57104000", "interestExpense": "60138000", "nonInterestIncome": "None", "otherNonOperatingIncome": "-24780000", "depreciation": "None", "depreciationAndAmortization": "451126000", "incomeBeforeTax": "839668000", "incomeTaxExpense": "152206000", "interestAndDebtExpense": "None", "netIncomeFromContinuingOperations": "687462000", "comprehensiveIncomeNetOfTax": "None", "ebit": "896014000", "ebitda": "1347140000", "netIncome": "687462000"}, {"fiscalDateEnding": "2022-06-30", "reportedCurrency": "USD", "grossProfit": "2321200000", "totalRevenue": "3365211000", "costOfRevenue": "1051403000", "costofGoodsAndServicesSold": "1051403000", "operatingIncome": "1361901000", "sellingGeneralAndAdministrative": "59276000", "researchAndDevelopment": "None", "operatingExpenses": "1165607000", "investmentIncomeNet": "None", "netInterestIncome": "-65985000", "interestIncome": "55095000", "interestExpense": "65985000", "nonInterestIncome": "None", "otherNonOperatingIncome": "-93458000", "depreciation": "None", "depreciationAndAmortization": "447220000", "incomeBeforeTax": "1202458000", "incomeTaxExpense": "308234000", "interestAndDebtExpense": "None", "netIncomeFromContinuingOperations": "894224000", "comprehensiveIncomeNetOfTax": "None", "ebit": "1265580000", "ebitda": "1712800000", "netIncome": "894224000"}, {"fiscalDateEnding": "2022-03-31", "reportedCurrency": "USD", "grossProfit": "1489313000", "totalRevenue": "2486624000", "costOfRevenue": "1009214000", "costofGoodsAndServicesSold": "1009214000", "operatingIncome": "-1888266000", "sellingGeneralAndAdministrative": "69096000", "researchAndDevelopment": "None", "operatingExpenses": "1309156000", "investmentIncomeNet": "None", "netInterestIncome": "-67902000", "interestIncome": "85091000", "interestExpense": "67902000", "nonInterestIncome": "None", "otherNonOperatingIncome": "-24112000", "depreciation": "None", "depreciationAndAmortization": "435277000", "incomeBeforeTax": "-1980280000", "incomeTaxExpense": "-465697000", "interestAndDebtExpense": "None", "netIncomeFromContinuingOperations": "-1514583000", "comprehensiveIncomeNetOfTax": "None", "ebit": "-1913843000", "ebitda": "-1478566000", "netIncome": "-1514583000"}, {"fiscalDateEnding": "2021-12-31", "reportedCurrency": "USD", "grossProfit": "1736584000", "totalRevenue": "2811115000", "costOfRevenue": "1086570000", "costofGoodsAndServicesSold": "1086570000", "operatingIncome": "2457347000", "sellingGeneralAndAdministrative": "52343000", "researchAndDevelopment": "None", "operatingExpenses": "2418661000", "investmentIncomeNet": "None", "netInterestIncome": "-76469000", "interestIncome": "63713000", "interestExpense": "76469000", "nonInterestIncome": "None", "otherNonOperatingIncome": "None", "depreciation": "None", "depreciationAndAmortization": "510563000", "incomeBeforeTax": "2393634000", "incomeTaxExpense": "591080000", "interestAndDebtExpense": "None", "netIncomeFromContinuingOperations": "1802554000", "comprehensiveIncomeNetOfTax": "None", "ebit": "2468882000", "ebitda": "2979445000", "netIncome": "1801333000"}, {"fiscalDateEnding": "2021-09-30", "reportedCurrency": "USD", "grossProfit": "796803000", "totalRevenue": "1784050000", "costOfRevenue": "995596000", "costofGoodsAndServicesSold": "995596000", "operatingIncome": "-2609526000", "sellingGeneralAndAdministrative": "49113000", "researchAndDevelopment": "None", "operatingExpenses": "108374000", "investmentIncomeNet": "None", "netInterestIncome": "-80349000", "interestIncome": "32905000", "interestExpense": "80349000", "nonInterestIncome": "None", "otherNonOperatingIncome": "None", "depreciation": "None", "depreciationAndAmortization": "452874000", "incomeBeforeTax": "-2642431000", "incomeTaxExpense": "-662915000", "interestAndDebtExpense": "None", "netIncomeFromContinuingOperations": "-1979516000", "comprehensiveIncomeNetOfTax": "None", "ebit": "-2562683000", "ebitda": "-2109809000", "netIncome": "-1980117000"}, {"fiscalDateEnding": "2021-06-30", "reportedCurrency": "USD", "grossProfit": "193566000", "totalRevenue": "1077904000", "costOfRevenue": "891850000", "costofGoodsAndServicesSold": "891850000", "operatingIncome": "-1217641000", "sellingGeneralAndAdministrative": "49853000", "researchAndDevelopment": "None", "operatingExpenses": "957525000", "investmentIncomeNet": "None", "netInterestIncome": "-76986000", "interestIncome": "61392000", "interestExpense": "76986000", "nonInterestIncome": "None", "otherNonOperatingIncome": "10262000", "depreciation": "None", "depreciationAndAmortization": "391417000", "incomeBeforeTax": "-1284365000", "incomeTaxExpense": "-347846000", "interestAndDebtExpense": "None", "netIncomeFromContinuingOperations": "-936519000", "comprehensiveIncomeNetOfTax": "None", "ebit": "-1207317000", "ebitda": "-815900000", "netIncome": "-933322000"}, {"fiscalDateEnding": "2021-03-31", "reportedCurrency": "USD", "grossProfit": "268606000", "totalRevenue": "1130951000", "costOfRevenue": "870130000", "costofGoodsAndServicesSold": "870130000", "operatingIncome": "8845000", "sellingGeneralAndAdministrative": "54449000", "researchAndDevelopment": "None", "operatingExpenses": "941078000", "investmentIncomeNet": "None", "netInterestIncome": "-75099000", "interestIncome": "59947000", "interestExpense": "75099000", "nonInterestIncome": "None", "otherNonOperatingIncome": "10728000", "depreciation": "None", "depreciationAndAmortization": "388084000", "incomeBeforeTax": "-55526000", "incomeTaxExpense": "-14494000", "interestAndDebtExpense": "None", "netIncomeFromContinuingOperations": "-41032000", "comprehensiveIncomeNetOfTax": "None", "ebit": "20087000", "ebitda": "408171000", "netIncome": "-37941000"}, {"fiscalDateEnding": "2020-12-31", "reportedCurrency": "USD", "grossProfit": "-8935000", "totalRevenue": "841051000", "costOfRevenue": "849986000", "costofGoodsAndServicesSold": "849986000", "operatingIncome": "146083000", "sellingGeneralAndAdministrative": "174769000", "researchAndDevelopment": "None", "operatingExpenses": "62622000", "investmentIncomeNet": "None", "netInterestIncome": "-74286000", "interestIncome": "80602000", "interestExpense": "74286000", "nonInterestIncome": "None", "otherNonOperatingIncome": "-11039000", "depreciation": "None", "depreciationAndAmortization": "387567000", "incomeBeforeTax": "60758000", "incomeTaxExpense": "-2920000", "interestAndDebtExpense": "None", "netIncomeFromContinuingOperations": "63678000", "comprehensiveIncomeNetOfTax": "None", "ebit": "366414000", "ebitda": "753981000", "netIncome": "63688000"}, {"fiscalDateEnding": "2020-09-30", "reportedCurrency": "USD", "grossProfit": "-216557000", "totalRevenue": "599309000", "costOfRevenue": "815866000", "costofGoodsAndServicesSold": "815866000", "operatingIncome": "-760195000", "sellingGeneralAndAdministrative": "56013000", "researchAndDevelopment": "None", "operatingExpenses": "59490000", "investmentIncomeNet": "None", "netInterestIncome": "-69154000", "interestIncome": "62453000", "interestExpense": "69154000", "nonInterestIncome": "None", "otherNonOperatingIncome": "2952000", "depreciation": "None", "depreciationAndAmortization": "361127000", "incomeBeforeTax": "-826397000", "incomeTaxExpense": "-225757000", "interestAndDebtExpense": "None", "netIncomeFromContinuingOperations": "-600640000", "comprehensiveIncomeNetOfTax": "None", "ebit": "-769865000", "ebitda": "-408738000", "netIncome": "-600640000"}, {"fiscalDateEnding": "2020-06-30", "reportedCurrency": "USD", "grossProfit": "-273890000", "totalRevenue": "500648000", "costOfRevenue": "774538000", "costofGoodsAndServicesSold": "774538000", "operatingIncome": "-386912000", "sellingGeneralAndAdministrative": "41465000", "researchAndDevelopment": "None", "operatingExpenses": "44217000", "investmentIncomeNet": "None", "netInterestIncome": "-65386000", "interestIncome": "21187000", "interestExpense": "65386000", "nonInterestIncome": "None", "otherNonOperatingIncome": "86220000", "depreciation": "None", "depreciationAndAmortization": "339884000", "incomeBeforeTax": "-366078000", "incomeTaxExpense": "-103003000", "interestAndDebtExpense": "None", "netIncomeFromContinuingOperations": "-263075000", "comprehensiveIncomeNetOfTax": "None", "ebit": "-296426000", "ebitda": "43458000", "netIncome": "-263075000"}, {"fiscalDateEnding": "2020-03-31", "reportedCurrency": "USD", "grossProfit": "-127597000", "totalRevenue": "717621000", "costOfRevenue": "845218000", "costofGoodsAndServicesSold": "845218000", "operatingIncome": "123358000", "sellingGeneralAndAdministrative": "32518000", "researchAndDevelopment": "None", "operatingExpenses": "35861000", "investmentIncomeNet": "None", "netInterestIncome": "-62374000", "interestIncome": "241065000", "interestExpense": "62374000", "nonInterestIncome": "None", "otherNonOperatingIncome": "-382524000", "depreciation": "None", "depreciationAndAmortization": "368307000", "incomeBeforeTax": "-134317000", "incomeTaxExpense": "32822000", "interestAndDebtExpense": "None", "netIncomeFromContinuingOperations": "-167139000", "comprehensiveIncomeNetOfTax": "None", "ebit": "-75246000", "ebitda": "293061000", "netIncome": "-167139000"}, {"fiscalDateEnding": "2019-12-31", "reportedCurrency": "USD", "grossProfit": "-15722000", "totalRevenue": "850801000", "costOfRevenue": "866523000", "costofGoodsAndServicesSold": "866523000", "operatingIncome": "-1462067000", "sellingGeneralAndAdministrative": "38444000", "researchAndDevelopment": "None", "operatingExpenses": "39311000", "investmentIncomeNet": "None", "netInterestIncome": "-45066000", "interestIncome": "81389000", "interestExpense": "45066000", "nonInterestIncome": "None", "otherNonOperatingIncome": "31269000", "depreciation": "None", "depreciationAndAmortization": "395614000", "incomeBeforeTax": "-1543456000", "incomeTaxExpense": "-366532000", "interestAndDebtExpense": "None", "netIncomeFromContinuingOperations": "-1176924000", "comprehensiveIncomeNetOfTax": "None", "ebit": "-1502561000", "ebitda": "-1106947000", "netIncome": "-1176924000"}, {"fiscalDateEnding": "2019-09-30", "reportedCurrency": "USD", "grossProfit": "-103248000", "totalRevenue": "771263000", "costOfRevenue": "874511000", "costofGoodsAndServicesSold": "874511000", "operatingIncome": "-161529000", "sellingGeneralAndAdministrative": "77740000", "researchAndDevelopment": "None", "operatingExpenses": "82868000", "investmentIncomeNet": "None", "netInterestIncome": "-47709000", "interestIncome": "285842000", "interestExpense": "47709000", "nonInterestIncome": "None", "otherNonOperatingIncome": "-261093000", "depreciation": "None", "depreciationAndAmortization": "405725000", "incomeBeforeTax": "-447371000", "incomeTaxExpense": "-86343000", "interestAndDebtExpense": "None", "netIncomeFromContinuingOperations": "-361028000", "comprehensiveIncomeNetOfTax": "None", "ebit": "-406682000", "ebitda": "-957000", "netIncome": "-361028000"}, {"fiscalDateEnding": "2019-06-30", "reportedCurrency": "USD", "grossProfit": "46562000", "totalRevenue": "902617000", "costOfRevenue": "856055000", "costofGoodsAndServicesSold": "856055000", "operatingIncome": "296030000", "sellingGeneralAndAdministrative": "84118000", "researchAndDevelopment": "None", "operatingExpenses": "88065000", "investmentIncomeNet": "None", "netInterestIncome": "-50503000", "interestIncome": "131599000", "interestExpense": "50503000", "nonInterestIncome": "None", "otherNonOperatingIncome": "-104741000", "depreciation": "None", "depreciationAndAmortization": "390539000", "incomeBeforeTax": "164431000", "incomeTaxExpense": "38865000", "interestAndDebtExpense": "None", "netIncomeFromContinuingOperations": "125566000", "comprehensiveIncomeNetOfTax": "None", "ebit": "403932000", "ebitda": "794471000", "netIncome": "125566000"}, {"fiscalDateEnding": "2019-03-31", "reportedCurrency": "USD", "grossProfit": "391060000", "totalRevenue": "1275169000", "costOfRevenue": "884109000", "costofGoodsAndServicesSold": "884109000", "operatingIncome": "175456000", "sellingGeneralAndAdministrative": "45422000", "researchAndDevelopment": "None", "operatingExpenses": "49985000", "investmentIncomeNet": "None", "netInterestIncome": "-56573000", "interestIncome": "None", "interestExpense": "56573000", "nonInterestIncome": "None", "otherNonOperatingIncome": "89055000", "depreciation": "None", "depreciationAndAmortization": "406079000", "incomeBeforeTax": "228925000", "incomeTaxExpense": "38234000", "interestAndDebtExpense": "None", "netIncomeFromContinuingOperations": "190691000", "comprehensiveIncomeNetOfTax": "None", "ebit": "209079000", "ebitda": "615158000", "netIncome": "190691000"}, {"fiscalDateEnding": "2018-12-31", "reportedCurrency": "USD", "grossProfit": "524315000", "totalRevenue": "1429349000", "costOfRevenue": "905034000", "costofGoodsAndServicesSold": "905034000", "operatingIncome": "-570691000", "sellingGeneralAndAdministrative": "88392000", "researchAndDevelopment": "0", "operatingExpenses": "129921000", "investmentIncomeNet": "None", "netInterestIncome": "None", "interestIncome": "None", "interestExpense": "57747000", "nonInterestIncome": "None", "otherNonOperatingIncome": "-108441000", "depreciation": "None", "depreciationAndAmortization": "10342000", "incomeBeforeTax": "-697850000", "incomeTaxExpense": "-99788000", "interestAndDebtExpense": "None", "netIncomeFromContinuingOperations": "-1135735000", "comprehensiveIncomeNetOfTax": "None", "ebit": "314640000", "ebitda": "324982000", "netIncome": "-636687000"}, {"fiscalDateEnding": "2018-09-30", "reportedCurrency": "USD", "grossProfit": "476748000", "totalRevenue": "1161945000", "costOfRevenue": "685197000", "costofGoodsAndServicesSold": "685197000", "operatingIncome": "71824000", "sellingGeneralAndAdministrative": "49556000", "researchAndDevelopment": "0", "operatingExpenses": "111064000", "investmentIncomeNet": "None", "netInterestIncome": "None", "interestIncome": "None", "interestExpense": "93042000", "nonInterestIncome": "None", "otherNonOperatingIncome": "21755000", "depreciation": "None", "depreciationAndAmortization": "456039000", "incomeBeforeTax": "537000", "incomeTaxExpense": "-62911000", "interestAndDebtExpense": "None", "netIncomeFromContinuingOperations": "63448000", "comprehensiveIncomeNetOfTax": "None", "ebit": "-384215000", "ebitda": "71824000", "netIncome": "-39693000"}, {"fiscalDateEnding": "2018-06-30", "reportedCurrency": "USD", "grossProfit": "422236000", "totalRevenue": "1108568000", "costOfRevenue": "686332000", "costofGoodsAndServicesSold": "686332000", "operatingIncome": "99969000", "sellingGeneralAndAdministrative": "39390000", "researchAndDevelopment": "0", "operatingExpenses": "124297000", "investmentIncomeNet": "None", "netInterestIncome": "None", "interestIncome": "None", "interestExpense": "77004000", "nonInterestIncome": "None", "otherNonOperatingIncome": "11752000", "depreciation": "None", "depreciationAndAmortization": "438401000", "incomeBeforeTax": "34717000", "incomeTaxExpense": "-101629000", "interestAndDebtExpense": "None", "netIncomeFromContinuingOperations": "136346000", "comprehensiveIncomeNetOfTax": "None", "ebit": "-338432000", "ebitda": "99969000", "netIncome": "17806000"}, {"fiscalDateEnding": "2018-03-31", "reportedCurrency": "USD", "grossProfit": "662107000", "totalRevenue": "1370991000", "costOfRevenue": "708884000", "costofGoodsAndServicesSold": "708884000", "operatingIncome": "-1723516000", "sellingGeneralAndAdministrative": "92002000", "researchAndDevelopment": "0", "operatingExpenses": "83459000", "investmentIncomeNet": "None", "netInterestIncome": "None", "interestIncome": "None", "interestExpense": "70013000", "nonInterestIncome": "None", "otherNonOperatingIncome": "9585000", "depreciation": "None", "depreciationAndAmortization": "20728000", "incomeBeforeTax": "-1783944000", "incomeTaxExpense": "-338965000", "interestAndDebtExpense": "None", "netIncomeFromContinuingOperations": "-1444979000", "comprehensiveIncomeNetOfTax": "None", "ebit": "-1437781000", "ebitda": "-1417053000", "netIncome": "-1585994000"}, {"fiscalDateEnding": "2017-12-31", "reportedCurrency": "USD", "grossProfit": "384733000", "totalRevenue": "961958000", "costOfRevenue": "577225000", "costofGoodsAndServicesSold": "577225000", "operatingIncome": "214849000", "sellingGeneralAndAdministrative": "56427000", "researchAndDevelopment": "0", "operatingExpenses": "114944000", "investmentIncomeNet": "None", "netInterestIncome": "None", "interestIncome": "None", "interestExpense": "65662000", "nonInterestIncome": "None", "otherNonOperatingIncome": "-4564000", "depreciation": "None", "depreciationAndAmortization": "10940000", "incomeBeforeTax": "144623000", "incomeTaxExpense": "-1234712000", "interestAndDebtExpense": "None", "netIncomeFromContinuingOperations": "1379335000", "comprehensiveIncomeNetOfTax": "None", "ebit": "568513000", "ebitda": "579453000", "netIncome": "1280071000"}, {"fiscalDateEnding": "2017-09-30", "reportedCurrency": "USD", "grossProfit": "202279000", "totalRevenue": "624688000", "costOfRevenue": "422409000", "costofGoodsAndServicesSold": "422409000", "operatingIncome": "137694000", "sellingGeneralAndAdministrative": "5435000", "researchAndDevelopment": "0", "operatingExpenses": "100210000", "investmentIncomeNet": "None", "netInterestIncome": "None", "interestIncome": "None", "interestExpense": "50377000", "nonInterestIncome": "None", "otherNonOperatingIncome": "6859000", "depreciation": "None", "depreciationAndAmortization": "246560000", "incomeBeforeTax": "94176000", "incomeTaxExpense": "-11281000", "interestAndDebtExpense": "None", "netIncomeFromContinuingOperations": "105457000", "comprehensiveIncomeNetOfTax": "None", "ebit": "144553000", "ebitda": "391113000", "netIncome": "23340000"}, {"fiscalDateEnding": "2017-06-30", "reportedCurrency": "USD", "grossProfit": "224539000", "totalRevenue": "644567000", "costOfRevenue": "420028000", "costofGoodsAndServicesSold": "420028000", "operatingIncome": "189794000", "sellingGeneralAndAdministrative": "10844000", "researchAndDevelopment": "0", "operatingExpenses": "81071000", "investmentIncomeNet": "None", "netInterestIncome": "None", "interestIncome": "None", "interestExpense": "44078000", "nonInterestIncome": "None", "otherNonOperatingIncome": "6638000", "depreciation": "None", "depreciationAndAmortization": "240817000", "incomeBeforeTax": "152354000", "incomeTaxExpense": "29709000", "interestAndDebtExpense": "None", "netIncomeFromContinuingOperations": "122645000", "comprehensiveIncomeNetOfTax": "None", "ebit": "196432000", "ebitda": "437249000", "netIncome": "41126000"}, {"fiscalDateEnding": "2017-03-31", "reportedCurrency": "USD", "grossProfit": "345368000", "totalRevenue": "756781000", "costOfRevenue": "411413000", "costofGoodsAndServicesSold": "411413000", "operatingIncome": "390644000", "sellingGeneralAndAdministrative": "11258000", "researchAndDevelopment": "0", "operatingExpenses": "95466000", "investmentIncomeNet": "None", "netInterestIncome": "None", "interestIncome": "None", "interestExpense": "42655000", "nonInterestIncome": "None", "otherNonOperatingIncome": "3381000", "depreciation": "None", "depreciationAndAmortization": "231918000", "incomeBeforeTax": "351370000", "incomeTaxExpense": "100665000", "interestAndDebtExpense": "None", "netIncomeFromContinuingOperations": "250705000", "comprehensiveIncomeNetOfTax": "None", "ebit": "390977000", "ebitda": "622895000", "netIncome": "163992000"}, {"fiscalDateEnding": "2016-12-31", "reportedCurrency": "USD", "grossProfit": "187431000", "totalRevenue": "595671000", "costOfRevenue": "408240000", "costofGoodsAndServicesSold": "408240000", "operatingIncome": "-189466000", "sellingGeneralAndAdministrative": "76122000", "researchAndDevelopment": "0", "operatingExpenses": "101586000", "investmentIncomeNet": "None", "netInterestIncome": "None", "interestIncome": "None", "interestExpense": "39451000", "nonInterestIncome": "None", "otherNonOperatingIncome": "None", "depreciation": "None", "depreciationAndAmortization": "244972000", "incomeBeforeTax": "-220423000", "incomeTaxExpense": "-111638000", "interestAndDebtExpense": "None", "netIncomeFromContinuingOperations": "-1558057000", "comprehensiveIncomeNetOfTax": "None", "ebit": "-180972000", "ebitda": "64000000", "netIncome": "-191958000"}, {"fiscalDateEnding": "2016-09-30", "reportedCurrency": "USD", "grossProfit": "110341000", "totalRevenue": "463370000", "costOfRevenue": "353029000", "costofGoodsAndServicesSold": "353029000", "operatingIncome": "108457000", "sellingGeneralAndAdministrative": "1953000", "researchAndDevelopment": "0", "operatingExpenses": "95240000", "investmentIncomeNet": "None", "netInterestIncome": "None", "interestIncome": "None", "interestExpense": "35984000", "nonInterestIncome": "None", "otherNonOperatingIncome": "10715000", "depreciation": "None", "depreciationAndAmortization": "237088000", "incomeBeforeTax": "83188000", "incomeTaxExpense": "13084000", "interestAndDebtExpense": "None", "netIncomeFromContinuingOperations": "70104000", "comprehensiveIncomeNetOfTax": "None", "ebit": "119172000", "ebitda": "356260000", "netIncome": "-8016000"}, {"fiscalDateEnding": "2016-06-30", "reportedCurrency": "USD", "grossProfit": "20344000", "totalRevenue": "362224000", "costOfRevenue": "341880000", "costofGoodsAndServicesSold": "341880000", "operatingIncome": "-324492000", "sellingGeneralAndAdministrative": "19607000", "researchAndDevelopment": "0", "operatingExpenses": "110143000", "investmentIncomeNet": "None", "netInterestIncome": "None", "interestIncome": "None", "interestExpense": "36305000", "nonInterestIncome": "None", "otherNonOperatingIncome": "7644000", "depreciation": "None", "depreciationAndAmortization": "224629000", "incomeBeforeTax": "-353153000", "incomeTaxExpense": "-172346000", "interestAndDebtExpense": "None", "netIncomeFromContinuingOperations": "-180807000", "comprehensiveIncomeNetOfTax": "None", "ebit": "-316848000", "ebitda": "-92219000", "netIncome": "-258645000"}, {"fiscalDateEnding": "2016-03-31", "reportedCurrency": "USD", "grossProfit": "110754000", "totalRevenue": "436074000", "costOfRevenue": "325320000", "costofGoodsAndServicesSold": "325320000", "operatingIncome": "127201000", "sellingGeneralAndAdministrative": "13705000", "researchAndDevelopment": "0", "operatingExpenses": "92548000", "investmentIncomeNet": "None", "netInterestIncome": "None", "interestIncome": "None", "interestExpense": "36180000", "nonInterestIncome": "None", "otherNonOperatingIncome": "4840000", "depreciation": "None", "depreciationAndAmortization": "221231000", "incomeBeforeTax": "95861000", "incomeTaxExpense": "7436000", "interestAndDebtExpense": "None", "netIncomeFromContinuingOperations": "88425000", "comprehensiveIncomeNetOfTax": "None", "ebit": "132041000", "ebitda": "353272000", "netIncome": "5636000"}, {"fiscalDateEnding": "2015-12-31", "reportedCurrency": "USD", "grossProfit": "108776000", "totalRevenue": "424732000", "costOfRevenue": "315956000", "costofGoodsAndServicesSold": "315956000", "operatingIncome": "45291000", "sellingGeneralAndAdministrative": "56510000", "researchAndDevelopment": "0", "operatingExpenses": "121916000", "investmentIncomeNet": "None", "netInterestIncome": "None", "interestIncome": "None", "interestExpense": "35935000", "nonInterestIncome": "None", "otherNonOperatingIncome": "3664000", "depreciation": "None", "depreciationAndAmortization": "219425000", "incomeBeforeTax": "13020000", "incomeTaxExpense": "76282000", "interestAndDebtExpense": "None", "netIncomeFromContinuingOperations": "-63262000", "comprehensiveIncomeNetOfTax": "None", "ebit": "48955000", "ebitda": "268380000", "netIncome": "-134579000"}, {"fiscalDateEnding": "2015-09-30", "reportedCurrency": "USD", "grossProfit": "109987000", "totalRevenue": "415752000", "costOfRevenue": "305765000", "costofGoodsAndServicesSold": "305765000", "operatingIncome": "170055000", "sellingGeneralAndAdministrative": "3858000", "researchAndDevelopment": "0", "operatingExpenses": "101195000", "investmentIncomeNet": "None", "netInterestIncome": "None", "interestIncome": "None", "interestExpense": "36547000", "nonInterestIncome": "None", "otherNonOperatingIncome": "2661000", "depreciation": "None", "depreciationAndAmortization": "208227000", "incomeBeforeTax": "136169000", "incomeTaxExpense": "35936000", "interestAndDebtExpense": "None", "netIncomeFromContinuingOperations": "100233000", "comprehensiveIncomeNetOfTax": "None", "ebit": "172716000", "ebitda": "380943000", "netIncome": "40787000"}, {"fiscalDateEnding": "2015-06-30", "reportedCurrency": "USD", "grossProfit": "137662000", "totalRevenue": "428915000", "costOfRevenue": "291253000", "costofGoodsAndServicesSold": "291253000", "operatingIncome": "33034000", "sellingGeneralAndAdministrative": "3831000", "researchAndDevelopment": "0", "operatingExpenses": "108887000", "investmentIncomeNet": "None", "netInterestIncome": "None", "interestIncome": "None", "interestExpense": "36833000", "nonInterestIncome": "None", "otherNonOperatingIncome": "2689000", "depreciation": "None", "depreciationAndAmortization": "196819000", "incomeBeforeTax": "-1110000", "incomeTaxExpense": "-64857000", "interestAndDebtExpense": "None", "netIncomeFromContinuingOperations": "63747000", "comprehensiveIncomeNetOfTax": "None", "ebit": "35723000", "ebitda": "232542000", "netIncome": "5536000"}, {"fiscalDateEnding": "2015-03-31", "reportedCurrency": "USD", "grossProfit": "379346000", "totalRevenue": "665181000", "costOfRevenue": "285835000", "costofGoodsAndServicesSold": "285835000", "operatingIncome": "314759000", "sellingGeneralAndAdministrative": "67378000", "researchAndDevelopment": "0", "operatingExpenses": "108179000", "investmentIncomeNet": "None", "netInterestIncome": "None", "interestIncome": "None", "interestExpense": "37216000", "nonInterestIncome": "None", "otherNonOperatingIncome": "939000", "depreciation": "None", "depreciationAndAmortization": "194745000", "incomeBeforeTax": "278482000", "incomeTaxExpense": "57314000", "interestAndDebtExpense": "None", "netIncomeFromContinuingOperations": "221168000", "comprehensiveIncomeNetOfTax": "None", "ebit": "315698000", "ebitda": "510443000", "netIncome": "173427000"}, {"fiscalDateEnding": "2014-12-31", "reportedCurrency": "USD", "grossProfit": "416794000", "totalRevenue": "703194000", "costOfRevenue": "286400000", "costofGoodsAndServicesSold": "286400000", "operatingIncome": "40330000", "sellingGeneralAndAdministrative": "68752000", "researchAndDevelopment": "0", "operatingExpenses": "105522000", "investmentIncomeNet": "None", "netInterestIncome": "None", "interestIncome": "None", "interestExpense": "36979000", "nonInterestIncome": "None", "otherNonOperatingIncome": "719000", "depreciation": "None", "depreciationAndAmortization": "194390000", "incomeBeforeTax": "4070000", "incomeTaxExpense": "-25828000", "interestAndDebtExpense": "None", "netIncomeFromContinuingOperations": "29898000", "comprehensiveIncomeNetOfTax": "None", "ebit": "41049000", "ebitda": "235439000", "netIncome": "-14704000"}, {"fiscalDateEnding": "2014-09-30", "reportedCurrency": "USD", "grossProfit": "320184000", "totalRevenue": "578723000", "costOfRevenue": "258539000", "costofGoodsAndServicesSold": "258539000", "operatingIncome": "231503000", "sellingGeneralAndAdministrative": "57131000", "researchAndDevelopment": "0", "operatingExpenses": "88681000", "investmentIncomeNet": "None", "netInterestIncome": "None", "interestIncome": "None", "interestExpense": "35717000", "nonInterestIncome": "None", "otherNonOperatingIncome": "1004000", "depreciation": "None", "depreciationAndAmortization": "175578000", "incomeBeforeTax": "196790000", "incomeTaxExpense": "64496000", "interestAndDebtExpense": "None", "netIncomeFromContinuingOperations": "132294000", "comprehensiveIncomeNetOfTax": "None", "ebit": "232507000", "ebitda": "408085000", "netIncome": "98555000"}, {"fiscalDateEnding": "2014-06-30", "reportedCurrency": "USD", "grossProfit": "285344000", "totalRevenue": "526168000", "costOfRevenue": "240824000", "costofGoodsAndServicesSold": "240824000", "operatingIncome": "224771000", "sellingGeneralAndAdministrative": "63283000", "researchAndDevelopment": "0", "operatingExpenses": "98322000", "investmentIncomeNet": "None", "netInterestIncome": "None", "interestIncome": "None", "interestExpense": "31873000", "nonInterestIncome": "None", "otherNonOperatingIncome": "2579000", "depreciation": "None", "depreciationAndAmortization": "157219000", "incomeBeforeTax": "195477000", "incomeTaxExpense": "59089000", "interestAndDebtExpense": "None", "netIncomeFromContinuingOperations": "136388000", "comprehensiveIncomeNetOfTax": "None", "ebit": "227350000", "ebitda": "384569000", "netIncome": "110921000"}, {"fiscalDateEnding": "2014-03-31", "reportedCurrency": "USD", "grossProfit": "432399000", "totalRevenue": "661625000", "costOfRevenue": "229226000", "costofGoodsAndServicesSold": "229226000", "operatingIncome": "356791000", "sellingGeneralAndAdministrative": "48968000", "researchAndDevelopment": "0", "operatingExpenses": "75608000", "investmentIncomeNet": "None", "netInterestIncome": "None", "interestIncome": "None", "interestExpense": "31968000", "nonInterestIncome": "None", "otherNonOperatingIncome": "2551000", "depreciation": "None", "depreciationAndAmortization": "152111000", "incomeBeforeTax": "327374000", "incomeTaxExpense": "116335000", "interestAndDebtExpense": "None", "netIncomeFromContinuingOperations": "211039000", "comprehensiveIncomeNetOfTax": "None", "ebit": "359342000", "ebitda": "511453000", "netIncome": "192193000"}, {"fiscalDateEnding": "2013-12-31", "reportedCurrency": "USD", "grossProfit": "247453000", "totalRevenue": "493429000", "costOfRevenue": "245976000", "costofGoodsAndServicesSold": "245976000", "operatingIncome": "181081000", "sellingGeneralAndAdministrative": "38477000", "researchAndDevelopment": "0", "operatingExpenses": "85990000", "investmentIncomeNet": "None", "netInterestIncome": "None", "interestIncome": "None", "interestExpense": "31998000", "nonInterestIncome": "None", "otherNonOperatingIncome": "2396000", "depreciation": "None", "depreciationAndAmortization": "183229000", "incomeBeforeTax": "151693000", "incomeTaxExpense": "73159000", "interestAndDebtExpense": "None", "netIncomeFromContinuingOperations": "39963000", "comprehensiveIncomeNetOfTax": "None", "ebit": "116522000", "ebitda": "299751000", "netIncome": "115205000"}, {"fiscalDateEnding": "2013-09-30", "reportedCurrency": "USD", "grossProfit": "265609000", "totalRevenue": "506598000", "costOfRevenue": "240989000", "costofGoodsAndServicesSold": "240989000", "operatingIncome": "170548000", "sellingGeneralAndAdministrative": "52944000", "researchAndDevelopment": "0", "operatingExpenses": "95061000", "investmentIncomeNet": "None", "netInterestIncome": "None", "interestIncome": "None", "interestExpense": "35554000", "nonInterestIncome": "None", "otherNonOperatingIncome": "2405000", "depreciation": "None", "depreciationAndAmortization": "175648000", "incomeBeforeTax": "137399000", "incomeTaxExpense": "34789000", "interestAndDebtExpense": "None", "netIncomeFromContinuingOperations": "102610000", "comprehensiveIncomeNetOfTax": "None", "ebit": "169374000", "ebitda": "345022000", "netIncome": "88256000"}, {"fiscalDateEnding": "2013-06-30", "reportedCurrency": "USD", "grossProfit": "273403000", "totalRevenue": "520092000", "costOfRevenue": "246689000", "costofGoodsAndServicesSold": "246689000", "operatingIncome": "171295000", "sellingGeneralAndAdministrative": "60930000", "researchAndDevelopment": "0", "operatingExpenses": "102108000", "investmentIncomeNet": "None", "netInterestIncome": "None", "interestIncome": "None", "interestExpense": "37384000", "nonInterestIncome": "None", "otherNonOperatingIncome": "2111000", "depreciation": "None", "depreciationAndAmortization": "168577000", "incomeBeforeTax": "136022000", "incomeTaxExpense": "41904000", "interestAndDebtExpense": "None", "netIncomeFromContinuingOperations": "94118000", "comprehensiveIncomeNetOfTax": "None", "ebit": "164021000", "ebitda": "332598000", "netIncome": "86856000"}, {"fiscalDateEnding": "2013-03-31", "reportedCurrency": "USD", "grossProfit": "284086000", "totalRevenue": "558660000", "costOfRevenue": "274574000", "costofGoodsAndServicesSold": "274574000", "operatingIncome": "198635000", "sellingGeneralAndAdministrative": "48498000", "researchAndDevelopment": "0", "operatingExpenses": "85451000", "investmentIncomeNet": "None", "netInterestIncome": "None", "interestIncome": "None", "interestExpense": "37752000", "nonInterestIncome": "None", "otherNonOperatingIncome": "2330000", "depreciation": "None", "depreciationAndAmortization": "149116000", "incomeBeforeTax": "163213000", "incomeTaxExpense": "53932000", "interestAndDebtExpense": "None", "netIncomeFromContinuingOperations": "109281000", "comprehensiveIncomeNetOfTax": "None", "ebit": "146760000", "ebitda": "295876000", "netIncome": "100255000"}, {"fiscalDateEnding": "2012-12-31", "reportedCurrency": "USD", "grossProfit": "251849000", "totalRevenue": "489787000", "costOfRevenue": "237938000", "costofGoodsAndServicesSold": "237938000", "operatingIncome": "150990000", "sellingGeneralAndAdministrative": "58896000", "researchAndDevelopment": "0", "operatingExpenses": "100859000", "investmentIncomeNet": "None", "netInterestIncome": "None", "interestIncome": "None", "interestExpense": "62445000", "nonInterestIncome": "None", "otherNonOperatingIncome": "None", "depreciation": "None", "depreciationAndAmortization": "144301000", "incomeBeforeTax": "90669000", "incomeTaxExpense": "34443000", "interestAndDebtExpense": "None", "netIncomeFromContinuingOperations": "0", "comprehensiveIncomeNetOfTax": "None", "ebit": "153114000", "ebitda": "297415000", "netIncome": "48041000"}, {"fiscalDateEnding": "2012-09-30", "reportedCurrency": "USD", "grossProfit": "269040000", "totalRevenue": "364057000", "costOfRevenue": "95017000", "costofGoodsAndServicesSold": "95017000", "operatingIncome": "85761000", "sellingGeneralAndAdministrative": "51481000", "researchAndDevelopment": "0", "operatingExpenses": "183092000", "investmentIncomeNet": "None", "netInterestIncome": "None", "interestIncome": "None", "interestExpense": "40460000", "nonInterestIncome": "None", "otherNonOperatingIncome": "None", "depreciation": "None", "depreciationAndAmortization": "131611000", "incomeBeforeTax": "48289000", "incomeTaxExpense": "11585000", "interestAndDebtExpense": "None", "netIncomeFromContinuingOperations": "0", "comprehensiveIncomeNetOfTax": "None", "ebit": "88749000", "ebitda": "220360000", "netIncome": "31873000"}, {"fiscalDateEnding": "2012-06-30", "reportedCurrency": "USD", "grossProfit": "238863000", "totalRevenue": "337804000", "costOfRevenue": "98941000", "costofGoodsAndServicesSold": "98941000", "operatingIncome": "81404000", "sellingGeneralAndAdministrative": "41778000", "researchAndDevelopment": "0", "operatingExpenses": "157459000", "investmentIncomeNet": "None", "netInterestIncome": "None", "interestIncome": "None", "interestExpense": "40629000", "nonInterestIncome": "None", "otherNonOperatingIncome": "None", "depreciation": "None", "depreciationAndAmortization": "115681000", "incomeBeforeTax": "46024000", "incomeTaxExpense": "14578000", "interestAndDebtExpense": "None", "netIncomeFromContinuingOperations": "0", "comprehensiveIncomeNetOfTax": "None", "ebit": "86653000", "ebitda": "202334000", "netIncome": "31446000"}, {"fiscalDateEnding": "2012-03-31", "reportedCurrency": "USD", "grossProfit": "302653000", "totalRevenue": "449960000", "costOfRevenue": "147307000", "costofGoodsAndServicesSold": "147307000", "operatingIncome": "153296000", "sellingGeneralAndAdministrative": "42942000", "researchAndDevelopment": "0", "operatingExpenses": "150467000", "investmentIncomeNet": "None", "netInterestIncome": "None", "interestIncome": "None", "interestExpense": "41252000", "nonInterestIncome": "None", "otherNonOperatingIncome": "None", "depreciation": "None", "depreciationAndAmortization": "107525000", "incomeBeforeTax": "116725000", "incomeTaxExpense": "44690000", "interestAndDebtExpense": "None", "netIncomeFromContinuingOperations": "0", "comprehensiveIncomeNetOfTax": "None", "ebit": "157977000", "ebitda": "265502000", "netIncome": "72035000"}, {"fiscalDateEnding": "2011-12-31", "reportedCurrency": "USD", "grossProfit": "317077000", "totalRevenue": "498543000", "costOfRevenue": "181466000", "costofGoodsAndServicesSold": "181466000", "operatingIncome": "375681000", "sellingGeneralAndAdministrative": "47722000", "researchAndDevelopment": "0", "operatingExpenses": "144324000", "investmentIncomeNet": "None", "netInterestIncome": "None", "interestIncome": "None", "interestExpense": "37686000", "nonInterestIncome": "None", "otherNonOperatingIncome": "None", "depreciation": "None", "depreciationAndAmortization": "91670000", "incomeBeforeTax": "141257000", "incomeTaxExpense": "50411000", "interestAndDebtExpense": "None", "netIncomeFromContinuingOperations": "0", "comprehensiveIncomeNetOfTax": "None", "ebit": "178943000", "ebitda": "270613000", "netIncome": "90846000"}, {"fiscalDateEnding": "2011-09-30", "reportedCurrency": "USD", "grossProfit": "266929000", "totalRevenue": "336720000", "costOfRevenue": "69791000", "costofGoodsAndServicesSold": "69791000", "operatingIncome": "134841000", "sellingGeneralAndAdministrative": "44745000", "researchAndDevelopment": "0", "operatingExpenses": "132088000", "investmentIncomeNet": "None", "netInterestIncome": "None", "interestIncome": "None", "interestExpense": "32503000", "nonInterestIncome": "None", "otherNonOperatingIncome": "183241000", "depreciation": "None", "depreciationAndAmortization": "87343000", "incomeBeforeTax": "285579000", "incomeTaxExpense": "106665000", "interestAndDebtExpense": "None", "netIncomeFromContinuingOperations": "178914000", "comprehensiveIncomeNetOfTax": "None", "ebit": "318082000", "ebitda": "405425000", "netIncome": "178914000"}, {"fiscalDateEnding": "2011-06-30", "reportedCurrency": "USD", "grossProfit": "275992000", "totalRevenue": "349000000", "costOfRevenue": "73008000", "costofGoodsAndServicesSold": "73008000", "operatingIncome": "153170000", "sellingGeneralAndAdministrative": "40936000", "researchAndDevelopment": "0", "operatingExpenses": "122822000", "investmentIncomeNet": "None", "netInterestIncome": "None", "interestIncome": "None", "interestExpense": "33287000", "nonInterestIncome": "None", "otherNonOperatingIncome": "18046000", "depreciation": "None", "depreciationAndAmortization": "81886000", "incomeBeforeTax": "137929000", "incomeTaxExpense": "50175000", "interestAndDebtExpense": "None", "netIncomeFromContinuingOperations": "87754000", "comprehensiveIncomeNetOfTax": "None", "ebit": "171216000", "ebitda": "253102000", "netIncome": "87754000"}, {"fiscalDateEnding": "2011-03-31", "reportedCurrency": "USD", "grossProfit": "314916000", "totalRevenue": "455671000", "costOfRevenue": "140755000", "costofGoodsAndServicesSold": "140755000", "operatingIncome": "197627000", "sellingGeneralAndAdministrative": "38891000", "researchAndDevelopment": "0", "operatingExpenses": "117289000", "investmentIncomeNet": "None", "netInterestIncome": "None", "interestIncome": "None", "interestExpense": "32852000", "nonInterestIncome": "None", "otherNonOperatingIncome": "25574000", "depreciation": "None", "depreciationAndAmortization": "78398000", "incomeBeforeTax": "194364000", "incomeTaxExpense": "72109000", "interestAndDebtExpense": "None", "netIncomeFromContinuingOperations": "118240000", "comprehensiveIncomeNetOfTax": "None", "ebit": "227216000", "ebitda": "305614000", "netIncome": "122255000"}, {"fiscalDateEnding": "2010-12-31", "reportedCurrency": "USD", "grossProfit": "246886000", "totalRevenue": "371218000", "costOfRevenue": "124332000", "costofGoodsAndServicesSold": "124332000", "operatingIncome": "134655000", "sellingGeneralAndAdministrative": "37590000", "researchAndDevelopment": "0", "operatingExpenses": "112231000", "investmentIncomeNet": "None", "netInterestIncome": "None", "interestIncome": "None", "interestExpense": "26082000", "nonInterestIncome": "None", "otherNonOperatingIncome": "None", "depreciation": "None", "depreciationAndAmortization": "74641000", "incomeBeforeTax": "112920000", "incomeTaxExpense": "39807000", "interestAndDebtExpense": "None", "netIncomeFromContinuingOperations": "0", "comprehensiveIncomeNetOfTax": "None", "ebit": "139002000", "ebitda": "213643000", "netIncome": "73113000"}, {"fiscalDateEnding": "2010-09-30", "reportedCurrency": "USD", "grossProfit": "191063000", "totalRevenue": "257335000", "costOfRevenue": "66272000", "costofGoodsAndServicesSold": "66272000", "operatingIncome": "88182000", "sellingGeneralAndAdministrative": "34333000", "researchAndDevelopment": "0", "operatingExpenses": "102881000", "investmentIncomeNet": "None", "netInterestIncome": "None", "interestIncome": "None", "interestExpense": "33861000", "nonInterestIncome": "None", "otherNonOperatingIncome": "None", "depreciation": "None", "depreciationAndAmortization": "68548000", "incomeBeforeTax": "57245000", "incomeTaxExpense": "20723000", "interestAndDebtExpense": "None", "netIncomeFromContinuingOperations": "0", "comprehensiveIncomeNetOfTax": "None", "ebit": "91106000", "ebitda": "159654000", "netIncome": "36522000"}, {"fiscalDateEnding": "2010-06-30", "reportedCurrency": "USD", "grossProfit": "188162000", "totalRevenue": "257515000", "costOfRevenue": "69353000", "costofGoodsAndServicesSold": "69353000", "operatingIncome": "78529000", "sellingGeneralAndAdministrative": "44416000", "researchAndDevelopment": "0", "operatingExpenses": "109633000", "investmentIncomeNet": "None", "netInterestIncome": "None", "interestIncome": "None", "interestExpense": "34080000", "nonInterestIncome": "None", "otherNonOperatingIncome": "None", "depreciation": "None", "depreciationAndAmortization": "65217000", "incomeBeforeTax": "47022000", "incomeTaxExpense": "17022000", "interestAndDebtExpense": "None", "netIncomeFromContinuingOperations": "0", "comprehensiveIncomeNetOfTax": "None", "ebit": "81102000", "ebitda": "146319000", "netIncome": "30000000"}, {"fiscalDateEnding": "2010-03-31", "reportedCurrency": "USD", "grossProfit": "270204000", "totalRevenue": "436640000", "costOfRevenue": "166436000", "costofGoodsAndServicesSold": "166436000", "operatingIncome": "169113000", "sellingGeneralAndAdministrative": "39212000", "researchAndDevelopment": "0", "operatingExpenses": "101091000", "investmentIncomeNet": "None", "netInterestIncome": "None", "interestIncome": "None", "interestExpense": "34134000", "nonInterestIncome": "None", "otherNonOperatingIncome": "None", "depreciation": "None", "depreciationAndAmortization": "61879000", "incomeBeforeTax": "138033000", "incomeTaxExpense": "49968000", "interestAndDebtExpense": "None", "netIncomeFromContinuingOperations": "0", "comprehensiveIncomeNetOfTax": "None", "ebit": "172167000", "ebitda": "234046000", "netIncome": "88065000"}, {"fiscalDateEnding": "2009-12-31", "reportedCurrency": "USD", "grossProfit": "220270000", "totalRevenue": "344027000", "costOfRevenue": "123757000", "costofGoodsAndServicesSold": "123757000", "operatingIncome": "113209000", "sellingGeneralAndAdministrative": "51466000", "researchAndDevelopment": "0", "operatingExpenses": "107061000", "investmentIncomeNet": "None", "netInterestIncome": "None", "interestIncome": "None", "interestExpense": "33683000", "nonInterestIncome": "None", "otherNonOperatingIncome": "None", "depreciation": "None", "depreciationAndAmortization": "55595000", "incomeBeforeTax": "81630000", "incomeTaxExpense": "26248000", "interestAndDebtExpense": "None", "netIncomeFromContinuingOperations": "0", "comprehensiveIncomeNetOfTax": "None", "ebit": "115313000", "ebitda": "170908000", "netIncome": "55382000"}, {"fiscalDateEnding": "2009-09-30", "reportedCurrency": "USD", "grossProfit": "149544000", "totalRevenue": "218357000", "costOfRevenue": "68813000", "costofGoodsAndServicesSold": "68813000", "operatingIncome": "39932000", "sellingGeneralAndAdministrative": "59906000", "researchAndDevelopment": "0", "operatingExpenses": "109612000", "investmentIncomeNet": "None", "netInterestIncome": "None", "interestIncome": "None", "interestExpense": "32393000", "nonInterestIncome": "None", "otherNonOperatingIncome": "None", "depreciation": "None", "depreciationAndAmortization": "49706000", "incomeBeforeTax": "10000000", "incomeTaxExpense": "7091000", "interestAndDebtExpense": "None", "netIncomeFromContinuingOperations": "0", "comprehensiveIncomeNetOfTax": "None", "ebit": "42393000", "ebitda": "92099000", "netIncome": "2909000"}, {"fiscalDateEnding": "2009-06-30", "reportedCurrency": "USD", "grossProfit": "149283000", "totalRevenue": "238040000", "costOfRevenue": "88757000", "costofGoodsAndServicesSold": "88757000", "operatingIncome": "67514000", "sellingGeneralAndAdministrative": "35581000", "researchAndDevelopment": "0", "operatingExpenses": "81769000", "investmentIncomeNet": "None", "netInterestIncome": "None", "interestIncome": "None", "interestExpense": "26460000", "nonInterestIncome": "None", "otherNonOperatingIncome": "None", "depreciation": "None", "depreciationAndAmortization": "46188000", "incomeBeforeTax": "43362000", "incomeTaxExpense": "16717000", "interestAndDebtExpense": "None", "netIncomeFromContinuingOperations": "0", "comprehensiveIncomeNetOfTax": "None", "ebit": "69822000", "ebitda": "116010000", "netIncome": "26645000"}, {"fiscalDateEnding": "2009-03-31", "reportedCurrency": "USD", "grossProfit": "210475000", "totalRevenue": "469403000", "costOfRevenue": "258928000", "costofGoodsAndServicesSold": "258928000", "operatingIncome": "136136000", "sellingGeneralAndAdministrative": "29750000", "researchAndDevelopment": "0", "operatingExpenses": "74339000", "investmentIncomeNet": "None", "netInterestIncome": "None", "interestIncome": "None", "interestExpense": "19243000", "nonInterestIncome": "None", "otherNonOperatingIncome": "None", "depreciation": "None", "depreciationAndAmortization": "44589000", "incomeBeforeTax": "118605000", "incomeTaxExpense": "46612000", "interestAndDebtExpense": "None", "netIncomeFromContinuingOperations": "0", "comprehensiveIncomeNetOfTax": "None", "ebit": "137848000", "ebitda": "182437000", "netIncome": "71993000"}, {"fiscalDateEnding": "2008-12-31", "reportedCurrency": "USD", "grossProfit": "166155000", "totalRevenue": "408878000", "costOfRevenue": "242723000", "costofGoodsAndServicesSold": "242723000", "operatingIncome": "81524000", "sellingGeneralAndAdministrative": "44900000", "researchAndDevelopment": "0", "operatingExpenses": "84631000", "investmentIncomeNet": "None", "netInterestIncome": "None", "interestIncome": "None", "interestExpense": "17402000", "nonInterestIncome": "None", "otherNonOperatingIncome": "None", "depreciation": "None", "depreciationAndAmortization": "39731000", "incomeBeforeTax": "57977000", "incomeTaxExpense": "24482000", "interestAndDebtExpense": "None", "netIncomeFromContinuingOperations": "0", "comprehensiveIncomeNetOfTax": "None", "ebit": "85636000", "ebitda": "125367000", "netIncome": "33495000"}, {"fiscalDateEnding": "2008-09-30", "reportedCurrency": "USD", "grossProfit": "158796000", "totalRevenue": "297827000", "costOfRevenue": "139031000", "costofGoodsAndServicesSold": "139031000", "operatingIncome": "162726000", "sellingGeneralAndAdministrative": "38199000", "researchAndDevelopment": "0", "operatingExpenses": "-3930000", "investmentIncomeNet": "None", "netInterestIncome": "None", "interestIncome": "None", "interestExpense": "13012000", "nonInterestIncome": "None", "otherNonOperatingIncome": "None", "depreciation": "None", "depreciationAndAmortization": "34269000", "incomeBeforeTax": "151882000", "incomeTaxExpense": "55684000", "interestAndDebtExpense": "None", "netIncomeFromContinuingOperations": "0", "comprehensiveIncomeNetOfTax": "None", "ebit": "162726000", "ebitda": "196995000", "netIncome": "96198000"}, {"fiscalDateEnding": "2008-06-30", "reportedCurrency": "USD", "grossProfit": "165838000", "totalRevenue": "334009000", "costOfRevenue": "168171000", "costofGoodsAndServicesSold": "168171000", "operatingIncome": "101133000", "sellingGeneralAndAdministrative": "32654000", "researchAndDevelopment": "0", "operatingExpenses": "64705000", "investmentIncomeNet": "None", "netInterestIncome": "None", "interestIncome": "None", "interestExpense": "14327000", "nonInterestIncome": "None", "otherNonOperatingIncome": "None", "depreciation": "None", "depreciationAndAmortization": "32051000", "incomeBeforeTax": "90077000", "incomeTaxExpense": "34686000", "interestAndDebtExpense": "None", "netIncomeFromContinuingOperations": "0", "comprehensiveIncomeNetOfTax": "None", "ebit": "101133000", "ebitda": "133184000", "netIncome": "55391000"}, {"fiscalDateEnding": "2008-03-31", "reportedCurrency": "USD", "grossProfit": "221929000", "totalRevenue": "535774000", "costOfRevenue": "313845000", "costofGoodsAndServicesSold": "313845000", "operatingIncome": "119423000", "sellingGeneralAndAdministrative": "71741000", "researchAndDevelopment": "0", "operatingExpenses": "102506000", "investmentIncomeNet": "None", "netInterestIncome": "None", "interestIncome": "None", "interestExpense": "13653000", "nonInterestIncome": "None", "otherNonOperatingIncome": "None", "depreciation": "None", "depreciationAndAmortization": "30765000", "incomeBeforeTax": "110588000", "incomeTaxExpense": "40068000", "interestAndDebtExpense": "None", "netIncomeFromContinuingOperations": "0", "comprehensiveIncomeNetOfTax": "None", "ebit": "119423000", "ebitda": "150188000", "netIncome": "70520000"}, {"fiscalDateEnding": "2007-12-31", "reportedCurrency": "USD", "grossProfit": "173195000", "totalRevenue": "384814000", "costOfRevenue": "211619000", "costofGoodsAndServicesSold": "211619000", "operatingIncome": "93932000", "sellingGeneralAndAdministrative": "51387000", "researchAndDevelopment": "0", "operatingExpenses": "79263000", "investmentIncomeNet": "None", "netInterestIncome": "None", "interestIncome": "None", "interestExpense": "12065000", "nonInterestIncome": "None", "otherNonOperatingIncome": "None", "depreciation": "None", "depreciationAndAmortization": "27876000", "incomeBeforeTax": "92612000", "incomeTaxExpense": "32015000", "interestAndDebtExpense": "None", "netIncomeFromContinuingOperations": "0", "comprehensiveIncomeNetOfTax": "None", "ebit": "93932000", "ebitda": "121808000", "netIncome": "60597000"}, {"fiscalDateEnding": "2007-09-30", "reportedCurrency": "USD", "grossProfit": "116473000", "totalRevenue": "226806000", "costOfRevenue": "110333000", "costofGoodsAndServicesSold": "110333000", "operatingIncome": "57368000", "sellingGeneralAndAdministrative": "32198000", "researchAndDevelopment": "0", "operatingExpenses": "59105000", "investmentIncomeNet": "None", "netInterestIncome": "None", "interestIncome": "None", "interestExpense": "11557000", "nonInterestIncome": "None", "otherNonOperatingIncome": "None", "depreciation": "None", "depreciationAndAmortization": "26907000", "incomeBeforeTax": "49438000", "incomeTaxExpense": "16513000", "interestAndDebtExpense": "None", "netIncomeFromContinuingOperations": "0", "comprehensiveIncomeNetOfTax": "None", "ebit": "57368000", "ebitda": "84275000", "netIncome": "32925000"}, {"fiscalDateEnding": "2007-06-30", "reportedCurrency": "USD", "grossProfit": "134594000", "totalRevenue": "293240000", "costOfRevenue": "158646000", "costofGoodsAndServicesSold": "158646000", "operatingIncome": "61519000", "sellingGeneralAndAdministrative": "45483000", "researchAndDevelopment": "0", "operatingExpenses": "73075000", "investmentIncomeNet": "None", "netInterestIncome": "None", "interestIncome": "None", "interestExpense": "9483000", "nonInterestIncome": "None", "otherNonOperatingIncome": "None", "depreciation": "None", "depreciationAndAmortization": "27592000", "incomeBeforeTax": "172103000", "incomeTaxExpense": "64760000", "interestAndDebtExpense": "None", "netIncomeFromContinuingOperations": "0", "comprehensiveIncomeNetOfTax": "None", "ebit": "61519000", "ebitda": "89111000", "netIncome": "107343000"}, {"fiscalDateEnding": "2007-03-31", "reportedCurrency": "USD", "grossProfit": "192578000", "totalRevenue": "456546000", "costOfRevenue": "263968000", "costofGoodsAndServicesSold": "263968000", "operatingIncome": "98854000", "sellingGeneralAndAdministrative": "66297000", "researchAndDevelopment": "0", "operatingExpenses": "93724000", "investmentIncomeNet": "None", "netInterestIncome": "None", "interestIncome": "None", "interestExpense": "12280000", "nonInterestIncome": "None", "otherNonOperatingIncome": "None", "depreciation": "None", "depreciationAndAmortization": "27427000", "incomeBeforeTax": "87725000", "incomeTaxExpense": "31107000", "interestAndDebtExpense": "None", "netIncomeFromContinuingOperations": "0", "comprehensiveIncomeNetOfTax": "None", "ebit": "98854000", "ebitda": "126281000", "netIncome": "56618000"}, {"fiscalDateEnding": "2006-12-31", "reportedCurrency": "USD", "grossProfit": "170863000", "totalRevenue": "353783000", "costOfRevenue": "182920000", "costofGoodsAndServicesSold": "182920000", "operatingIncome": "109612000", "sellingGeneralAndAdministrative": "35292000", "researchAndDevelopment": "0", "operatingExpenses": "61251000", "investmentIncomeNet": "None", "netInterestIncome": "None", "interestIncome": "None", "interestExpense": "12366000", "nonInterestIncome": "None", "otherNonOperatingIncome": "None", "depreciation": "None", "depreciationAndAmortization": "25959000", "incomeBeforeTax": "97942000", "incomeTaxExpense": "29980000", "interestAndDebtExpense": "None", "netIncomeFromContinuingOperations": "0", "comprehensiveIncomeNetOfTax": "None", "ebit": "109612000", "ebitda": "135571000", "netIncome": "72223000"}, {"fiscalDateEnding": "2006-09-30", "reportedCurrency": "USD", "grossProfit": "119188000", "totalRevenue": "232801000", "costOfRevenue": "113613000", "costofGoodsAndServicesSold": "113613000", "operatingIncome": "61135000", "sellingGeneralAndAdministrative": "32904000", "researchAndDevelopment": "0", "operatingExpenses": "58053000", "investmentIncomeNet": "None", "netInterestIncome": "None", "interestIncome": "None", "interestExpense": "12290000", "nonInterestIncome": "None", "otherNonOperatingIncome": "None", "depreciation": "None", "depreciationAndAmortization": "25149000", "incomeBeforeTax": "48915000", "incomeTaxExpense": "17120000", "interestAndDebtExpense": "None", "netIncomeFromContinuingOperations": "0", "comprehensiveIncomeNetOfTax": "None", "ebit": "61135000", "ebitda": "86284000", "netIncome": "31795000"}, {"fiscalDateEnding": "2006-06-30", "reportedCurrency": "USD", "grossProfit": "124058000", "totalRevenue": "251207000", "costOfRevenue": "127149000", "costofGoodsAndServicesSold": "127149000", "operatingIncome": "74119000", "sellingGeneralAndAdministrative": "28050000", "researchAndDevelopment": "0", "operatingExpenses": "52847000", "investmentIncomeNet": "None", "netInterestIncome": "None", "interestIncome": "None", "interestExpense": "9995000", "nonInterestIncome": "None", "otherNonOperatingIncome": "None", "depreciation": "None", "depreciationAndAmortization": "24797000", "incomeBeforeTax": "64000000", "incomeTaxExpense": "20091000", "interestAndDebtExpense": "None", "netIncomeFromContinuingOperations": "0", "comprehensiveIncomeNetOfTax": "None", "ebit": "71211000", "ebitda": "96008000", "netIncome": "43909000"}, {"fiscalDateEnding": "2006-03-31", "reportedCurrency": "USD", "grossProfit": "181579000", "totalRevenue": "430119000", "costOfRevenue": "248540000", "costofGoodsAndServicesSold": "248540000", "operatingIncome": "127657000", "sellingGeneralAndAdministrative": "29705000", "researchAndDevelopment": "0", "operatingExpenses": "53922000", "investmentIncomeNet": "None", "netInterestIncome": "None", "interestIncome": "None", "interestExpense": "12957000", "nonInterestIncome": "None", "otherNonOperatingIncome": "None", "depreciation": "None", "depreciationAndAmortization": "24217000", "incomeBeforeTax": "114874000", "incomeTaxExpense": "42515000", "interestAndDebtExpense": "None", "netIncomeFromContinuingOperations": "0", "comprehensiveIncomeNetOfTax": "None", "ebit": "127657000", "ebitda": "151874000", "netIncome": "72359000"}, {"fiscalDateEnding": "2005-12-31", "reportedCurrency": "USD", "grossProfit": "142969000", "totalRevenue": "280398000", "costOfRevenue": "137429000", "costofGoodsAndServicesSold": "137429000", "operatingIncome": "98587000", "sellingGeneralAndAdministrative": "21175000", "researchAndDevelopment": "0", "operatingExpenses": "44382000", "investmentIncomeNet": "None", "netInterestIncome": "None", "interestIncome": "None", "interestExpense": "11330000", "nonInterestIncome": "None", "otherNonOperatingIncome": "None", "depreciation": "None", "depreciationAndAmortization": "23207000", "incomeBeforeTax": "113393000", "incomeTaxExpense": "42035000", "interestAndDebtExpense": "None", "netIncomeFromContinuingOperations": "0", "comprehensiveIncomeNetOfTax": "None", "ebit": "98587000", "ebitda": "121794000", "netIncome": "72839000"}, {"fiscalDateEnding": "2005-09-30", "reportedCurrency": "USD", "grossProfit": "134496000", "totalRevenue": "264528000", "costOfRevenue": "130032000", "costofGoodsAndServicesSold": "130032000", "operatingIncome": "57974000", "sellingGeneralAndAdministrative": "53017000", "researchAndDevelopment": "0", "operatingExpenses": "76522000", "investmentIncomeNet": "None", "netInterestIncome": "None", "interestIncome": "None", "interestExpense": "94000", "nonInterestIncome": "None", "otherNonOperatingIncome": "None", "depreciation": "None", "depreciationAndAmortization": "23505000", "incomeBeforeTax": "67062000", "incomeTaxExpense": "20571000", "interestAndDebtExpense": "None", "netIncomeFromContinuingOperations": "0", "comprehensiveIncomeNetOfTax": "None", "ebit": "54448000", "ebitda": "77953000", "netIncome": "46491000"}, {"fiscalDateEnding": "2005-06-30", "reportedCurrency": "USD", "grossProfit": "123777000", "totalRevenue": "269031000", "costOfRevenue": "145254000", "costofGoodsAndServicesSold": "145254000", "operatingIncome": "56350000", "sellingGeneralAndAdministrative": "36735000", "researchAndDevelopment": "0", "operatingExpenses": "60111000", "investmentIncomeNet": "None", "netInterestIncome": "None", "interestIncome": "None", "interestExpense": "11468000", "nonInterestIncome": "None", "otherNonOperatingIncome": "None", "depreciation": "None", "depreciationAndAmortization": "23376000", "incomeBeforeTax": "112255000", "incomeTaxExpense": "47936000", "interestAndDebtExpense": "None", "netIncomeFromContinuingOperations": "0", "comprehensiveIncomeNetOfTax": "None", "ebit": "60518000", "ebitda": "83894000", "netIncome": "64319000"}, {"fiscalDateEnding": "2005-03-31", "reportedCurrency": "USD", "grossProfit": "184461000", "totalRevenue": "439767000", "costOfRevenue": "255306000", "costofGoodsAndServicesSold": "255306000", "operatingIncome": "130901000", "sellingGeneralAndAdministrative": "30121000", "researchAndDevelopment": "0", "operatingExpenses": "53560000", "investmentIncomeNet": "None", "netInterestIncome": "None", "interestIncome": "None", "interestExpense": "13965000", "nonInterestIncome": "None", "otherNonOperatingIncome": "None", "depreciation": "None", "depreciationAndAmortization": "23439000", "incomeBeforeTax": "118902000", "incomeTaxExpense": "42496000", "interestAndDebtExpense": "None", "netIncomeFromContinuingOperations": "0", "comprehensiveIncomeNetOfTax": "None", "ebit": "128496000", "ebitda": "151935000", "netIncome": "76406000"}, {"fiscalDateEnding": "2004-12-31", "reportedCurrency": "USD", "grossProfit": "141250000", "totalRevenue": "344695000", "costOfRevenue": "203445000", "costofGoodsAndServicesSold": "203445000", "operatingIncome": "113691000", "sellingGeneralAndAdministrative": "49933000", "researchAndDevelopment": "0", "operatingExpenses": "67810000", "investmentIncomeNet": "None", "netInterestIncome": "None", "interestIncome": "None", "interestExpense": "13294000", "nonInterestIncome": "None", "otherNonOperatingIncome": "None", "depreciation": "None", "depreciationAndAmortization": "19552000", "incomeBeforeTax": "62460000", "incomeTaxExpense": "19186000", "interestAndDebtExpense": "None", "netIncomeFromContinuingOperations": "0", "comprehensiveIncomeNetOfTax": "None", "ebit": "73440000", "ebitda": "92992000", "netIncome": "43274000"}]}