{"symbol": "CEG", "annualReports": [{"fiscalDateEnding": "2024-12-31", "reportedCurrency": "USD", "grossProfit": "17409000000", "totalRevenue": "23568000000", "costOfRevenue": "6159000000", "costofGoodsAndServicesSold": "6159000000", "operatingIncome": "4352000000", "sellingGeneralAndAdministrative": "None", "researchAndDevelopment": "None", "operatingExpenses": "19287000000", "investmentIncomeNet": "None", "netInterestIncome": "-506000000", "interestIncome": "None", "interestExpense": "506000000", "nonInterestIncome": "None", "otherNonOperatingIncome": "None", "depreciation": "None", "depreciationAndAmortization": "1123000000", "incomeBeforeTax": "4516000000", "incomeTaxExpense": "774000000", "interestAndDebtExpense": "None", "netIncomeFromContinuingOperations": "3738000000", "comprehensiveIncomeNetOfTax": "None", "ebit": "4017000000", "ebitda": "5140000000", "netIncome": "3749000000"}, {"fiscalDateEnding": "2023-12-31", "reportedCurrency": "USD", "grossProfit": "3232000000", "totalRevenue": "24918000000", "costOfRevenue": "21686000000", "costofGoodsAndServicesSold": "21686000000", "operatingIncome": "1610000000", "sellingGeneralAndAdministrative": "54000000", "researchAndDevelopment": "None", "operatingExpenses": "1622000000", "investmentIncomeNet": "None", "netInterestIncome": "-431000000", "interestIncome": "None", "interestExpense": "431000000", "nonInterestIncome": "None", "otherNonOperatingIncome": "None", "depreciation": "None", "depreciationAndAmortization": "2514000000", "incomeBeforeTax": "2447000000", "incomeTaxExpense": "859000000", "interestAndDebtExpense": "None", "netIncomeFromContinuingOperations": "1577000000", "comprehensiveIncomeNetOfTax": "None", "ebit": "1738000000", "ebitda": "4252000000", "netIncome": "1623000000"}, {"fiscalDateEnding": "2022-12-31", "reportedCurrency": "USD", "grossProfit": "2137000000", "totalRevenue": "24440000000", "costOfRevenue": "22303000000", "costofGoodsAndServicesSold": "22303000000", "operatingIncome": "-292000000", "sellingGeneralAndAdministrative": "110000000", "researchAndDevelopment": "None", "operatingExpenses": "1643000000", "investmentIncomeNet": "None", "netInterestIncome": "-158000000", "interestIncome": "93000000", "interestExpense": "251000000", "nonInterestIncome": "None", "otherNonOperatingIncome": "None", "depreciation": "None", "depreciationAndAmortization": "2427000000", "incomeBeforeTax": "-542000000", "incomeTaxExpense": "-388000000", "interestAndDebtExpense": "None", "netIncomeFromContinuingOperations": "-167000000", "comprehensiveIncomeNetOfTax": "None", "ebit": "-291000000", "ebitda": "2136000000", "netIncome": "-154000000"}, {"fiscalDateEnding": "2021-12-31", "reportedCurrency": "USD", "grossProfit": "2931000000", "totalRevenue": "19649000000", "costOfRevenue": "16718000000", "costofGoodsAndServicesSold": "16718000000", "operatingIncome": "-177000000", "sellingGeneralAndAdministrative": "0", "researchAndDevelopment": "None", "operatingExpenses": "3252000000", "investmentIncomeNet": "None", "netInterestIncome": "-199000000", "interestIncome": "98000000", "interestExpense": "297000000", "nonInterestIncome": "None", "otherNonOperatingIncome": "None", "depreciation": "None", "depreciationAndAmortization": "4540000000", "incomeBeforeTax": "152000000", "incomeTaxExpense": "225000000", "interestAndDebtExpense": "None", "netIncomeFromContinuingOperations": "-83000000", "comprehensiveIncomeNetOfTax": "None", "ebit": "449000000", "ebitda": "4989000000", "netIncome": "-73000000"}, {"fiscalDateEnding": "2020-12-31", "reportedCurrency": "USD", "grossProfit": "2850000000", "totalRevenue": "17603000000", "costOfRevenue": "14753000000", "costofGoodsAndServicesSold": "14753000000", "operatingIncome": "1182000000", "sellingGeneralAndAdministrative": "None", "researchAndDevelopment": "None", "operatingExpenses": "2605000000", "investmentIncomeNet": "None", "netInterestIncome": "-357000000", "interestIncome": "90000000", "interestExpense": "357000000", "nonInterestIncome": "None", "otherNonOperatingIncome": "None", "depreciation": "None", "depreciationAndAmortization": "3636000000", "incomeBeforeTax": "836000000", "incomeTaxExpense": "249000000", "interestAndDebtExpense": "None", "netIncomeFromContinuingOperations": "579000000", "comprehensiveIncomeNetOfTax": "None", "ebit": "1193000000", "ebitda": "4829000000", "netIncome": "589000000"}, {"fiscalDateEnding": "2019-12-31", "reportedCurrency": "USD", "grossProfit": "3350000000", "totalRevenue": "18924000000", "costOfRevenue": "15574000000", "costofGoodsAndServicesSold": "15574000000", "operatingIncome": "2319000000", "sellingGeneralAndAdministrative": "None", "researchAndDevelopment": "None", "operatingExpenses": "2054000000", "investmentIncomeNet": "None", "netInterestIncome": "-429000000", "interestIncome": "None", "interestExpense": "429000000", "nonInterestIncome": "None", "otherNonOperatingIncome": "None", "depreciation": "None", "depreciationAndAmortization": "3063000000", "incomeBeforeTax": "1917000000", "incomeTaxExpense": "516000000", "interestAndDebtExpense": "None", "netIncomeFromContinuingOperations": "1217000000", "comprehensiveIncomeNetOfTax": "None", "ebit": "2346000000", "ebitda": "5409000000", "netIncome": "1125000000"}, {"fiscalDateEnding": "2018-12-31", "reportedCurrency": "USD", "grossProfit": "3280000000", "totalRevenue": "20437000000", "costOfRevenue": "17157000000", "costofGoodsAndServicesSold": "17157000000", "operatingIncome": "975000000", "sellingGeneralAndAdministrative": "None", "researchAndDevelopment": "None", "operatingExpenses": "2353000000", "investmentIncomeNet": "None", "netInterestIncome": "-432000000", "interestIncome": "None", "interestExpense": "432000000", "nonInterestIncome": "None", "otherNonOperatingIncome": "None", "depreciation": "None", "depreciationAndAmortization": "3415000000", "incomeBeforeTax": "365000000", "incomeTaxExpense": "-108000000", "interestAndDebtExpense": "None", "netIncomeFromContinuingOperations": "443000000", "comprehensiveIncomeNetOfTax": "None", "ebit": "797000000", "ebitda": "4212000000", "netIncome": "370000000"}, {"fiscalDateEnding": "2017-12-31", "reportedCurrency": "USD", "grossProfit": "3105000000", "totalRevenue": "18500000000", "costOfRevenue": "15395000000", "costofGoodsAndServicesSold": "15395000000", "operatingIncome": "1355000000", "sellingGeneralAndAdministrative": "None", "researchAndDevelopment": "None", "operatingExpenses": "1243000000", "investmentIncomeNet": "None", "netInterestIncome": "None", "interestIncome": "None", "interestExpense": "0", "nonInterestIncome": "None", "otherNonOperatingIncome": "None", "depreciation": "None", "depreciationAndAmortization": "2794000000", "incomeBeforeTax": "1422000000", "incomeTaxExpense": "1376000000", "interestAndDebtExpense": "None", "netIncomeFromContinuingOperations": "None", "comprehensiveIncomeNetOfTax": "None", "ebit": "1355000000", "ebitda": "4149000000", "netIncome": "2710000000"}, {"fiscalDateEnding": "2016-12-31", "reportedCurrency": "None", "grossProfit": "3385000000", "totalRevenue": "17757000000", "costOfRevenue": "14372000000", "costofGoodsAndServicesSold": "14372000000", "operatingIncome": "1772000000", "sellingGeneralAndAdministrative": "None", "researchAndDevelopment": "None", "operatingExpenses": "2109000000", "investmentIncomeNet": "None", "netInterestIncome": "None", "interestIncome": "None", "interestExpense": "None", "nonInterestIncome": "None", "otherNonOperatingIncome": "None", "depreciation": "None", "depreciationAndAmortization": "2747000000", "incomeBeforeTax": "912000000", "incomeTaxExpense": "362000000", "interestAndDebtExpense": "None", "netIncomeFromContinuingOperations": "None", "comprehensiveIncomeNetOfTax": "None", "ebit": "1772000000", "ebitda": "4519000000", "netIncome": "483000000"}, {"fiscalDateEnding": "2015-12-31", "reportedCurrency": "None", "grossProfit": "3818000000", "totalRevenue": "19135000000", "costOfRevenue": "15317000000", "costofGoodsAndServicesSold": "15317000000", "operatingIncome": "2275000000", "sellingGeneralAndAdministrative": "None", "researchAndDevelopment": "None", "operatingExpenses": "1634000000", "investmentIncomeNet": "None", "netInterestIncome": "None", "interestIncome": "None", "interestExpense": "None", "nonInterestIncome": "None", "otherNonOperatingIncome": "None", "depreciation": "None", "depreciationAndAmortization": "2589000000", "incomeBeforeTax": "1820000000", "incomeTaxExpense": "480000000", "interestAndDebtExpense": "None", "netIncomeFromContinuingOperations": "None", "comprehensiveIncomeNetOfTax": "None", "ebit": "2275000000", "ebitda": "4864000000", "netIncome": "1372000000"}, {"fiscalDateEnding": "2014-12-31", "reportedCurrency": "None", "grossProfit": "2565000000", "totalRevenue": "17393000000", "costOfRevenue": "14828000000", "costofGoodsAndServicesSold": "14828000000", "operatingIncome": "1133000000", "sellingGeneralAndAdministrative": "None", "researchAndDevelopment": "None", "operatingExpenses": "970000000", "investmentIncomeNet": "None", "netInterestIncome": "None", "interestIncome": "None", "interestExpense": "None", "nonInterestIncome": "None", "otherNonOperatingIncome": "None", "depreciation": "None", "depreciationAndAmortization": "2519000000", "incomeBeforeTax": "1293000000", "incomeTaxExpense": "274000000", "interestAndDebtExpense": "None", "netIncomeFromContinuingOperations": "None", "comprehensiveIncomeNetOfTax": "None", "ebit": "1133000000", "ebitda": "3652000000", "netIncome": "835000000"}, {"fiscalDateEnding": "2013-12-31", "reportedCurrency": "None", "grossProfit": "2899000000", "totalRevenue": "15630000000", "costOfRevenue": "12731000000", "costofGoodsAndServicesSold": "12731000000", "operatingIncome": "1654000000", "sellingGeneralAndAdministrative": "None", "researchAndDevelopment": "None", "operatingExpenses": "749000000", "investmentIncomeNet": "None", "netInterestIncome": "None", "interestIncome": "None", "interestExpense": "None", "nonInterestIncome": "None", "otherNonOperatingIncome": "None", "depreciation": "None", "depreciationAndAmortization": "2559000000", "incomeBeforeTax": "1797000000", "incomeTaxExpense": "737000000", "interestAndDebtExpense": "None", "netIncomeFromContinuingOperations": "None", "comprehensiveIncomeNetOfTax": "None", "ebit": "1654000000", "ebitda": "4213000000", "netIncome": "1070000000"}, {"fiscalDateEnding": "2012-12-31", "reportedCurrency": "None", "grossProfit": "2734000000", "totalRevenue": "14437000000", "costOfRevenue": "11703000000", "costofGoodsAndServicesSold": "11703000000", "operatingIncome": "1597000000", "sellingGeneralAndAdministrative": "None", "researchAndDevelopment": "None", "operatingExpenses": "1260000000", "investmentIncomeNet": "None", "netInterestIncome": "None", "interestIncome": "None", "interestExpense": "None", "nonInterestIncome": "None", "otherNonOperatingIncome": "None", "depreciation": "None", "depreciationAndAmortization": "2966000000", "incomeBeforeTax": "1175000000", "incomeTaxExpense": "617000000", "interestAndDebtExpense": "None", "netIncomeFromContinuingOperations": "None", "comprehensiveIncomeNetOfTax": "None", "ebit": "1597000000", "ebitda": "4563000000", "netIncome": "562000000"}], "quarterlyReports": [{"fiscalDateEnding": "2024-12-31", "reportedCurrency": "USD", "grossProfit": "3889000000", "totalRevenue": "5382000000", "costOfRevenue": "1493000000", "costofGoodsAndServicesSold": "1493000000", "operatingIncome": "972000000", "sellingGeneralAndAdministrative": "None", "researchAndDevelopment": "None", "operatingExpenses": "4479000000", "investmentIncomeNet": "None", "netInterestIncome": "-90000000", "interestIncome": "None", "interestExpense": "90000000", "nonInterestIncome": "None", "otherNonOperatingIncome": "None", "depreciation": "None", "depreciationAndAmortization": "483000000", "incomeBeforeTax": "859000000", "incomeTaxExpense": "6000000", "interestAndDebtExpense": "None", "netIncomeFromContinuingOperations": "850000000", "comprehensiveIncomeNetOfTax": "None", "ebit": "949000000", "ebitda": "1432000000", "netIncome": "852000000"}, {"fiscalDateEnding": "2024-09-30", "reportedCurrency": "USD", "grossProfit": "1896000000", "totalRevenue": "6550000000", "costOfRevenue": "4654000000", "costofGoodsAndServicesSold": "4654000000", "operatingIncome": "1467000000", "sellingGeneralAndAdministrative": "None", "researchAndDevelopment": "None", "operatingExpenses": "429000000", "investmentIncomeNet": "None", "netInterestIncome": "-147000000", "interestIncome": "None", "interestExpense": "147000000", "nonInterestIncome": "None", "otherNonOperatingIncome": "None", "depreciation": "None", "depreciationAndAmortization": "661000000", "incomeBeforeTax": "1645000000", "incomeTaxExpense": "449000000", "interestAndDebtExpense": "None", "netIncomeFromContinuingOperations": "1196000000", "comprehensiveIncomeNetOfTax": "None", "ebit": "1792000000", "ebitda": "2453000000", "netIncome": "1200000000"}, {"fiscalDateEnding": "2024-06-30", "reportedCurrency": "USD", "grossProfit": "1636000000", "totalRevenue": "5273000000", "costOfRevenue": "3637000000", "costofGoodsAndServicesSold": "3637000000", "operatingIncome": "1494000000", "sellingGeneralAndAdministrative": "4000000", "researchAndDevelopment": "None", "operatingExpenses": "142000000", "investmentIncomeNet": "None", "netInterestIncome": "-142000000", "interestIncome": "None", "interestExpense": "142000000", "nonInterestIncome": "None", "otherNonOperatingIncome": "None", "depreciation": "None", "depreciationAndAmortization": "694000000", "incomeBeforeTax": "964000000", "incomeTaxExpense": "154000000", "interestAndDebtExpense": "None", "netIncomeFromContinuingOperations": "809000000", "comprehensiveIncomeNetOfTax": "None", "ebit": "1100000000", "ebitda": "1794000000", "netIncome": "814000000"}, {"fiscalDateEnding": "2024-03-31", "reportedCurrency": "USD", "grossProfit": "1287000000", "totalRevenue": "6122000000", "costOfRevenue": "4835000000", "costofGoodsAndServicesSold": "4835000000", "operatingIncome": "1148000000", "sellingGeneralAndAdministrative": "2000000", "researchAndDevelopment": "None", "operatingExpenses": "139000000", "investmentIncomeNet": "None", "netInterestIncome": "-127000000", "interestIncome": "None", "interestExpense": "127000000", "nonInterestIncome": "None", "otherNonOperatingIncome": "None", "depreciation": "None", "depreciationAndAmortization": "694000000", "incomeBeforeTax": "1048000000", "incomeTaxExpense": "165000000", "interestAndDebtExpense": "None", "netIncomeFromContinuingOperations": "883000000", "comprehensiveIncomeNetOfTax": "None", "ebit": "816000000", "ebitda": "1510000000", "netIncome": "883000000"}, {"fiscalDateEnding": "2023-12-31", "reportedCurrency": "USD", "grossProfit": "321000000", "totalRevenue": "4864000000", "costOfRevenue": "4543000000", "costofGoodsAndServicesSold": "4543000000", "operatingIncome": "187000000", "sellingGeneralAndAdministrative": "13000000", "researchAndDevelopment": "None", "operatingExpenses": "134000000", "investmentIncomeNet": "None", "netInterestIncome": "-139000000", "interestIncome": "None", "interestExpense": "139000000", "nonInterestIncome": "None", "otherNonOperatingIncome": "None", "depreciation": "None", "depreciationAndAmortization": "674000000", "incomeBeforeTax": "143000000", "incomeTaxExpense": "182000000", "interestAndDebtExpense": "None", "netIncomeFromContinuingOperations": "-39000000", "comprehensiveIncomeNetOfTax": "None", "ebit": "-36000000", "ebitda": "638000000", "netIncome": "-36000000"}, {"fiscalDateEnding": "2023-09-30", "reportedCurrency": "USD", "grossProfit": "1391000000", "totalRevenue": "6111000000", "costOfRevenue": "4720000000", "costofGoodsAndServicesSold": "4720000000", "operatingIncome": "977000000", "sellingGeneralAndAdministrative": "14000000", "researchAndDevelopment": "None", "operatingExpenses": "419000000", "investmentIncomeNet": "None", "netInterestIncome": "-82000000", "interestIncome": "None", "interestExpense": "82000000", "nonInterestIncome": "None", "otherNonOperatingIncome": "None", "depreciation": "None", "depreciationAndAmortization": "621000000", "incomeBeforeTax": "895000000", "incomeTaxExpense": "205000000", "interestAndDebtExpense": "None", "netIncomeFromContinuingOperations": "690000000", "comprehensiveIncomeNetOfTax": "None", "ebit": "1009000000", "ebitda": "1630000000", "netIncome": "731000000"}, {"fiscalDateEnding": "2023-06-30", "reportedCurrency": "USD", "grossProfit": "1082000000", "totalRevenue": "5446000000", "costOfRevenue": "4364000000", "costofGoodsAndServicesSold": "4364000000", "operatingIncome": "669000000", "sellingGeneralAndAdministrative": "14000000", "researchAndDevelopment": "None", "operatingExpenses": "413000000", "investmentIncomeNet": "None", "netInterestIncome": "-103000000", "interestIncome": "34000000", "interestExpense": "103000000", "nonInterestIncome": "None", "otherNonOperatingIncome": "None", "depreciation": "None", "depreciationAndAmortization": "614000000", "incomeBeforeTax": "1171000000", "incomeTaxExpense": "342000000", "interestAndDebtExpense": "None", "netIncomeFromContinuingOperations": "824000000", "comprehensiveIncomeNetOfTax": "None", "ebit": "710000000", "ebitda": "1324000000", "netIncome": "833000000"}, {"fiscalDateEnding": "2023-03-31", "reportedCurrency": "USD", "grossProfit": "404000000", "totalRevenue": "7565000000", "costOfRevenue": "7161000000", "costofGoodsAndServicesSold": "7161000000", "operatingIncome": "319000000", "sellingGeneralAndAdministrative": "14000000", "researchAndDevelopment": "None", "operatingExpenses": "399000000", "investmentIncomeNet": "None", "netInterestIncome": "-107000000", "interestIncome": "26000000", "interestExpense": "107000000", "nonInterestIncome": "None", "otherNonOperatingIncome": "None", "depreciation": "None", "depreciationAndAmortization": "605000000", "incomeBeforeTax": "238000000", "incomeTaxExpense": "131000000", "interestAndDebtExpense": "None", "netIncomeFromContinuingOperations": "102000000", "comprehensiveIncomeNetOfTax": "None", "ebit": "42000000", "ebitda": "647000000", "netIncome": "96000000"}, {"fiscalDateEnding": "2022-12-31", "reportedCurrency": "USD", "grossProfit": "250000000", "totalRevenue": "7333000000", "costOfRevenue": "7083000000", "costofGoodsAndServicesSold": "7083000000", "operatingIncome": "223000000", "sellingGeneralAndAdministrative": "None", "researchAndDevelopment": "None", "operatingExpenses": "410000000", "investmentIncomeNet": "None", "netInterestIncome": "-41000000", "interestIncome": "23000000", "interestExpense": "64000000", "nonInterestIncome": "None", "otherNonOperatingIncome": "None", "depreciation": "None", "depreciationAndAmortization": "617000000", "incomeBeforeTax": "147000000", "incomeTaxExpense": "116000000", "interestAndDebtExpense": "None", "netIncomeFromContinuingOperations": "28000000", "comprehensiveIncomeNetOfTax": "None", "ebit": "-88000000", "ebitda": "529000000", "netIncome": "34000000"}, {"fiscalDateEnding": "2022-09-30", "reportedCurrency": "USD", "grossProfit": "367000000", "totalRevenue": "6051000000", "costOfRevenue": "5684000000", "costofGoodsAndServicesSold": "5684000000", "operatingIncome": "88000000", "sellingGeneralAndAdministrative": "None", "researchAndDevelopment": "None", "operatingExpenses": "444000000", "investmentIncomeNet": "None", "netInterestIncome": "-53000000", "interestIncome": "22000000", "interestExpense": "75000000", "nonInterestIncome": "None", "otherNonOperatingIncome": "None", "depreciation": "None", "depreciationAndAmortization": "603000000", "incomeBeforeTax": "-312000000", "incomeTaxExpense": "-123000000", "interestAndDebtExpense": "None", "netIncomeFromContinuingOperations": "-193000000", "comprehensiveIncomeNetOfTax": "None", "ebit": "-237000000", "ebitda": "366000000", "netIncome": "-189000000"}, {"fiscalDateEnding": "2022-06-30", "reportedCurrency": "USD", "grossProfit": "684000000", "totalRevenue": "5465000000", "costOfRevenue": "4781000000", "costofGoodsAndServicesSold": "4781000000", "operatingIncome": "155000000", "sellingGeneralAndAdministrative": "None", "researchAndDevelopment": "None", "operatingExpenses": "616000000", "investmentIncomeNet": "None", "netInterestIncome": "-27000000", "interestIncome": "29000000", "interestExpense": "56000000", "nonInterestIncome": "None", "otherNonOperatingIncome": "None", "depreciation": "None", "depreciationAndAmortization": "605000000", "incomeBeforeTax": "-438000000", "incomeTaxExpense": "-328000000", "interestAndDebtExpense": "None", "netIncomeFromContinuingOperations": "-113000000", "comprehensiveIncomeNetOfTax": "None", "ebit": "-382000000", "ebitda": "223000000", "netIncome": "-110000000"}, {"fiscalDateEnding": "2022-03-31", "reportedCurrency": "USD", "grossProfit": "836000000", "totalRevenue": "5591000000", "costOfRevenue": "4755000000", "costofGoodsAndServicesSold": "4755000000", "operatingIncome": "435000000", "sellingGeneralAndAdministrative": "None", "researchAndDevelopment": "None", "operatingExpenses": "489000000", "investmentIncomeNet": "None", "netInterestIncome": "-37000000", "interestIncome": "19000000", "interestExpense": "56000000", "nonInterestIncome": "None", "otherNonOperatingIncome": "None", "depreciation": "None", "depreciationAndAmortization": "602000000", "incomeBeforeTax": "61000000", "incomeTaxExpense": "-53000000", "interestAndDebtExpense": "None", "netIncomeFromContinuingOperations": "111000000", "comprehensiveIncomeNetOfTax": "None", "ebit": "437000000", "ebitda": "1039000000", "netIncome": "106000000"}, {"fiscalDateEnding": "2021-12-31", "reportedCurrency": "USD", "grossProfit": "330000000", "totalRevenue": "5532000000", "costOfRevenue": "5202000000", "costofGoodsAndServicesSold": "5202000000", "operatingIncome": "-2000000", "sellingGeneralAndAdministrative": "None", "researchAndDevelopment": "None", "operatingExpenses": "163000000", "investmentIncomeNet": "None", "netInterestIncome": "26000000", "interestIncome": "None", "interestExpense": "72000000", "nonInterestIncome": "None", "otherNonOperatingIncome": "None", "depreciation": "None", "depreciationAndAmortization": "589000000", "incomeBeforeTax": "160000000", "incomeTaxExpense": "117000000", "interestAndDebtExpense": "None", "netIncomeFromContinuingOperations": "39000000", "comprehensiveIncomeNetOfTax": "None", "ebit": "-660000000", "ebitda": "-71000000", "netIncome": "42000000"}, {"fiscalDateEnding": "2021-09-30", "reportedCurrency": "USD", "grossProfit": "1922000000", "totalRevenue": "4406000000", "costOfRevenue": "2484000000", "costofGoodsAndServicesSold": "2484000000", "operatingIncome": "1006000000", "sellingGeneralAndAdministrative": "None", "researchAndDevelopment": "None", "operatingExpenses": "970000000", "investmentIncomeNet": "None", "netInterestIncome": "-123000000", "interestIncome": "26000000", "interestExpense": "77000000", "nonInterestIncome": "None", "otherNonOperatingIncome": "None", "depreciation": "None", "depreciationAndAmortization": "859000000", "incomeBeforeTax": "814000000", "incomeTaxExpense": "177000000", "interestAndDebtExpense": "None", "netIncomeFromContinuingOperations": "634000000", "comprehensiveIncomeNetOfTax": "None", "ebit": "898000000", "ebitda": "1757000000", "netIncome": "607000000"}, {"fiscalDateEnding": "2021-06-30", "reportedCurrency": "USD", "grossProfit": "732000000", "totalRevenue": "4153000000", "costOfRevenue": "3421000000", "costofGoodsAndServicesSold": "3421000000", "operatingIncome": "-308000000", "sellingGeneralAndAdministrative": "None", "researchAndDevelopment": "None", "operatingExpenses": "951000000", "investmentIncomeNet": "None", "netInterestIncome": "-48000000", "interestIncome": "28000000", "interestExpense": "76000000", "nonInterestIncome": "None", "otherNonOperatingIncome": "None", "depreciation": "None", "depreciationAndAmortization": "1340000000", "incomeBeforeTax": "124000000", "incomeTaxExpense": "110000000", "interestAndDebtExpense": "None", "netIncomeFromContinuingOperations": "13000000", "comprehensiveIncomeNetOfTax": "None", "ebit": "201000000", "ebitda": "1541000000", "netIncome": "-61000000"}, {"fiscalDateEnding": "2021-03-31", "reportedCurrency": "USD", "grossProfit": "-52000000", "totalRevenue": "5559000000", "costOfRevenue": "5611000000", "costofGoodsAndServicesSold": "5611000000", "operatingIncome": "-1042000000", "sellingGeneralAndAdministrative": "None", "researchAndDevelopment": "None", "operatingExpenses": "1019000000", "investmentIncomeNet": "None", "netInterestIncome": "-54000000", "interestIncome": "18000000", "interestExpense": "72000000", "nonInterestIncome": "None", "otherNonOperatingIncome": "None", "depreciation": "None", "depreciationAndAmortization": "1346000000", "incomeBeforeTax": "-947000000", "incomeTaxExpense": "-179000000", "interestAndDebtExpense": "None", "netIncomeFromContinuingOperations": "-769000000", "comprehensiveIncomeNetOfTax": "None", "ebit": "-875000000", "ebitda": "471000000", "netIncome": "-793000000"}, {"fiscalDateEnding": "2020-12-31", "reportedCurrency": "USD", "grossProfit": "727000000", "totalRevenue": "4331000000", "costOfRevenue": "3604000000", "costofGoodsAndServicesSold": "3604000000", "operatingIncome": "-354000000", "sellingGeneralAndAdministrative": "None", "researchAndDevelopment": "None", "operatingExpenses": "1080000000", "investmentIncomeNet": "None", "netInterestIncome": "-80000000", "interestIncome": "None", "interestExpense": "80000000", "nonInterestIncome": "None", "otherNonOperatingIncome": "None", "depreciation": "None", "depreciationAndAmortization": "1370000000", "incomeBeforeTax": "304000000", "incomeTaxExpense": "208000000", "interestAndDebtExpense": "None", "netIncomeFromContinuingOperations": "94000000", "comprehensiveIncomeNetOfTax": "None", "ebit": "384000000", "ebitda": "1754000000", "netIncome": "19000000"}, {"fiscalDateEnding": "2020-09-30", "reportedCurrency": "None", "grossProfit": "1395000000", "totalRevenue": "4659000000", "costOfRevenue": "3264000000", "costofGoodsAndServicesSold": "3264000000", "operatingIncome": "988000000", "sellingGeneralAndAdministrative": "None", "researchAndDevelopment": "None", "operatingExpenses": "1210000000", "investmentIncomeNet": "None", "netInterestIncome": "None", "interestIncome": "None", "interestExpense": "None", "nonInterestIncome": "None", "otherNonOperatingIncome": "None", "depreciation": "None", "depreciationAndAmortization": "678000000", "incomeBeforeTax": "128000000", "incomeTaxExpense": "11000000", "interestAndDebtExpense": "None", "netIncomeFromContinuingOperations": "None", "comprehensiveIncomeNetOfTax": "None", "ebit": "988000000", "ebitda": "1666000000", "netIncome": "49000000"}, {"fiscalDateEnding": "2020-06-30", "reportedCurrency": "None", "grossProfit": "749000000", "totalRevenue": "3880000000", "costOfRevenue": "3131000000", "costofGoodsAndServicesSold": "3131000000", "operatingIncome": "333000000", "sellingGeneralAndAdministrative": "None", "researchAndDevelopment": "None", "operatingExpenses": "43000000", "investmentIncomeNet": "None", "netInterestIncome": "None", "interestIncome": "None", "interestExpense": "None", "nonInterestIncome": "None", "otherNonOperatingIncome": "None", "depreciation": "None", "depreciationAndAmortization": "659000000", "incomeBeforeTax": "724000000", "incomeTaxExpense": "195000000", "interestAndDebtExpense": "None", "netIncomeFromContinuingOperations": "None", "comprehensiveIncomeNetOfTax": "None", "ebit": "333000000", "ebitda": "992000000", "netIncome": "476000000"}, {"fiscalDateEnding": "2020-03-31", "reportedCurrency": "None", "grossProfit": "774000000", "totalRevenue": "4733000000", "costOfRevenue": "3959000000", "costofGoodsAndServicesSold": "3959000000", "operatingIncome": "341000000", "sellingGeneralAndAdministrative": "None", "researchAndDevelopment": "None", "operatingExpenses": "1066000000", "investmentIncomeNet": "None", "netInterestIncome": "None", "interestIncome": "None", "interestExpense": "None", "nonInterestIncome": "None", "otherNonOperatingIncome": "None", "depreciation": "None", "depreciationAndAmortization": "661000000", "incomeBeforeTax": "-374000000", "incomeTaxExpense": "213000000", "interestAndDebtExpense": "None", "netIncomeFromContinuingOperations": "None", "comprehensiveIncomeNetOfTax": "None", "ebit": "341000000", "ebitda": "1002000000", "netIncome": "45000000"}, {"fiscalDateEnding": "2019-12-31", "reportedCurrency": "None", "grossProfit": "605000000", "totalRevenue": "4644000000", "costOfRevenue": "4039000000", "costofGoodsAndServicesSold": "4039000000", "operatingIncome": "166000000", "sellingGeneralAndAdministrative": "None", "researchAndDevelopment": "None", "operatingExpenses": "42000000", "investmentIncomeNet": "None", "netInterestIncome": "None", "interestIncome": "None", "interestExpense": "None", "nonInterestIncome": "None", "otherNonOperatingIncome": "None", "depreciation": "None", "depreciationAndAmortization": "686000000", "incomeBeforeTax": "495000000", "incomeTaxExpense": "62000000", "interestAndDebtExpense": "None", "netIncomeFromContinuingOperations": "None", "comprehensiveIncomeNetOfTax": "None", "ebit": "166000000", "ebitda": "852000000", "netIncome": "397000000"}, {"fiscalDateEnding": "2019-09-30", "reportedCurrency": "None", "grossProfit": "1075000000", "totalRevenue": "4774000000", "costOfRevenue": "3699000000", "costofGoodsAndServicesSold": "3699000000", "operatingIncome": "613000000", "sellingGeneralAndAdministrative": "None", "researchAndDevelopment": "None", "operatingExpenses": "690000000", "investmentIncomeNet": "None", "netInterestIncome": "None", "interestIncome": "None", "interestExpense": "None", "nonInterestIncome": "None", "otherNonOperatingIncome": "None", "depreciation": "None", "depreciationAndAmortization": "722000000", "incomeBeforeTax": "300000000", "incomeTaxExpense": "56000000", "interestAndDebtExpense": "None", "netIncomeFromContinuingOperations": "None", "comprehensiveIncomeNetOfTax": "None", "ebit": "613000000", "ebitda": "1335000000", "netIncome": "257000000"}, {"fiscalDateEnding": "2019-06-30", "reportedCurrency": "None", "grossProfit": "652000000", "totalRevenue": "4210000000", "costOfRevenue": "3558000000", "costofGoodsAndServicesSold": "3558000000", "operatingIncome": "189000000", "sellingGeneralAndAdministrative": "None", "researchAndDevelopment": "None", "operatingExpenses": "410000000", "investmentIncomeNet": "None", "netInterestIncome": "None", "interestIncome": "None", "interestExpense": "None", "nonInterestIncome": "None", "otherNonOperatingIncome": "None", "depreciation": "None", "depreciationAndAmortization": "716000000", "incomeBeforeTax": "162000000", "incomeTaxExpense": "44000000", "interestAndDebtExpense": "None", "netIncomeFromContinuingOperations": "None", "comprehensiveIncomeNetOfTax": "None", "ebit": "189000000", "ebitda": "905000000", "netIncome": "108000000"}, {"fiscalDateEnding": "2019-03-31", "reportedCurrency": "None", "grossProfit": "797000000", "totalRevenue": "5296000000", "costOfRevenue": "4499000000", "costofGoodsAndServicesSold": "4499000000", "operatingIncome": "336000000", "sellingGeneralAndAdministrative": "None", "researchAndDevelopment": "None", "operatingExpenses": "150000000", "investmentIncomeNet": "None", "netInterestIncome": "None", "interestIncome": "None", "interestExpense": "None", "nonInterestIncome": "None", "otherNonOperatingIncome": "None", "depreciation": "None", "depreciationAndAmortization": "710000000", "incomeBeforeTax": "561000000", "incomeTaxExpense": "139000000", "interestAndDebtExpense": "None", "netIncomeFromContinuingOperations": "None", "comprehensiveIncomeNetOfTax": "None", "ebit": "336000000", "ebitda": "1046000000", "netIncome": "363000000"}, {"fiscalDateEnding": "2018-12-31", "reportedCurrency": "None", "grossProfit": "541000000", "totalRevenue": "5069000000", "costOfRevenue": "4528000000", "costofGoodsAndServicesSold": "4528000000", "operatingIncome": "88000000", "sellingGeneralAndAdministrative": "None", "researchAndDevelopment": "None", "operatingExpenses": "847000000", "investmentIncomeNet": "None", "netInterestIncome": "None", "interestIncome": "None", "interestExpense": "None", "nonInterestIncome": "None", "otherNonOperatingIncome": "None", "depreciation": "None", "depreciationAndAmortization": "704000000", "incomeBeforeTax": "-404000000", "incomeTaxExpense": "180000000", "interestAndDebtExpense": "None", "netIncomeFromContinuingOperations": "None", "comprehensiveIncomeNetOfTax": "None", "ebit": "88000000", "ebitda": "792000000", "netIncome": "-177000000"}, {"fiscalDateEnding": "2018-09-30", "reportedCurrency": "None", "grossProfit": "932000000", "totalRevenue": "5278000000", "costOfRevenue": "4346000000", "costofGoodsAndServicesSold": "4346000000", "operatingIncome": "491000000", "sellingGeneralAndAdministrative": "None", "researchAndDevelopment": "None", "operatingExpenses": "482000000", "investmentIncomeNet": "None", "netInterestIncome": "None", "interestIncome": "None", "interestExpense": "None", "nonInterestIncome": "None", "otherNonOperatingIncome": "None", "depreciation": "None", "depreciationAndAmortization": "703000000", "incomeBeforeTax": "378000000", "incomeTaxExpense": "78000000", "interestAndDebtExpense": "None", "netIncomeFromContinuingOperations": "None", "comprehensiveIncomeNetOfTax": "None", "ebit": "491000000", "ebitda": "1194000000", "netIncome": "234000000"}, {"fiscalDateEnding": "2018-06-30", "reportedCurrency": "None", "grossProfit": "883000000", "totalRevenue": "4579000000", "costOfRevenue": "3696000000", "costofGoodsAndServicesSold": "3696000000", "operatingIncome": "454000000", "sellingGeneralAndAdministrative": "None", "researchAndDevelopment": "None", "operatingExpenses": "613000000", "investmentIncomeNet": "None", "netInterestIncome": "None", "interestIncome": "None", "interestExpense": "None", "nonInterestIncome": "None", "otherNonOperatingIncome": "None", "depreciation": "None", "depreciationAndAmortization": "706000000", "incomeBeforeTax": "204000000", "incomeTaxExpense": "23000000", "interestAndDebtExpense": "None", "netIncomeFromContinuingOperations": "None", "comprehensiveIncomeNetOfTax": "None", "ebit": "454000000", "ebitda": "1160000000", "netIncome": "178000000"}, {"fiscalDateEnding": "2018-03-31", "reportedCurrency": "None", "grossProfit": "906000000", "totalRevenue": "5512000000", "costOfRevenue": "4606000000", "costofGoodsAndServicesSold": "4606000000", "operatingIncome": "472000000", "sellingGeneralAndAdministrative": "None", "researchAndDevelopment": "None", "operatingExpenses": "613000000", "investmentIncomeNet": "None", "netInterestIncome": "None", "interestIncome": "None", "interestExpense": "None", "nonInterestIncome": "None", "otherNonOperatingIncome": "None", "depreciation": "None", "depreciationAndAmortization": "706000000", "incomeBeforeTax": "195000000", "incomeTaxExpense": "9000000", "interestAndDebtExpense": "None", "netIncomeFromContinuingOperations": "None", "comprehensiveIncomeNetOfTax": "None", "ebit": "472000000", "ebitda": "1178000000", "netIncome": "136000000"}, {"fiscalDateEnding": "2017-12-31", "reportedCurrency": "None", "grossProfit": "911000000", "totalRevenue": "4657000000", "costOfRevenue": "3746000000", "costofGoodsAndServicesSold": "3746000000", "operatingIncome": "483000000", "sellingGeneralAndAdministrative": "None", "researchAndDevelopment": "None", "operatingExpenses": "100000000", "investmentIncomeNet": "None", "netInterestIncome": "None", "interestIncome": "None", "interestExpense": "None", "nonInterestIncome": "None", "otherNonOperatingIncome": "None", "depreciation": "None", "depreciationAndAmortization": "712000000", "incomeBeforeTax": "908000000", "incomeTaxExpense": "1382000000", "interestAndDebtExpense": "None", "netIncomeFromContinuingOperations": "None", "comprehensiveIncomeNetOfTax": "None", "ebit": "483000000", "ebitda": "1195000000", "netIncome": "2223000000"}, {"fiscalDateEnding": "2017-09-30", "reportedCurrency": "None", "grossProfit": "1064000000", "totalRevenue": "4750000000", "costOfRevenue": "3686000000", "costofGoodsAndServicesSold": "3686000000", "operatingIncome": "625000000", "sellingGeneralAndAdministrative": "None", "researchAndDevelopment": "None", "operatingExpenses": "367000000", "investmentIncomeNet": "None", "netInterestIncome": "None", "interestIncome": "None", "interestExpense": "None", "nonInterestIncome": "None", "otherNonOperatingIncome": "None", "depreciation": "None", "depreciationAndAmortization": "667000000", "incomeBeforeTax": "585000000", "incomeTaxExpense": "239000000", "interestAndDebtExpense": "None", "netIncomeFromContinuingOperations": "None", "comprehensiveIncomeNetOfTax": "None", "ebit": "625000000", "ebitda": "1292000000", "netIncome": "304000000"}, {"fiscalDateEnding": "2017-06-30", "reportedCurrency": "None", "grossProfit": "552000000", "totalRevenue": "4216000000", "costOfRevenue": "3664000000", "costofGoodsAndServicesSold": "3664000000", "operatingIncome": "115000000", "sellingGeneralAndAdministrative": "None", "researchAndDevelopment": "None", "operatingExpenses": "808000000", "investmentIncomeNet": "None", "netInterestIncome": "None", "interestIncome": "None", "interestExpense": "None", "nonInterestIncome": "None", "otherNonOperatingIncome": "None", "depreciation": "None", "depreciationAndAmortization": "737000000", "incomeBeforeTax": "-384000000", "incomeTaxExpense": "148000000", "interestAndDebtExpense": "None", "netIncomeFromContinuingOperations": "None", "comprehensiveIncomeNetOfTax": "None", "ebit": "115000000", "ebitda": "852000000", "netIncome": "-235000000"}, {"fiscalDateEnding": "2017-03-31", "reportedCurrency": "None", "grossProfit": "620000000", "totalRevenue": "4878000000", "costOfRevenue": "4258000000", "costofGoodsAndServicesSold": "4258000000", "operatingIncome": "175000000", "sellingGeneralAndAdministrative": "None", "researchAndDevelopment": "None", "operatingExpenses": "-445000000", "investmentIncomeNet": "None", "netInterestIncome": "None", "interestIncome": "None", "interestExpense": "None", "nonInterestIncome": "None", "otherNonOperatingIncome": "None", "depreciation": "None", "depreciationAndAmortization": "678000000", "incomeBeforeTax": "522000000", "incomeTaxExpense": "123000000", "interestAndDebtExpense": "None", "netIncomeFromContinuingOperations": "None", "comprehensiveIncomeNetOfTax": "None", "ebit": "175000000", "ebitda": "853000000", "netIncome": "418000000"}, {"fiscalDateEnding": "2016-12-31", "reportedCurrency": "None", "grossProfit": "694000000", "totalRevenue": "4388000000", "costOfRevenue": "3694000000", "costofGoodsAndServicesSold": "3694000000", "operatingIncome": "666000000", "sellingGeneralAndAdministrative": "None", "researchAndDevelopment": "None", "operatingExpenses": "524000000", "investmentIncomeNet": "None", "netInterestIncome": "None", "interestIncome": "None", "interestExpense": "None", "nonInterestIncome": "None", "otherNonOperatingIncome": "None", "depreciation": "None", "depreciationAndAmortization": "1499000000", "incomeBeforeTax": "79000000", "incomeTaxExpense": "77000000", "interestAndDebtExpense": "None", "netIncomeFromContinuingOperations": "None", "comprehensiveIncomeNetOfTax": "None", "ebit": "666000000", "ebitda": "2165000000", "netIncome": "-42000000"}, {"fiscalDateEnding": "2016-09-30", "reportedCurrency": "None", "grossProfit": "1271000000", "totalRevenue": "5035000000", "costOfRevenue": "3764000000", "costofGoodsAndServicesSold": "3764000000", "operatingIncome": "627000000", "sellingGeneralAndAdministrative": "None", "researchAndDevelopment": "None", "operatingExpenses": "750000000", "investmentIncomeNet": "None", "netInterestIncome": "None", "interestIncome": "None", "interestExpense": "None", "nonInterestIncome": "None", "otherNonOperatingIncome": "None", "depreciation": "None", "depreciationAndAmortization": "553000000", "incomeBeforeTax": "444000000", "incomeTaxExpense": "173000000", "interestAndDebtExpense": "None", "netIncomeFromContinuingOperations": "None", "comprehensiveIncomeNetOfTax": "None", "ebit": "627000000", "ebitda": "1180000000", "netIncome": "236000000"}, {"fiscalDateEnding": "2016-06-30", "reportedCurrency": "None", "grossProfit": "523000000", "totalRevenue": "3589000000", "costOfRevenue": "3066000000", "costofGoodsAndServicesSold": "3066000000", "operatingIncome": "-3000000", "sellingGeneralAndAdministrative": "None", "researchAndDevelopment": "None", "operatingExpenses": "427000000", "investmentIncomeNet": "None", "netInterestIncome": "None", "interestIncome": "None", "interestExpense": "None", "nonInterestIncome": "None", "otherNonOperatingIncome": "None", "depreciation": "None", "depreciationAndAmortization": "800000000", "incomeBeforeTax": "-3000000", "incomeTaxExpense": "31000000", "interestAndDebtExpense": "None", "netIncomeFromContinuingOperations": "None", "comprehensiveIncomeNetOfTax": "None", "ebit": "-3000000", "ebitda": "797000000", "netIncome": "-8000000"}, {"fiscalDateEnding": "2016-03-31", "reportedCurrency": "None", "grossProfit": "979000000", "totalRevenue": "4739000000", "costOfRevenue": "3760000000", "costofGoodsAndServicesSold": "3760000000", "operatingIncome": "564000000", "sellingGeneralAndAdministrative": "None", "researchAndDevelopment": "None", "operatingExpenses": "475000000", "investmentIncomeNet": "None", "netInterestIncome": "None", "interestIncome": "None", "interestExpense": "None", "nonInterestIncome": "None", "otherNonOperatingIncome": "None", "depreciation": "None", "depreciationAndAmortization": "667000000", "incomeBeforeTax": "408000000", "incomeTaxExpense": "151000000", "interestAndDebtExpense": "None", "netIncomeFromContinuingOperations": "None", "comprehensiveIncomeNetOfTax": "None", "ebit": "564000000", "ebitda": "1231000000", "netIncome": "310000000"}, {"fiscalDateEnding": "2015-12-31", "reportedCurrency": "None", "grossProfit": "637000000", "totalRevenue": "4294000000", "costOfRevenue": "3657000000", "costofGoodsAndServicesSold": "3657000000", "operatingIncome": "237000000", "sellingGeneralAndAdministrative": "None", "researchAndDevelopment": "None", "operatingExpenses": "300000000", "investmentIncomeNet": "None", "netInterestIncome": "None", "interestIncome": "None", "interestExpense": "None", "nonInterestIncome": "None", "otherNonOperatingIncome": "None", "depreciation": "None", "depreciationAndAmortization": "702000000", "incomeBeforeTax": "241000000", "incomeTaxExpense": "109000000", "interestAndDebtExpense": "None", "netIncomeFromContinuingOperations": "None", "comprehensiveIncomeNetOfTax": "None", "ebit": "237000000", "ebitda": "939000000", "netIncome": "154000000"}, {"fiscalDateEnding": "2015-09-30", "reportedCurrency": "None", "grossProfit": "1015000000", "totalRevenue": "4768000000", "costOfRevenue": "3753000000", "costofGoodsAndServicesSold": "3753000000", "operatingIncome": "628000000", "sellingGeneralAndAdministrative": "None", "researchAndDevelopment": "None", "operatingExpenses": "651000000", "investmentIncomeNet": "None", "netInterestIncome": "None", "interestIncome": "None", "interestExpense": "None", "nonInterestIncome": "None", "otherNonOperatingIncome": "None", "depreciation": "None", "depreciationAndAmortization": "632000000", "incomeBeforeTax": "296000000", "incomeTaxExpense": "36000000", "interestAndDebtExpense": "None", "netIncomeFromContinuingOperations": "None", "comprehensiveIncomeNetOfTax": "None", "ebit": "628000000", "ebitda": "1260000000", "netIncome": "377000000"}, {"fiscalDateEnding": "2015-06-30", "reportedCurrency": "None", "grossProfit": "1083000000", "totalRevenue": "4232000000", "costOfRevenue": "3149000000", "costofGoodsAndServicesSold": "3149000000", "operatingIncome": "704000000", "sellingGeneralAndAdministrative": "None", "researchAndDevelopment": "None", "operatingExpenses": "413000000", "investmentIncomeNet": "None", "netInterestIncome": "None", "interestIncome": "None", "interestExpense": "None", "nonInterestIncome": "None", "otherNonOperatingIncome": "None", "depreciation": "None", "depreciationAndAmortization": "664000000", "incomeBeforeTax": "571000000", "incomeTaxExpense": "181000000", "interestAndDebtExpense": "None", "netIncomeFromContinuingOperations": "None", "comprehensiveIncomeNetOfTax": "None", "ebit": "704000000", "ebitda": "1368000000", "netIncome": "398000000"}, {"fiscalDateEnding": "2015-03-31", "reportedCurrency": "None", "grossProfit": "1130000000", "totalRevenue": "5842000000", "costOfRevenue": "4712000000", "costofGoodsAndServicesSold": "4712000000", "operatingIncome": "754000000", "sellingGeneralAndAdministrative": "None", "researchAndDevelopment": "None", "operatingExpenses": "318000000", "investmentIncomeNet": "None", "netInterestIncome": "None", "interestIncome": "None", "interestExpense": "None", "nonInterestIncome": "None", "otherNonOperatingIncome": "None", "depreciation": "None", "depreciationAndAmortization": "591000000", "incomeBeforeTax": "711000000", "incomeTaxExpense": "226000000", "interestAndDebtExpense": "None", "netIncomeFromContinuingOperations": "None", "comprehensiveIncomeNetOfTax": "None", "ebit": "754000000", "ebitda": "1345000000", "netIncome": "443000000"}, {"fiscalDateEnding": "2014-12-31", "reportedCurrency": "None", "grossProfit": "684000000", "totalRevenue": "4802000000", "costOfRevenue": "4118000000", "costofGoodsAndServicesSold": "4118000000", "operatingIncome": "321000000", "sellingGeneralAndAdministrative": "None", "researchAndDevelopment": "None", "operatingExpenses": "624000000", "investmentIncomeNet": "None", "netInterestIncome": "None", "interestIncome": "None", "interestExpense": "None", "nonInterestIncome": "None", "otherNonOperatingIncome": "None", "depreciation": "None", "depreciationAndAmortization": "666000000", "incomeBeforeTax": "-34000000", "incomeTaxExpense": "16000000", "interestAndDebtExpense": "None", "netIncomeFromContinuingOperations": "None", "comprehensiveIncomeNetOfTax": "None", "ebit": "321000000", "ebitda": "987000000", "netIncome": "-91000000"}, {"fiscalDateEnding": "2014-09-30", "reportedCurrency": "None", "grossProfit": "1376000000", "totalRevenue": "4412000000", "costOfRevenue": "3036000000", "costofGoodsAndServicesSold": "3036000000", "operatingIncome": "996000000", "sellingGeneralAndAdministrative": "None", "researchAndDevelopment": "None", "operatingExpenses": "174000000", "investmentIncomeNet": "None", "netInterestIncome": "None", "interestIncome": "None", "interestExpense": "None", "nonInterestIncome": "None", "otherNonOperatingIncome": "None", "depreciation": "None", "depreciationAndAmortization": "611000000", "incomeBeforeTax": "1140000000", "incomeTaxExpense": "291000000", "interestAndDebtExpense": "None", "netIncomeFromContinuingOperations": "None", "comprehensiveIncomeNetOfTax": "None", "ebit": "996000000", "ebitda": "1607000000", "netIncome": "771000000"}, {"fiscalDateEnding": "2014-06-30", "reportedCurrency": "None", "grossProfit": "643000000", "totalRevenue": "3789000000", "costOfRevenue": "3146000000", "costofGoodsAndServicesSold": "3146000000", "operatingIncome": "271000000", "sellingGeneralAndAdministrative": "None", "researchAndDevelopment": "None", "operatingExpenses": "11000000", "investmentIncomeNet": "None", "netInterestIncome": "None", "interestIncome": "None", "interestExpense": "None", "nonInterestIncome": "None", "otherNonOperatingIncome": "None", "depreciation": "None", "depreciationAndAmortization": "685000000", "incomeBeforeTax": "571000000", "incomeTaxExpense": "199000000", "interestAndDebtExpense": "None", "netIncomeFromContinuingOperations": "None", "comprehensiveIncomeNetOfTax": "None", "ebit": "271000000", "ebitda": "956000000", "netIncome": "340000000"}, {"fiscalDateEnding": "2014-03-31", "reportedCurrency": "None", "grossProfit": "-40000000", "totalRevenue": "4390000000", "costOfRevenue": "4430000000", "costofGoodsAndServicesSold": "4430000000", "operatingIncome": "-356000000", "sellingGeneralAndAdministrative": "None", "researchAndDevelopment": "None", "operatingExpenses": "273000000", "investmentIncomeNet": "None", "netInterestIncome": "None", "interestIncome": "None", "interestExpense": "None", "nonInterestIncome": "None", "otherNonOperatingIncome": "None", "depreciation": "None", "depreciationAndAmortization": "557000000", "incomeBeforeTax": "-384000000", "incomeTaxExpense": "199000000", "interestAndDebtExpense": "None", "netIncomeFromContinuingOperations": "None", "comprehensiveIncomeNetOfTax": "None", "ebit": "-356000000", "ebitda": "201000000", "netIncome": "-185000000"}, {"fiscalDateEnding": "2013-12-31", "reportedCurrency": "None", "grossProfit": "656000000", "totalRevenue": "3772000000", "costOfRevenue": "3116000000", "costofGoodsAndServicesSold": "3116000000", "operatingIncome": "346000000", "sellingGeneralAndAdministrative": "None", "researchAndDevelopment": "None", "operatingExpenses": "6000000", "investmentIncomeNet": "None", "netInterestIncome": "None", "interestIncome": "None", "interestExpense": "None", "nonInterestIncome": "None", "otherNonOperatingIncome": "None", "depreciation": "None", "depreciationAndAmortization": "622000000", "incomeBeforeTax": "566000000", "incomeTaxExpense": "301000000", "interestAndDebtExpense": "None", "netIncomeFromContinuingOperations": "None", "comprehensiveIncomeNetOfTax": "None", "ebit": "346000000", "ebitda": "968000000", "netIncome": "269000000"}, {"fiscalDateEnding": "2013-09-30", "reportedCurrency": "None", "grossProfit": "1032000000", "totalRevenue": "4255000000", "costOfRevenue": "3223000000", "costofGoodsAndServicesSold": "3223000000", "operatingIncome": "716000000", "sellingGeneralAndAdministrative": "None", "researchAndDevelopment": "None", "operatingExpenses": "177000000", "investmentIncomeNet": "None", "netInterestIncome": "None", "interestIncome": "None", "interestExpense": "None", "nonInterestIncome": "None", "otherNonOperatingIncome": "None", "depreciation": "None", "depreciationAndAmortization": "579000000", "incomeBeforeTax": "773000000", "incomeTaxExpense": "288000000", "interestAndDebtExpense": "None", "netIncomeFromContinuingOperations": "None", "comprehensiveIncomeNetOfTax": "None", "ebit": "716000000", "ebitda": "1295000000", "netIncome": "490000000"}, {"fiscalDateEnding": "2013-06-30", "reportedCurrency": "None", "grossProfit": "1047000000", "totalRevenue": "4070000000", "costOfRevenue": "3023000000", "costofGoodsAndServicesSold": "3023000000", "operatingIncome": "736000000", "sellingGeneralAndAdministrative": "None", "researchAndDevelopment": "None", "operatingExpenses": "477000000", "investmentIncomeNet": "None", "netInterestIncome": "None", "interestIncome": "None", "interestExpense": "None", "nonInterestIncome": "None", "otherNonOperatingIncome": "None", "depreciation": "None", "depreciationAndAmortization": "670000000", "incomeBeforeTax": "477000000", "incomeTaxExpense": "149000000", "interestAndDebtExpense": "None", "netIncomeFromContinuingOperations": "None", "comprehensiveIncomeNetOfTax": "None", "ebit": "736000000", "ebitda": "1406000000", "netIncome": "330000000"}, {"fiscalDateEnding": "2013-03-31", "reportedCurrency": "None", "grossProfit": "275000000", "totalRevenue": "3533000000", "costOfRevenue": "3258000000", "costofGoodsAndServicesSold": "3258000000", "operatingIncome": "-32000000", "sellingGeneralAndAdministrative": "None", "researchAndDevelopment": "None", "operatingExpenses": "216000000", "investmentIncomeNet": "None", "netInterestIncome": "None", "interestIncome": "None", "interestExpense": "None", "nonInterestIncome": "None", "otherNonOperatingIncome": "None", "depreciation": "None", "depreciationAndAmortization": "688000000", "incomeBeforeTax": "-18000000", "incomeTaxExpense": "1000000", "interestAndDebtExpense": "None", "netIncomeFromContinuingOperations": "None", "comprehensiveIncomeNetOfTax": "None", "ebit": "-32000000", "ebitda": "656000000", "netIncome": "-18000000"}, {"fiscalDateEnding": "2012-12-31", "reportedCurrency": "None", "grossProfit": "165000000", "totalRevenue": "3898000000", "costOfRevenue": "3733000000", "costofGoodsAndServicesSold": "3733000000", "operatingIncome": "-136000000", "sellingGeneralAndAdministrative": "None", "researchAndDevelopment": "None", "operatingExpenses": "179000000", "investmentIncomeNet": "None", "netInterestIncome": "None", "interestIncome": "None", "interestExpense": "None", "nonInterestIncome": "None", "otherNonOperatingIncome": "None", "depreciation": "None", "depreciationAndAmortization": "788000000", "incomeBeforeTax": "266000000", "incomeTaxExpense": "127000000", "interestAndDebtExpense": "None", "netIncomeFromContinuingOperations": "None", "comprehensiveIncomeNetOfTax": "None", "ebit": "-136000000", "ebitda": "652000000", "netIncome": "137000000"}, {"fiscalDateEnding": "2012-09-30", "reportedCurrency": "None", "grossProfit": "559000000", "totalRevenue": "4031000000", "costOfRevenue": "3472000000", "costofGoodsAndServicesSold": "3472000000", "operatingIncome": "243000000", "sellingGeneralAndAdministrative": "None", "researchAndDevelopment": "None", "operatingExpenses": "302000000", "investmentIncomeNet": "None", "netInterestIncome": "None", "interestIncome": "None", "interestExpense": "85000000", "nonInterestIncome": "None", "otherNonOperatingIncome": "None", "depreciation": "None", "depreciationAndAmortization": "755000000", "incomeBeforeTax": "172000000", "incomeTaxExpense": "85000000", "interestAndDebtExpense": "None", "netIncomeFromContinuingOperations": "None", "comprehensiveIncomeNetOfTax": "None", "ebit": "243000000", "ebitda": "998000000", "netIncome": "91000000"}]}