{"symbol": "DELL", "annualReports": [{"fiscalDateEnding": "2025-01-31", "reportedCurrency": "USD", "grossProfit": "21917000000", "totalRevenue": "95567000000", "costOfRevenue": "73650000000", "costofGoodsAndServicesSold": "73650000000", "operatingIncome": "6237000000", "sellingGeneralAndAdministrative": "11952000000", "researchAndDevelopment": "3061000000", "operatingExpenses": "15680000000", "investmentIncomeNet": "None", "netInterestIncome": "-1254000000", "interestIncome": "160000000", "interestExpense": "1189000000", "nonInterestIncome": "None", "otherNonOperatingIncome": "None", "depreciation": "None", "depreciationAndAmortization": "None", "incomeBeforeTax": "5048000000", "incomeTaxExpense": "472000000", "interestAndDebtExpense": "None", "netIncomeFromContinuingOperations": "4576000000", "comprehensiveIncomeNetOfTax": "None", "ebit": "None", "ebitda": "6237000000", "netIncome": "4592000000"}, {"fiscalDateEnding": "2024-01-31", "reportedCurrency": "USD", "grossProfit": "20869000000", "totalRevenue": "88425000000", "costOfRevenue": "67556000000", "costofGoodsAndServicesSold": "67556000000", "operatingIncome": "5211000000", "sellingGeneralAndAdministrative": "11435000000", "researchAndDevelopment": "2801000000", "operatingExpenses": "15658000000", "investmentIncomeNet": "None", "netInterestIncome": "-1196000000", "interestIncome": "305000000", "interestExpense": "1545000000", "nonInterestIncome": "None", "otherNonOperatingIncome": "None", "depreciation": "None", "depreciationAndAmortization": "3303000000", "incomeBeforeTax": "3887000000", "incomeTaxExpense": "692000000", "interestAndDebtExpense": "None", "netIncomeFromContinuingOperations": "3195000000", "comprehensiveIncomeNetOfTax": "None", "ebit": "5443000000", "ebitda": "8746000000", "netIncome": "3211000000"}, {"fiscalDateEnding": "2023-01-31", "reportedCurrency": "USD", "grossProfit": "22686000000", "totalRevenue": "102301000000", "costOfRevenue": "79615000000", "costofGoodsAndServicesSold": "79615000000", "operatingIncome": "5771000000", "sellingGeneralAndAdministrative": "14136000000", "researchAndDevelopment": "2779000000", "operatingExpenses": "16915000000", "investmentIncomeNet": "None", "netInterestIncome": "-2546000000", "interestIncome": "2546000000", "interestExpense": "1222000000", "nonInterestIncome": "None", "otherNonOperatingIncome": "None", "depreciation": "None", "depreciationAndAmortization": "3156000000", "incomeBeforeTax": "3225000000", "incomeTaxExpense": "803000000", "interestAndDebtExpense": "None", "netIncomeFromContinuingOperations": "2422000000", "comprehensiveIncomeNetOfTax": "None", "ebit": "5771000000", "ebitda": "8927000000", "netIncome": "2442000000"}, {"fiscalDateEnding": "2022-01-31", "reportedCurrency": "USD", "grossProfit": "21891000000", "totalRevenue": "101197000000", "costOfRevenue": "79306000000", "costofGoodsAndServicesSold": "79306000000", "operatingIncome": "4911000000", "sellingGeneralAndAdministrative": "13355000000", "researchAndDevelopment": "2577000000", "operatingExpenses": "17232000000", "investmentIncomeNet": "None", "netInterestIncome": "1264000000", "interestIncome": "1264000000", "interestExpense": "1542000000", "nonInterestIncome": "None", "otherNonOperatingIncome": "None", "depreciation": "None", "depreciationAndAmortization": "4551000000", "incomeBeforeTax": "5923000000", "incomeTaxExpense": "981000000", "interestAndDebtExpense": "None", "netIncomeFromContinuingOperations": "4942000000", "comprehensiveIncomeNetOfTax": "None", "ebit": "7465000000", "ebitda": "12016000000", "netIncome": "5563000000"}, {"fiscalDateEnding": "2021-01-31", "reportedCurrency": "USD", "grossProfit": "20140000000", "totalRevenue": "86670000000", "costOfRevenue": "66530000000", "costofGoodsAndServicesSold": "66530000000", "operatingIncome": "4150000000", "sellingGeneralAndAdministrative": "13000000000", "researchAndDevelopment": "2455000000", "operatingExpenses": "16455000000", "investmentIncomeNet": "None", "netInterestIncome": "-1474000000", "interestIncome": "54000000", "interestExpense": "2052000000", "nonInterestIncome": "None", "otherNonOperatingIncome": "-1474000000", "depreciation": "None", "depreciationAndAmortization": "5775000000", "incomeBeforeTax": "2346000000", "incomeTaxExpense": "101000000", "interestAndDebtExpense": "None", "netIncomeFromContinuingOperations": "3505000000", "comprehensiveIncomeNetOfTax": "None", "ebit": "4150000000", "ebitda": "9925000000", "netIncome": "3250000000"}, {"fiscalDateEnding": "2020-01-31", "reportedCurrency": "USD", "grossProfit": "20639000000", "totalRevenue": "84815000000", "costOfRevenue": "64176000000", "costofGoodsAndServicesSold": "64176000000", "operatingIncome": "3566000000", "sellingGeneralAndAdministrative": "17898000000", "researchAndDevelopment": "2454000000", "operatingExpenses": "18273000000", "investmentIncomeNet": "None", "netInterestIncome": "-2818000000", "interestIncome": "160000000", "interestExpense": "2396000000", "nonInterestIncome": "None", "otherNonOperatingIncome": "-2626000000", "depreciation": "None", "depreciationAndAmortization": "6143000000", "incomeBeforeTax": "-4000000", "incomeTaxExpense": "-5533000000", "interestAndDebtExpense": "None", "netIncomeFromContinuingOperations": "5529000000", "comprehensiveIncomeNetOfTax": "None", "ebit": "2671000000", "ebitda": "8814000000", "netIncome": "4616000000"}, {"fiscalDateEnding": "2019-01-31", "reportedCurrency": "USD", "grossProfit": "25053000000", "totalRevenue": "90621000000", "costOfRevenue": "65568000000", "costofGoodsAndServicesSold": "65568000000", "operatingIncome": "549000000", "sellingGeneralAndAdministrative": "20304000000", "researchAndDevelopment": "4604000000", "operatingExpenses": "25244000000", "investmentIncomeNet": "None", "netInterestIncome": "-2488000000", "interestIncome": "313000000", "interestExpense": "2619000000", "nonInterestIncome": "None", "otherNonOperatingIncome": "-2170000000", "depreciation": "None", "depreciationAndAmortization": "7746000000", "incomeBeforeTax": "-2361000000", "incomeTaxExpense": "-180000000", "interestAndDebtExpense": "None", "netIncomeFromContinuingOperations": "-2181000000", "comprehensiveIncomeNetOfTax": "None", "ebit": "127000000", "ebitda": "7873000000", "netIncome": "-2310000000"}, {"fiscalDateEnding": "2018-01-31", "reportedCurrency": "USD", "grossProfit": "20537000000", "totalRevenue": "79040000000", "costOfRevenue": "58503000000", "costofGoodsAndServicesSold": "58503000000", "operatingIncome": "-1621000000", "sellingGeneralAndAdministrative": "18523000000", "researchAndDevelopment": "4384000000", "operatingExpenses": "22953000000", "investmentIncomeNet": "None", "netInterestIncome": "-2406000000", "interestIncome": "207000000", "interestExpense": "2519000000", "nonInterestIncome": "None", "otherNonOperatingIncome": "None", "depreciation": "None", "depreciationAndAmortization": "8634000000", "incomeBeforeTax": "-4769000000", "incomeTaxExpense": "-1843000000", "interestAndDebtExpense": "None", "netIncomeFromContinuingOperations": "-3855000000", "comprehensiveIncomeNetOfTax": "None", "ebit": "-2363000000", "ebitda": "6271000000", "netIncome": "-2849000000"}, {"fiscalDateEnding": "2017-01-31", "reportedCurrency": "USD", "grossProfit": "13649000000", "totalRevenue": "62164000000", "costOfRevenue": "48515000000", "costofGoodsAndServicesSold": "48515000000", "operatingIncome": "-1267000000", "sellingGeneralAndAdministrative": "13048000000", "researchAndDevelopment": "2636000000", "operatingExpenses": "16039000000", "investmentIncomeNet": "None", "netInterestIncome": "-1751000000", "interestIncome": "1710000000", "interestExpense": "1796000000", "nonInterestIncome": "None", "otherNonOperatingIncome": "-2104000000", "depreciation": "None", "depreciationAndAmortization": "4727000000", "incomeBeforeTax": "-5356000000", "incomeTaxExpense": "-1619000000", "interestAndDebtExpense": "None", "netIncomeFromContinuingOperations": "-3737000000", "comprehensiveIncomeNetOfTax": "None", "ebit": "-2136000000", "ebitda": "2591000000", "netIncome": "-3559000000"}, {"fiscalDateEnding": "2016-01-31", "reportedCurrency": "USD", "grossProfit": "8387000000", "totalRevenue": "50911000000", "costOfRevenue": "42524000000", "costofGoodsAndServicesSold": "42524000000", "operatingIncome": "-822000000", "sellingGeneralAndAdministrative": "7850000000", "researchAndDevelopment": "1051000000", "operatingExpenses": "8901000000", "investmentIncomeNet": "None", "netInterestIncome": "None", "interestIncome": "None", "interestExpense": "702000000", "nonInterestIncome": "None", "otherNonOperatingIncome": "None", "depreciation": "None", "depreciationAndAmortization": "2872000000", "incomeBeforeTax": "-1286000000", "incomeTaxExpense": "-118000000", "interestAndDebtExpense": "None", "netIncomeFromContinuingOperations": "-1168000000", "comprehensiveIncomeNetOfTax": "None", "ebit": "-606000000", "ebitda": "2266000000", "netIncome": "-1104000000"}, {"fiscalDateEnding": "2015-01-31", "reportedCurrency": "USD", "grossProfit": "8896000000", "totalRevenue": "54142000000", "costOfRevenue": "45246000000", "costofGoodsAndServicesSold": "45246000000", "operatingIncome": "-448000000", "sellingGeneralAndAdministrative": "8292000000", "researchAndDevelopment": "920000000", "operatingExpenses": "9212000000", "investmentIncomeNet": "None", "netInterestIncome": "None", "interestIncome": "None", "interestExpense": "841000000", "nonInterestIncome": "None", "otherNonOperatingIncome": "None", "depreciation": "None", "depreciationAndAmortization": "2977000000", "incomeBeforeTax": "-1215000000", "incomeTaxExpense": "-107000000", "interestAndDebtExpense": "None", "netIncomeFromContinuingOperations": "-1108000000", "comprehensiveIncomeNetOfTax": "None", "ebit": "-408000000", "ebitda": "2569000000", "netIncome": "-1221000000"}, {"fiscalDateEnding": "2014-01-31", "reportedCurrency": "USD", "grossProfit": "9485000000", "totalRevenue": "56377000000", "costOfRevenue": "46892000000", "costofGoodsAndServicesSold": "46892000000", "operatingIncome": "-644000000", "sellingGeneralAndAdministrative": "8236000000", "researchAndDevelopment": "1273000000", "operatingExpenses": "10816000000", "investmentIncomeNet": "None", "netInterestIncome": "None", "interestIncome": "None", "interestExpense": "None", "nonInterestIncome": "None", "otherNonOperatingIncome": "None", "depreciation": "None", "depreciationAndAmortization": "1752000000", "incomeBeforeTax": "-1682000000", "incomeTaxExpense": "23000000", "interestAndDebtExpense": "None", "netIncomeFromContinuingOperations": "None", "comprehensiveIncomeNetOfTax": "None", "ebit": "-644000000", "ebitda": "1108000000", "netIncome": "-1705000000"}, {"fiscalDateEnding": "2013-01-31", "reportedCurrency": "USD", "grossProfit": "12229000000", "totalRevenue": "56940000000", "costOfRevenue": "44711000000", "costofGoodsAndServicesSold": "44711000000", "operatingIncome": "3158000000", "sellingGeneralAndAdministrative": "7177000000", "researchAndDevelopment": "1072000000", "operatingExpenses": "9218000000", "investmentIncomeNet": "None", "netInterestIncome": "None", "interestIncome": "None", "interestExpense": "0", "nonInterestIncome": "None", "otherNonOperatingIncome": "None", "depreciation": "None", "depreciationAndAmortization": "1144000000", "incomeBeforeTax": "2841000000", "incomeTaxExpense": "469000000", "interestAndDebtExpense": "None", "netIncomeFromContinuingOperations": "None", "comprehensiveIncomeNetOfTax": "None", "ebit": "3158000000", "ebitda": "4302000000", "netIncome": "2372000000"}, {"fiscalDateEnding": "2012-01-31", "reportedCurrency": "USD", "grossProfit": "14796000000", "totalRevenue": "62071000000", "costOfRevenue": "47275000000", "costofGoodsAndServicesSold": "47275000000", "operatingIncome": "4744000000", "sellingGeneralAndAdministrative": "9116000000", "researchAndDevelopment": "856000000", "operatingExpenses": "None", "investmentIncomeNet": "None", "netInterestIncome": "None", "interestIncome": "None", "interestExpense": "0", "nonInterestIncome": "None", "otherNonOperatingIncome": "None", "depreciation": "None", "depreciationAndAmortization": "None", "incomeBeforeTax": "4240000000", "incomeTaxExpense": "748000000", "interestAndDebtExpense": "None", "netIncomeFromContinuingOperations": "None", "comprehensiveIncomeNetOfTax": "None", "ebit": "None", "ebitda": "None", "netIncome": "3492000000"}, {"fiscalDateEnding": "2011-01-31", "reportedCurrency": "USD", "grossProfit": "12423000000", "totalRevenue": "61494000000", "costOfRevenue": "49071000000", "costofGoodsAndServicesSold": "49071000000", "operatingIncome": "3800000000", "sellingGeneralAndAdministrative": "7653000000", "researchAndDevelopment": "661000000", "operatingExpenses": "None", "investmentIncomeNet": "None", "netInterestIncome": "None", "interestIncome": "None", "interestExpense": "0", "nonInterestIncome": "None", "otherNonOperatingIncome": "None", "depreciation": "None", "depreciationAndAmortization": "None", "incomeBeforeTax": "3350000000", "incomeTaxExpense": "715000000", "interestAndDebtExpense": "None", "netIncomeFromContinuingOperations": "None", "comprehensiveIncomeNetOfTax": "None", "ebit": "None", "ebitda": "None", "netIncome": "2635000000"}, {"fiscalDateEnding": "2010-01-31", "reportedCurrency": "USD", "grossProfit": "10351000000", "totalRevenue": "52902000000", "costOfRevenue": "42551000000", "costofGoodsAndServicesSold": "42551000000", "operatingIncome": "2769000000", "sellingGeneralAndAdministrative": "6730000000", "researchAndDevelopment": "624000000", "operatingExpenses": "None", "investmentIncomeNet": "None", "netInterestIncome": "None", "interestIncome": "None", "interestExpense": "0", "nonInterestIncome": "None", "otherNonOperatingIncome": "None", "depreciation": "None", "depreciationAndAmortization": "None", "incomeBeforeTax": "2024000000", "incomeTaxExpense": "591000000", "interestAndDebtExpense": "None", "netIncomeFromContinuingOperations": "None", "comprehensiveIncomeNetOfTax": "None", "ebit": "None", "ebitda": "None", "netIncome": "1433000000"}, {"fiscalDateEnding": "2009-01-31", "reportedCurrency": "USD", "grossProfit": "11817000000", "totalRevenue": "61101000000", "costOfRevenue": "49284000000", "costofGoodsAndServicesSold": "49284000000", "operatingIncome": "3424000000", "sellingGeneralAndAdministrative": "7624000000", "researchAndDevelopment": "665000000", "operatingExpenses": "None", "investmentIncomeNet": "None", "netInterestIncome": "None", "interestIncome": "None", "interestExpense": "0", "nonInterestIncome": "None", "otherNonOperatingIncome": "None", "depreciation": "None", "depreciationAndAmortization": "None", "incomeBeforeTax": "3324000000", "incomeTaxExpense": "846000000", "interestAndDebtExpense": "None", "netIncomeFromContinuingOperations": "None", "comprehensiveIncomeNetOfTax": "None", "ebit": "None", "ebitda": "None", "netIncome": "2478000000"}, {"fiscalDateEnding": "2008-01-31", "reportedCurrency": "USD", "grossProfit": "12267000000", "totalRevenue": "61133000000", "costOfRevenue": "48866000000", "costofGoodsAndServicesSold": "48866000000", "operatingIncome": "3745000000", "sellingGeneralAndAdministrative": "7896000000", "researchAndDevelopment": "693000000", "operatingExpenses": "None", "investmentIncomeNet": "None", "netInterestIncome": "None", "interestIncome": "None", "interestExpense": "0", "nonInterestIncome": "None", "otherNonOperatingIncome": "None", "depreciation": "None", "depreciationAndAmortization": "None", "incomeBeforeTax": "3856000000", "incomeTaxExpense": "880000000", "interestAndDebtExpense": "None", "netIncomeFromContinuingOperations": "None", "comprehensiveIncomeNetOfTax": "None", "ebit": "None", "ebitda": "None", "netIncome": "2947000000"}, {"fiscalDateEnding": "2007-01-31", "reportedCurrency": "USD", "grossProfit": "9987000000", "totalRevenue": "57420000000", "costOfRevenue": "47433000000", "costofGoodsAndServicesSold": "47433000000", "operatingIncome": "3170000000", "sellingGeneralAndAdministrative": "6346000000", "researchAndDevelopment": "498000000", "operatingExpenses": "None", "investmentIncomeNet": "None", "netInterestIncome": "None", "interestIncome": "None", "interestExpense": "0", "nonInterestIncome": "None", "otherNonOperatingIncome": "None", "depreciation": "None", "depreciationAndAmortization": "None", "incomeBeforeTax": "3382000000", "incomeTaxExpense": "762000000", "interestAndDebtExpense": "None", "netIncomeFromContinuingOperations": "None", "comprehensiveIncomeNetOfTax": "None", "ebit": "None", "ebitda": "None", "netIncome": "2583000000"}, {"fiscalDateEnding": "2006-01-31", "reportedCurrency": "USD", "grossProfit": "10681000000", "totalRevenue": "55908000000", "costOfRevenue": "45227000000", "costofGoodsAndServicesSold": "45227000000", "operatingIncome": "4789000000", "sellingGeneralAndAdministrative": "5499000000", "researchAndDevelopment": "463000000", "operatingExpenses": "None", "investmentIncomeNet": "None", "netInterestIncome": "None", "interestIncome": "None", "interestExpense": "0", "nonInterestIncome": "None", "otherNonOperatingIncome": "None", "depreciation": "None", "depreciationAndAmortization": "None", "incomeBeforeTax": "4574000000", "incomeTaxExpense": "1002000000", "interestAndDebtExpense": "None", "netIncomeFromContinuingOperations": "None", "comprehensiveIncomeNetOfTax": "None", "ebit": "None", "ebitda": "None", "netIncome": "3572000000"}], "quarterlyReports": [{"fiscalDateEnding": "2025-01-31", "reportedCurrency": "USD", "grossProfit": "5841000000", "totalRevenue": "23931000000", "costOfRevenue": "18090000000", "costofGoodsAndServicesSold": "18090000000", "operatingIncome": "2159000000", "sellingGeneralAndAdministrative": "2746000000", "researchAndDevelopment": "773000000", "operatingExpenses": "3682000000", "investmentIncomeNet": "None", "netInterestIncome": "-311000000", "interestIncome": "33000000", "interestExpense": "187000000", "nonInterestIncome": "None", "otherNonOperatingIncome": "None", "depreciation": "None", "depreciationAndAmortization": "None", "incomeBeforeTax": "1972000000", "incomeTaxExpense": "440000000", "interestAndDebtExpense": "None", "netIncomeFromContinuingOperations": "1653000000", "comprehensiveIncomeNetOfTax": "None", "ebit": "None", "ebitda": "2159000000", "netIncome": "1533000000"}, {"fiscalDateEnding": "2024-10-31", "reportedCurrency": "USD", "grossProfit": "5307000000", "totalRevenue": "24366000000", "costOfRevenue": "19059000000", "costofGoodsAndServicesSold": "19059000000", "operatingIncome": "1595000000", "sellingGeneralAndAdministrative": "2894000000", "researchAndDevelopment": "745000000", "operatingExpenses": "3925000000", "investmentIncomeNet": "None", "netInterestIncome": "-293000000", "interestIncome": "35000000", "interestExpense": "746000000", "nonInterestIncome": "None", "otherNonOperatingIncome": "None", "depreciation": "None", "depreciationAndAmortization": "-1584000000", "incomeBeforeTax": "1392000000", "incomeTaxExpense": "265000000", "interestAndDebtExpense": "None", "netIncomeFromContinuingOperations": "1127000000", "comprehensiveIncomeNetOfTax": "None", "ebit": "651000000", "ebitda": "-933000000", "netIncome": "1127000000"}, {"fiscalDateEnding": "2024-07-31", "reportedCurrency": "USD", "grossProfit": "5311000000", "totalRevenue": "25026000000", "costOfRevenue": "19715000000", "costofGoodsAndServicesSold": "19715000000", "operatingIncome": "1342000000", "sellingGeneralAndAdministrative": "3189000000", "researchAndDevelopment": "780000000", "operatingExpenses": "4025000000", "investmentIncomeNet": "None", "netInterestIncome": "-345000000", "interestIncome": "42000000", "interestExpense": "387000000", "nonInterestIncome": "None", "otherNonOperatingIncome": "None", "depreciation": "None", "depreciationAndAmortization": "784000000", "incomeBeforeTax": "989000000", "incomeTaxExpense": "148000000", "interestAndDebtExpense": "None", "netIncomeFromContinuingOperations": "841000000", "comprehensiveIncomeNetOfTax": "None", "ebit": "1376000000", "ebitda": "2160000000", "netIncome": "846000000"}, {"fiscalDateEnding": "2024-04-30", "reportedCurrency": "USD", "grossProfit": "4806000000", "totalRevenue": "22244000000", "costOfRevenue": "17438000000", "costofGoodsAndServicesSold": "17438000000", "operatingIncome": "993000000", "sellingGeneralAndAdministrative": "3123000000", "researchAndDevelopment": "763000000", "operatingExpenses": "3886000000", "investmentIncomeNet": "None", "netInterestIncome": "-305000000", "interestIncome": "54000000", "interestExpense": "359000000", "nonInterestIncome": "None", "otherNonOperatingIncome": "None", "depreciation": "None", "depreciationAndAmortization": "800000000", "incomeBeforeTax": "547000000", "incomeTaxExpense": "-408000000", "interestAndDebtExpense": "None", "netIncomeFromContinuingOperations": "955000000", "comprehensiveIncomeNetOfTax": "None", "ebit": "1012000000", "ebitda": "1812000000", "netIncome": "960000000"}, {"fiscalDateEnding": "2024-01-31", "reportedCurrency": "USD", "grossProfit": "5316000000", "totalRevenue": "22318000000", "costOfRevenue": "17002000000", "costofGoodsAndServicesSold": "17002000000", "operatingIncome": "1740000000", "sellingGeneralAndAdministrative": "2209000000", "researchAndDevelopment": "716000000", "operatingExpenses": "3825000000", "investmentIncomeNet": "None", "netInterestIncome": "-281000000", "interestIncome": "92000000", "interestExpense": "373000000", "nonInterestIncome": "None", "otherNonOperatingIncome": "None", "depreciation": "None", "depreciationAndAmortization": "841000000", "incomeBeforeTax": "1288000000", "incomeTaxExpense": "130000000", "interestAndDebtExpense": "None", "netIncomeFromContinuingOperations": "1158000000", "comprehensiveIncomeNetOfTax": "None", "ebit": "1661000000", "ebitda": "2502000000", "netIncome": "1160000000"}, {"fiscalDateEnding": "2023-10-31", "reportedCurrency": "USD", "grossProfit": "5148000000", "totalRevenue": "22251000000", "costOfRevenue": "17103000000", "costofGoodsAndServicesSold": "17103000000", "operatingIncome": "1427000000", "sellingGeneralAndAdministrative": "2970000000", "researchAndDevelopment": "692000000", "operatingExpenses": "3662000000", "investmentIncomeNet": "None", "netInterestIncome": "-306000000", "interestIncome": "88000000", "interestExpense": "372000000", "nonInterestIncome": "None", "otherNonOperatingIncome": "None", "depreciation": "None", "depreciationAndAmortization": "822000000", "incomeBeforeTax": "1180000000", "incomeTaxExpense": "176000000", "interestAndDebtExpense": "None", "netIncomeFromContinuingOperations": "1004000000", "comprehensiveIncomeNetOfTax": "None", "ebit": "1427000000", "ebitda": "2249000000", "netIncome": "1006000000"}, {"fiscalDateEnding": "2023-07-31", "reportedCurrency": "USD", "grossProfit": "5387000000", "totalRevenue": "22934000000", "costOfRevenue": "17547000000", "costofGoodsAndServicesSold": "17547000000", "operatingIncome": "1600000000", "sellingGeneralAndAdministrative": "3517000000", "researchAndDevelopment": "705000000", "operatingExpenses": "4222000000", "investmentIncomeNet": "None", "netInterestIncome": "-451000000", "interestIncome": "451000000", "interestExpense": "423000000", "nonInterestIncome": "None", "otherNonOperatingIncome": "None", "depreciation": "None", "depreciationAndAmortization": "831000000", "incomeBeforeTax": "714000000", "incomeTaxExpense": "259000000", "interestAndDebtExpense": "None", "netIncomeFromContinuingOperations": "455000000", "comprehensiveIncomeNetOfTax": "None", "ebit": "1529000000", "ebitda": "2360000000", "netIncome": "462000000"}, {"fiscalDateEnding": "2023-04-30", "reportedCurrency": "USD", "grossProfit": "5018000000", "totalRevenue": "20922000000", "costOfRevenue": "15904000000", "costofGoodsAndServicesSold": "15904000000", "operatingIncome": "1211000000", "sellingGeneralAndAdministrative": "3261000000", "researchAndDevelopment": "688000000", "operatingExpenses": "3949000000", "investmentIncomeNet": "None", "netInterestIncome": "-364000000", "interestIncome": "393000000", "interestExpense": "405000000", "nonInterestIncome": "None", "otherNonOperatingIncome": "-364000000", "depreciation": "None", "depreciationAndAmortization": "809000000", "incomeBeforeTax": "705000000", "incomeTaxExpense": "127000000", "interestAndDebtExpense": "None", "netIncomeFromContinuingOperations": "578000000", "comprehensiveIncomeNetOfTax": "None", "ebit": "1117000000", "ebitda": "1926000000", "netIncome": "583000000"}, {"fiscalDateEnding": "2023-01-31", "reportedCurrency": "USD", "grossProfit": "5756000000", "totalRevenue": "25039000000", "costOfRevenue": "19283000000", "costofGoodsAndServicesSold": "19283000000", "operatingIncome": "1743000000", "sellingGeneralAndAdministrative": "2672000000", "researchAndDevelopment": "795000000", "operatingExpenses": "4567000000", "investmentIncomeNet": "None", "netInterestIncome": "-266000000", "interestIncome": "266000000", "interestExpense": "387000000", "nonInterestIncome": "None", "otherNonOperatingIncome": "None", "depreciation": "None", "depreciationAndAmortization": "854000000", "incomeBeforeTax": "923000000", "incomeTaxExpense": "317000000", "interestAndDebtExpense": "None", "netIncomeFromContinuingOperations": "606000000", "comprehensiveIncomeNetOfTax": "None", "ebit": "1310000000", "ebitda": "2164000000", "netIncome": "614000000"}, {"fiscalDateEnding": "2022-10-31", "reportedCurrency": "USD", "grossProfit": "5707000000", "totalRevenue": "24721000000", "costOfRevenue": "19014000000", "costofGoodsAndServicesSold": "19014000000", "operatingIncome": "1762000000", "sellingGeneralAndAdministrative": "3268000000", "researchAndDevelopment": "677000000", "operatingExpenses": "3945000000", "investmentIncomeNet": "None", "netInterestIncome": "-1308000000", "interestIncome": "1308000000", "interestExpense": "301000000", "nonInterestIncome": "None", "otherNonOperatingIncome": "-1308000000", "depreciation": "None", "depreciationAndAmortization": "832000000", "incomeBeforeTax": "454000000", "incomeTaxExpense": "213000000", "interestAndDebtExpense": "None", "netIncomeFromContinuingOperations": "241000000", "comprehensiveIncomeNetOfTax": "None", "ebit": "1762000000", "ebitda": "2594000000", "netIncome": "245000000"}, {"fiscalDateEnding": "2022-07-31", "reportedCurrency": "USD", "grossProfit": "5439000000", "totalRevenue": "26425000000", "costOfRevenue": "20986000000", "costofGoodsAndServicesSold": "20986000000", "operatingIncome": "967000000", "sellingGeneralAndAdministrative": "3543000000", "researchAndDevelopment": "626000000", "operatingExpenses": "4169000000", "investmentIncomeNet": "None", "netInterestIncome": "-635000000", "interestIncome": "603000000", "interestExpense": "330000000", "nonInterestIncome": "None", "otherNonOperatingIncome": "-635000000", "depreciation": "None", "depreciationAndAmortization": "744000000", "incomeBeforeTax": "635000000", "incomeTaxExpense": "129000000", "interestAndDebtExpense": "None", "netIncomeFromContinuingOperations": "506000000", "comprehensiveIncomeNetOfTax": "None", "ebit": "967000000", "ebitda": "1711000000", "netIncome": "511000000"}, {"fiscalDateEnding": "2022-04-30", "reportedCurrency": "USD", "grossProfit": "5784000000", "totalRevenue": "26116000000", "costOfRevenue": "20332000000", "costofGoodsAndServicesSold": "20332000000", "operatingIncome": "1459000000", "sellingGeneralAndAdministrative": "3553000000", "researchAndDevelopment": "681000000", "operatingExpenses": "4234000000", "investmentIncomeNet": "None", "netInterestIncome": "-250000000", "interestIncome": "15000000", "interestExpense": "277000000", "nonInterestIncome": "None", "otherNonOperatingIncome": "-337000000", "depreciation": "None", "depreciationAndAmortization": "726000000", "incomeBeforeTax": "1213000000", "incomeTaxExpense": "144000000", "interestAndDebtExpense": "None", "netIncomeFromContinuingOperations": "1069000000", "comprehensiveIncomeNetOfTax": "None", "ebit": "1459000000", "ebitda": "2185000000", "netIncome": "1072000000"}, {"fiscalDateEnding": "2022-01-31", "reportedCurrency": "USD", "grossProfit": "-1811000000", "totalRevenue": "22194000000", "costOfRevenue": "24005000000", "costofGoodsAndServicesSold": "24005000000", "operatingIncome": "1480000000", "sellingGeneralAndAdministrative": "2098000000", "researchAndDevelopment": "1631000000", "operatingExpenses": "-2374000000", "investmentIncomeNet": "None", "netInterestIncome": "-1657000000", "interestIncome": "1657000000", "interestExpense": "67000000", "nonInterestIncome": "None", "otherNonOperatingIncome": "None", "depreciation": "None", "depreciationAndAmortization": "830000000", "incomeBeforeTax": "-48000000", "incomeTaxExpense": "-19000000", "interestAndDebtExpense": "None", "netIncomeFromContinuingOperations": "-29000000", "comprehensiveIncomeNetOfTax": "None", "ebit": "-795000000", "ebitda": "35000000", "netIncome": "2000000"}, {"fiscalDateEnding": "2021-10-31", "reportedCurrency": "USD", "grossProfit": "5534000000", "totalRevenue": "26424000000", "costOfRevenue": "20890000000", "costofGoodsAndServicesSold": "20890000000", "operatingIncome": "1596000000", "sellingGeneralAndAdministrative": "5293000000", "researchAndDevelopment": "650000000", "operatingExpenses": "4488000000", "investmentIncomeNet": "None", "netInterestIncome": "3436000000", "interestIncome": "3436000000", "interestExpense": "462000000", "nonInterestIncome": "None", "otherNonOperatingIncome": "3436000000", "depreciation": "None", "depreciationAndAmortization": "1242000000", "incomeBeforeTax": "4785000000", "incomeTaxExpense": "897000000", "interestAndDebtExpense": "None", "netIncomeFromContinuingOperations": "3888000000", "comprehensiveIncomeNetOfTax": "None", "ebit": "1596000000", "ebitda": "2838000000", "netIncome": "3843000000"}, {"fiscalDateEnding": "2021-07-31", "reportedCurrency": "USD", "grossProfit": "5475000000", "totalRevenue": "24191000000", "costOfRevenue": "18716000000", "costofGoodsAndServicesSold": "18716000000", "operatingIncome": "1525000000", "sellingGeneralAndAdministrative": "5145000000", "researchAndDevelopment": "697000000", "operatingExpenses": "4458000000", "investmentIncomeNet": "None", "netInterestIncome": "-359000000", "interestIncome": "10000000", "interestExpense": "416000000", "nonInterestIncome": "None", "otherNonOperatingIncome": "-359000000", "depreciation": "None", "depreciationAndAmortization": "1240000000", "incomeBeforeTax": "1013000000", "incomeTaxExpense": "133000000", "interestAndDebtExpense": "None", "netIncomeFromContinuingOperations": "880000000", "comprehensiveIncomeNetOfTax": "None", "ebit": "1525000000", "ebitda": "2765000000", "netIncome": "831000000"}, {"fiscalDateEnding": "2021-04-30", "reportedCurrency": "USD", "grossProfit": "5264000000", "totalRevenue": "22590000000", "costOfRevenue": "17326000000", "costofGoodsAndServicesSold": "17326000000", "operatingIncome": "1363000000", "sellingGeneralAndAdministrative": "4960000000", "researchAndDevelopment": "619000000", "operatingExpenses": "4277000000", "investmentIncomeNet": "None", "netInterestIncome": "-388000000", "interestIncome": "11000000", "interestExpense": "439000000", "nonInterestIncome": "None", "otherNonOperatingIncome": "-388000000", "depreciation": "None", "depreciationAndAmortization": "1239000000", "incomeBeforeTax": "987000000", "incomeTaxExpense": "49000000", "interestAndDebtExpense": "None", "netIncomeFromContinuingOperations": "938000000", "comprehensiveIncomeNetOfTax": "None", "ebit": "1363000000", "ebitda": "2602000000", "netIncome": "887000000"}, {"fiscalDateEnding": "2021-01-31", "reportedCurrency": "USD", "grossProfit": "8147000000", "totalRevenue": "26112000000", "costOfRevenue": "17965000000", "costofGoodsAndServicesSold": "17965000000", "operatingIncome": "2382000000", "sellingGeneralAndAdministrative": "9647000000", "researchAndDevelopment": "1391000000", "operatingExpenses": "5970000000", "investmentIncomeNet": "None", "netInterestIncome": "-545000000", "interestIncome": "7000000", "interestExpense": "534000000", "nonInterestIncome": "None", "otherNonOperatingIncome": "-545000000", "depreciation": "None", "depreciationAndAmortization": "1373000000", "incomeBeforeTax": "1632000000", "incomeTaxExpense": "289000000", "interestAndDebtExpense": "None", "netIncomeFromContinuingOperations": "1343000000", "comprehensiveIncomeNetOfTax": "None", "ebit": "2382000000", "ebitda": "3755000000", "netIncome": "1227000000"}, {"fiscalDateEnding": "2020-10-31", "reportedCurrency": "USD", "grossProfit": "7261000000", "totalRevenue": "23482000000", "costOfRevenue": "16221000000", "costofGoodsAndServicesSold": "16221000000", "operatingIncome": "1491000000", "sellingGeneralAndAdministrative": "4772000000", "researchAndDevelopment": "1360000000", "operatingExpenses": "6132000000", "investmentIncomeNet": "None", "netInterestIncome": "-566000000", "interestIncome": "11000000", "interestExpense": "566000000", "nonInterestIncome": "None", "otherNonOperatingIncome": "273000000", "depreciation": "None", "depreciationAndAmortization": "1361000000", "incomeBeforeTax": "1402000000", "incomeTaxExpense": "521000000", "interestAndDebtExpense": "None", "netIncomeFromContinuingOperations": "881000000", "comprehensiveIncomeNetOfTax": "None", "ebit": "1491000000", "ebitda": "2852000000", "netIncome": "832000000"}, {"fiscalDateEnding": "2020-07-31", "reportedCurrency": "USD", "grossProfit": "7156000000", "totalRevenue": "22733000000", "costOfRevenue": "15577000000", "costofGoodsAndServicesSold": "15577000000", "operatingIncome": "1211000000", "sellingGeneralAndAdministrative": "4761000000", "researchAndDevelopment": "1259000000", "operatingExpenses": "6020000000", "investmentIncomeNet": "None", "netInterestIncome": "-617000000", "interestIncome": "12000000", "interestExpense": "656000000", "nonInterestIncome": "None", "otherNonOperatingIncome": "-636000000", "depreciation": "None", "depreciationAndAmortization": "1340000000", "incomeBeforeTax": "500000000", "incomeTaxExpense": "-599000000", "interestAndDebtExpense": "None", "netIncomeFromContinuingOperations": "1099000000", "comprehensiveIncomeNetOfTax": "None", "ebit": "1211000000", "ebitda": "2551000000", "netIncome": "1048000000"}, {"fiscalDateEnding": "2020-04-30", "reportedCurrency": "USD", "grossProfit": "6853000000", "totalRevenue": "21897000000", "costOfRevenue": "15044000000", "costofGoodsAndServicesSold": "15044000000", "operatingIncome": "558000000", "sellingGeneralAndAdministrative": "4886000000", "researchAndDevelopment": "1265000000", "operatingExpenses": "6151000000", "investmentIncomeNet": "None", "netInterestIncome": "-672000000", "interestIncome": "24000000", "interestExpense": "672000000", "nonInterestIncome": "None", "otherNonOperatingIncome": "-566000000", "depreciation": "None", "depreciationAndAmortization": "1316000000", "incomeBeforeTax": "136000000", "incomeTaxExpense": "-46000000", "interestAndDebtExpense": "None", "netIncomeFromContinuingOperations": "182000000", "comprehensiveIncomeNetOfTax": "None", "ebit": "558000000", "ebitda": "1874000000", "netIncome": "143000000"}, {"fiscalDateEnding": "2020-01-31", "reportedCurrency": "USD", "grossProfit": "7684000000", "totalRevenue": "24032000000", "costOfRevenue": "16348000000", "costofGoodsAndServicesSold": "16348000000", "operatingIncome": "820000000", "sellingGeneralAndAdministrative": "5642000000", "researchAndDevelopment": "1325000000", "operatingExpenses": "6967000000", "investmentIncomeNet": "None", "netInterestIncome": "-773000000", "interestIncome": "33000000", "interestExpense": "630000000", "nonInterestIncome": "None", "otherNonOperatingIncome": "None", "depreciation": "None", "depreciationAndAmortization": "1535000000", "incomeBeforeTax": "91000000", "incomeTaxExpense": "-325000000", "interestAndDebtExpense": "None", "netIncomeFromContinuingOperations": "416000000", "comprehensiveIncomeNetOfTax": "None", "ebit": "721000000", "ebitda": "2256000000", "netIncome": "408000000"}, {"fiscalDateEnding": "2019-10-31", "reportedCurrency": "USD", "grossProfit": "7126000000", "totalRevenue": "22844000000", "costOfRevenue": "15718000000", "costofGoodsAndServicesSold": "15718000000", "operatingIncome": "841000000", "sellingGeneralAndAdministrative": "5028000000", "researchAndDevelopment": "1262000000", "operatingExpenses": "6290000000", "investmentIncomeNet": "None", "netInterestIncome": "-654000000", "interestIncome": "None", "interestExpense": "693000000", "nonInterestIncome": "None", "otherNonOperatingIncome": "-677000000", "depreciation": "None", "depreciationAndAmortization": "1494000000", "incomeBeforeTax": "159000000", "incomeTaxExpense": "-393000000", "interestAndDebtExpense": "None", "netIncomeFromContinuingOperations": "552000000", "comprehensiveIncomeNetOfTax": "None", "ebit": "841000000", "ebitda": "2335000000", "netIncome": "499000000"}, {"fiscalDateEnding": "2019-07-31", "reportedCurrency": "USD", "grossProfit": "7326000000", "totalRevenue": "23370000000", "costOfRevenue": "16044000000", "costofGoodsAndServicesSold": "16044000000", "operatingIncome": "498000000", "sellingGeneralAndAdministrative": "5578000000", "researchAndDevelopment": "1229000000", "operatingExpenses": "6807000000", "investmentIncomeNet": "None", "netInterestIncome": "-692000000", "interestIncome": "None", "interestExpense": "717000000", "nonInterestIncome": "None", "otherNonOperatingIncome": "-630000000", "depreciation": "None", "depreciationAndAmortization": "1498000000", "incomeBeforeTax": "-111000000", "incomeTaxExpense": "-4343000000", "interestAndDebtExpense": "None", "netIncomeFromContinuingOperations": "4232000000", "comprehensiveIncomeNetOfTax": "None", "ebit": "1138000000", "ebitda": "2636000000", "netIncome": "3416000000"}, {"fiscalDateEnding": "2019-04-30", "reportedCurrency": "USD", "grossProfit": "6797000000", "totalRevenue": "21908000000", "costOfRevenue": "15111000000", "costofGoodsAndServicesSold": "15111000000", "operatingIncome": "534000000", "sellingGeneralAndAdministrative": "5071000000", "researchAndDevelopment": "1176000000", "operatingExpenses": "6247000000", "investmentIncomeNet": "None", "netInterestIncome": "-699000000", "interestIncome": "None", "interestExpense": "754000000", "nonInterestIncome": "None", "otherNonOperatingIncome": "-693000000", "depreciation": "None", "depreciationAndAmortization": "1616000000", "incomeBeforeTax": "-143000000", "incomeTaxExpense": "-472000000", "interestAndDebtExpense": "None", "netIncomeFromContinuingOperations": "329000000", "comprehensiveIncomeNetOfTax": "None", "ebit": "545000000", "ebitda": "2161000000", "netIncome": "293000000"}, {"fiscalDateEnding": "2019-01-31", "reportedCurrency": "USD", "grossProfit": "7109000000", "totalRevenue": "23841000000", "costOfRevenue": "16732000000", "costofGoodsAndServicesSold": "16732000000", "operatingIncome": "541000000", "sellingGeneralAndAdministrative": "5576000000", "researchAndDevelopment": "1202000000", "operatingExpenses": "6778000000", "investmentIncomeNet": "None", "netInterestIncome": "None", "interestIncome": "None", "interestExpense": "658000000", "nonInterestIncome": "None", "otherNonOperatingIncome": "None", "depreciation": "None", "depreciationAndAmortization": "1940000000", "incomeBeforeTax": "-275000000", "incomeTaxExpense": "12000000", "interestAndDebtExpense": "None", "netIncomeFromContinuingOperations": "-287000000", "comprehensiveIncomeNetOfTax": "None", "ebit": "383000000", "ebitda": "2323000000", "netIncome": "-299000000"}, {"fiscalDateEnding": "2018-10-31", "reportedCurrency": "USD", "grossProfit": "5943000000", "totalRevenue": "22482000000", "costOfRevenue": "16539000000", "costofGoodsAndServicesSold": "16539000000", "operatingIncome": "-265000000", "sellingGeneralAndAdministrative": "5159000000", "researchAndDevelopment": "1140000000", "operatingExpenses": "6299000000", "investmentIncomeNet": "None", "netInterestIncome": "None", "interestIncome": "None", "interestExpense": "643000000", "nonInterestIncome": "None", "otherNonOperatingIncome": "None", "depreciation": "None", "depreciationAndAmortization": "1961000000", "incomeBeforeTax": "-995000000", "incomeTaxExpense": "-100000000", "interestAndDebtExpense": "None", "netIncomeFromContinuingOperations": "-895000000", "comprehensiveIncomeNetOfTax": "None", "ebit": "-383000000", "ebitda": "1578000000", "netIncome": "-876000000"}, {"fiscalDateEnding": "2018-07-31", "reportedCurrency": "USD", "grossProfit": "6123000000", "totalRevenue": "22942000000", "costOfRevenue": "16819000000", "costofGoodsAndServicesSold": "16819000000", "operatingIncome": "14000000", "sellingGeneralAndAdministrative": "4961000000", "researchAndDevelopment": "1175000000", "operatingExpenses": "6136000000", "investmentIncomeNet": "None", "netInterestIncome": "None", "interestIncome": "None", "interestExpense": "645000000", "nonInterestIncome": "None", "otherNonOperatingIncome": "None", "depreciation": "None", "depreciationAndAmortization": "1931000000", "incomeBeforeTax": "-468000000", "incomeTaxExpense": "-7000000", "interestAndDebtExpense": "None", "netIncomeFromContinuingOperations": "-461000000", "comprehensiveIncomeNetOfTax": "None", "ebit": "8000000", "ebitda": "1939000000", "netIncome": "-499000000"}, {"fiscalDateEnding": "2018-04-30", "reportedCurrency": "USD", "grossProfit": "5878000000", "totalRevenue": "21356000000", "costOfRevenue": "15478000000", "costofGoodsAndServicesSold": "15478000000", "operatingIncome": "-122000000", "sellingGeneralAndAdministrative": "4944000000", "researchAndDevelopment": "1087000000", "operatingExpenses": "6031000000", "investmentIncomeNet": "None", "netInterestIncome": "None", "interestIncome": "None", "interestExpense": "596000000", "nonInterestIncome": "None", "otherNonOperatingIncome": "None", "depreciation": "None", "depreciationAndAmortization": "1914000000", "incomeBeforeTax": "-623000000", "incomeTaxExpense": "-85000000", "interestAndDebtExpense": "None", "netIncomeFromContinuingOperations": "-538000000", "comprehensiveIncomeNetOfTax": "None", "ebit": "-27000000", "ebitda": "1887000000", "netIncome": "-636000000"}, {"fiscalDateEnding": "2018-01-31", "reportedCurrency": "USD", "grossProfit": "5780000000", "totalRevenue": "21935000000", "costOfRevenue": "16155000000", "costofGoodsAndServicesSold": "16155000000", "operatingIncome": "-106000000", "sellingGeneralAndAdministrative": "4874000000", "researchAndDevelopment": "1087000000", "operatingExpenses": "6101000000", "investmentIncomeNet": "None", "netInterestIncome": "None", "interestIncome": "None", "interestExpense": "604000000", "nonInterestIncome": "None", "otherNonOperatingIncome": "None", "depreciation": "None", "depreciationAndAmortization": "2143000000", "incomeBeforeTax": "-876000000", "incomeTaxExpense": "-323000000", "interestAndDebtExpense": "None", "netIncomeFromContinuingOperations": "-3855000000", "comprehensiveIncomeNetOfTax": "None", "ebit": "-272000000", "ebitda": "1871000000", "netIncome": "-511000000"}, {"fiscalDateEnding": "2017-10-31", "reportedCurrency": "USD", "grossProfit": "5220000000", "totalRevenue": "19556000000", "costOfRevenue": "14336000000", "costofGoodsAndServicesSold": "14336000000", "operatingIncome": "-461000000", "sellingGeneralAndAdministrative": "4559000000", "researchAndDevelopment": "1071000000", "operatingExpenses": "5630000000", "investmentIncomeNet": "None", "netInterestIncome": "None", "interestIncome": "None", "interestExpense": "701000000", "nonInterestIncome": "None", "otherNonOperatingIncome": "-682000000", "depreciation": "None", "depreciationAndAmortization": "2137000000", "incomeBeforeTax": "-1215000000", "incomeTaxExpense": "-274000000", "interestAndDebtExpense": "None", "netIncomeFromContinuingOperations": "-941000000", "comprehensiveIncomeNetOfTax": "None", "ebit": "-405000000", "ebitda": "1732000000", "netIncome": "-937000000"}, {"fiscalDateEnding": "2017-07-31", "reportedCurrency": "USD", "grossProfit": "4968000000", "totalRevenue": "19521000000", "costOfRevenue": "14553000000", "costofGoodsAndServicesSold": "14553000000", "operatingIncome": "-895000000", "sellingGeneralAndAdministrative": "4540000000", "researchAndDevelopment": "1093000000", "operatingExpenses": "5633000000", "investmentIncomeNet": "None", "netInterestIncome": "None", "interestIncome": "None", "interestExpense": "603000000", "nonInterestIncome": "None", "otherNonOperatingIncome": "-545000000", "depreciation": "None", "depreciationAndAmortization": "2142000000", "incomeBeforeTax": "-1524000000", "incomeTaxExpense": "-546000000", "interestAndDebtExpense": "None", "netIncomeFromContinuingOperations": "-978000000", "comprehensiveIncomeNetOfTax": "None", "ebit": "-655000000", "ebitda": "1487000000", "netIncome": "-946000000"}, {"fiscalDateEnding": "2017-04-30", "reportedCurrency": "USD", "grossProfit": "4457000000", "totalRevenue": "18000000000", "costOfRevenue": "13543000000", "costofGoodsAndServicesSold": "13543000000", "operatingIncome": "-1491000000", "sellingGeneralAndAdministrative": "4596000000", "researchAndDevelopment": "1133000000", "operatingExpenses": "5729000000", "investmentIncomeNet": "None", "netInterestIncome": "None", "interestIncome": "None", "interestExpense": "597000000", "nonInterestIncome": "None", "otherNonOperatingIncome": "-573000000", "depreciation": "None", "depreciationAndAmortization": "2212000000", "incomeBeforeTax": "-2073000000", "incomeTaxExpense": "-690000000", "interestAndDebtExpense": "None", "netIncomeFromContinuingOperations": "-1383000000", "comprehensiveIncomeNetOfTax": "None", "ebit": "-1265000000", "ebitda": "947000000", "netIncome": "-1334000000"}, {"fiscalDateEnding": "2017-01-31", "reportedCurrency": "USD", "grossProfit": "4531000000", "totalRevenue": "20074000000", "costOfRevenue": "15543000000", "costofGoodsAndServicesSold": "15543000000", "operatingIncome": "-1776000000", "sellingGeneralAndAdministrative": "4756000000", "researchAndDevelopment": "1271000000", "operatingExpenses": "6199000000", "investmentIncomeNet": "None", "netInterestIncome": "None", "interestIncome": "None", "interestExpense": "651000000", "nonInterestIncome": "None", "otherNonOperatingIncome": "None", "depreciation": "None", "depreciationAndAmortization": "2041000000", "incomeBeforeTax": "-2410000000", "incomeTaxExpense": "-996000000", "interestAndDebtExpense": "None", "netIncomeFromContinuingOperations": "-3737000000", "comprehensiveIncomeNetOfTax": "None", "ebit": "-1759000000", "ebitda": "282000000", "netIncome": "-2123000000"}, {"fiscalDateEnding": "2016-10-31", "reportedCurrency": "USD", "grossProfit": "3899000000", "totalRevenue": "16247000000", "costOfRevenue": "12348000000", "costofGoodsAndServicesSold": "12348000000", "operatingIncome": "-1318000000", "sellingGeneralAndAdministrative": "4487000000", "researchAndDevelopment": "855000000", "operatingExpenses": "5411000000", "investmentIncomeNet": "None", "netInterestIncome": "None", "interestIncome": "None", "interestExpense": "830000000", "nonInterestIncome": "None", "otherNonOperatingIncome": "-794000000", "depreciation": "None", "depreciationAndAmortization": "1576000000", "incomeBeforeTax": "-2306000000", "incomeTaxExpense": "-669000000", "interestAndDebtExpense": "None", "netIncomeFromContinuingOperations": "-1637000000", "comprehensiveIncomeNetOfTax": "None", "ebit": "-1318000000", "ebitda": "258000000", "netIncome": "-2064000000"}, {"fiscalDateEnding": "2016-07-31", "reportedCurrency": "USD", "grossProfit": "2336000000", "totalRevenue": "13080000000", "costOfRevenue": "10744000000", "costofGoodsAndServicesSold": "10744000000", "operatingIncome": "90000000", "sellingGeneralAndAdministrative": "2017000000", "researchAndDevelopment": "246000000", "operatingExpenses": "2269000000", "investmentIncomeNet": "None", "netInterestIncome": "None", "interestIncome": "None", "interestExpense": "353000000", "nonInterestIncome": "None", "otherNonOperatingIncome": "-349000000", "depreciation": "None", "depreciationAndAmortization": "629000000", "incomeBeforeTax": "-286000000", "incomeTaxExpense": "-22000000", "interestAndDebtExpense": "None", "netIncomeFromContinuingOperations": "-264000000", "comprehensiveIncomeNetOfTax": "None", "ebit": "71000000", "ebitda": "700000000", "netIncome": "573000000"}, {"fiscalDateEnding": "2016-04-30", "reportedCurrency": "USD", "grossProfit": "2193000000", "totalRevenue": "12241000000", "costOfRevenue": "10048000000", "costofGoodsAndServicesSold": "10048000000", "operatingIncome": "-139000000", "sellingGeneralAndAdministrative": "2068000000", "researchAndDevelopment": "264000000", "operatingExpenses": "2332000000", "investmentIncomeNet": "None", "netInterestIncome": "None", "interestIncome": "None", "interestExpense": "163000000", "nonInterestIncome": "None", "otherNonOperatingIncome": "None", "depreciation": "None", "depreciationAndAmortization": "692000000", "incomeBeforeTax": "-358000000", "incomeTaxExpense": "66000000", "interestAndDebtExpense": "None", "netIncomeFromContinuingOperations": "0", "comprehensiveIncomeNetOfTax": "None", "ebit": "-139000000", "ebitda": "553000000", "netIncome": "55000000"}, {"fiscalDateEnding": "2016-01-31", "reportedCurrency": "USD", "grossProfit": "2254000000", "totalRevenue": "12679000000", "costOfRevenue": "10425000000", "costofGoodsAndServicesSold": "10425000000", "operatingIncome": "-26000000", "sellingGeneralAndAdministrative": "1407000000", "researchAndDevelopment": "279000000", "operatingExpenses": "2280000000", "investmentIncomeNet": "None", "netInterestIncome": "None", "interestIncome": "None", "interestExpense": "164000000", "nonInterestIncome": "None", "otherNonOperatingIncome": "None", "depreciation": "None", "depreciationAndAmortization": "716000000", "incomeBeforeTax": "-198000000", "incomeTaxExpense": "-30000000", "interestAndDebtExpense": "None", "netIncomeFromContinuingOperations": "-1168000000", "comprehensiveIncomeNetOfTax": "None", "ebit": "-26000000", "ebitda": "690000000", "netIncome": "-155000000"}, {"fiscalDateEnding": "2015-10-31", "reportedCurrency": "USD", "grossProfit": "2132000000", "totalRevenue": "12674000000", "costOfRevenue": "10542000000", "costofGoodsAndServicesSold": "10542000000", "operatingIncome": "-78000000", "sellingGeneralAndAdministrative": "1943000000", "researchAndDevelopment": "267000000", "operatingExpenses": "2210000000", "investmentIncomeNet": "None", "netInterestIncome": "None", "interestIncome": "None", "interestExpense": "167000000", "nonInterestIncome": "None", "otherNonOperatingIncome": "None", "depreciation": "None", "depreciationAndAmortization": "719000000", "incomeBeforeTax": "-281000000", "incomeTaxExpense": "-17000000", "interestAndDebtExpense": "None", "netIncomeFromContinuingOperations": "None", "comprehensiveIncomeNetOfTax": "None", "ebit": "-78000000", "ebitda": "641000000", "netIncome": "-180000000"}, {"fiscalDateEnding": "2015-07-31", "reportedCurrency": "USD", "grossProfit": "2079000000", "totalRevenue": "12975000000", "costOfRevenue": "10896000000", "costofGoodsAndServicesSold": "10896000000", "operatingIncome": "-103000000", "sellingGeneralAndAdministrative": "1932000000", "researchAndDevelopment": "250000000", "operatingExpenses": "2182000000", "investmentIncomeNet": "None", "netInterestIncome": "None", "interestIncome": "None", "interestExpense": "171000000", "nonInterestIncome": "None", "otherNonOperatingIncome": "None", "depreciation": "None", "depreciationAndAmortization": "-14000000", "incomeBeforeTax": "-325000000", "incomeTaxExpense": "-33000000", "interestAndDebtExpense": "None", "netIncomeFromContinuingOperations": "None", "comprehensiveIncomeNetOfTax": "None", "ebit": "-103000000", "ebitda": "-117000000", "netIncome": "-265000000"}, {"fiscalDateEnding": "2015-04-30", "reportedCurrency": "USD", "grossProfit": "1912000000", "totalRevenue": "12525000000", "costOfRevenue": "10613000000", "costofGoodsAndServicesSold": "10613000000", "operatingIncome": "-311000000", "sellingGeneralAndAdministrative": "None", "researchAndDevelopment": "255000000", "operatingExpenses": "2231000000", "investmentIncomeNet": "None", "netInterestIncome": "None", "interestIncome": "None", "interestExpense": "None", "nonInterestIncome": "None", "otherNonOperatingIncome": "None", "depreciation": "None", "depreciationAndAmortization": "663000000", "incomeBeforeTax": "-486000000", "incomeTaxExpense": "40000000", "interestAndDebtExpense": "None", "netIncomeFromContinuingOperations": "None", "comprehensiveIncomeNetOfTax": "None", "ebit": "-311000000", "ebitda": "352000000", "netIncome": "-446000000"}, {"fiscalDateEnding": "2015-01-31", "reportedCurrency": "USD", "grossProfit": "2392000000", "totalRevenue": "14261000000", "costOfRevenue": "11869000000", "costofGoodsAndServicesSold": "11869000000", "operatingIncome": "-100000000", "sellingGeneralAndAdministrative": "1536000000", "researchAndDevelopment": "301000000", "operatingExpenses": "2630000000", "investmentIncomeNet": "None", "netInterestIncome": "None", "interestIncome": "None", "interestExpense": "None", "nonInterestIncome": "None", "otherNonOperatingIncome": "None", "depreciation": "None", "depreciationAndAmortization": "720000000", "incomeBeforeTax": "-409000000", "incomeTaxExpense": "63000000", "interestAndDebtExpense": "None", "netIncomeFromContinuingOperations": "None", "comprehensiveIncomeNetOfTax": "None", "ebit": "-100000000", "ebitda": "620000000", "netIncome": "-346000000"}, {"fiscalDateEnding": "2014-10-31", "reportedCurrency": "USD", "grossProfit": "2532000000", "totalRevenue": "14364000000", "costOfRevenue": "11832000000", "costofGoodsAndServicesSold": "11832000000", "operatingIncome": "-128000000", "sellingGeneralAndAdministrative": "None", "researchAndDevelopment": "306000000", "operatingExpenses": "2695000000", "investmentIncomeNet": "None", "netInterestIncome": "None", "interestIncome": "None", "interestExpense": "None", "nonInterestIncome": "None", "otherNonOperatingIncome": "None", "depreciation": "None", "depreciationAndAmortization": "747000000", "incomeBeforeTax": "-347000000", "incomeTaxExpense": "86000000", "interestAndDebtExpense": "None", "netIncomeFromContinuingOperations": "None", "comprehensiveIncomeNetOfTax": "None", "ebit": "-128000000", "ebitda": "619000000", "netIncome": "-261000000"}, {"fiscalDateEnding": "2014-07-31", "reportedCurrency": "USD", "grossProfit": "2763000000", "totalRevenue": "14825000000", "costOfRevenue": "12062000000", "costofGoodsAndServicesSold": "12062000000", "operatingIncome": "34000000", "sellingGeneralAndAdministrative": "None", "researchAndDevelopment": "301000000", "operatingExpenses": "2739000000", "investmentIncomeNet": "None", "netInterestIncome": "None", "interestIncome": "None", "interestExpense": "None", "nonInterestIncome": "None", "otherNonOperatingIncome": "None", "depreciation": "None", "depreciationAndAmortization": "755000000", "incomeBeforeTax": "-174000000", "incomeTaxExpense": "4000000", "interestAndDebtExpense": "None", "netIncomeFromContinuingOperations": "None", "comprehensiveIncomeNetOfTax": "None", "ebit": "34000000", "ebitda": "789000000", "netIncome": "-178000000"}, {"fiscalDateEnding": "2014-04-30", "reportedCurrency": "USD", "grossProfit": "2660000000", "totalRevenue": "14747000000", "costOfRevenue": "12087000000", "costofGoodsAndServicesSold": "12087000000", "operatingIncome": "-58500000", "sellingGeneralAndAdministrative": "None", "researchAndDevelopment": "297500000", "operatingExpenses": "2752500000", "investmentIncomeNet": "None", "netInterestIncome": "None", "interestIncome": "None", "interestExpense": "None", "nonInterestIncome": "None", "otherNonOperatingIncome": "None", "depreciation": "None", "depreciationAndAmortization": "755000000", "incomeBeforeTax": "-295000000", "incomeTaxExpense": "12000000", "interestAndDebtExpense": "None", "netIncomeFromContinuingOperations": "None", "comprehensiveIncomeNetOfTax": "None", "ebit": "-58500000", "ebitda": "696500000", "netIncome": "-307000000"}, {"fiscalDateEnding": "2013-07-31", "reportedCurrency": "USD", "grossProfit": "2698000000", "totalRevenue": "14514000000", "costOfRevenue": "11816000000", "costofGoodsAndServicesSold": "11816000000", "operatingIncome": "327000000", "sellingGeneralAndAdministrative": "None", "researchAndDevelopment": "320000000", "operatingExpenses": "2441000000", "investmentIncomeNet": "None", "netInterestIncome": "None", "interestIncome": "None", "interestExpense": "None", "nonInterestIncome": "None", "otherNonOperatingIncome": "None", "depreciation": "None", "depreciationAndAmortization": "327000000", "incomeBeforeTax": "219000000", "incomeTaxExpense": "15000000", "interestAndDebtExpense": "None", "netIncomeFromContinuingOperations": "None", "comprehensiveIncomeNetOfTax": "None", "ebit": "327000000", "ebitda": "654000000", "netIncome": "204000000"}, {"fiscalDateEnding": "2013-04-30", "reportedCurrency": "USD", "grossProfit": "2759000000", "totalRevenue": "14074000000", "costOfRevenue": "11315000000", "costofGoodsAndServicesSold": "11315000000", "operatingIncome": "324000000", "sellingGeneralAndAdministrative": "None", "researchAndDevelopment": "313000000", "operatingExpenses": "2557000000", "investmentIncomeNet": "None", "netInterestIncome": "None", "interestIncome": "None", "interestExpense": "None", "nonInterestIncome": "None", "otherNonOperatingIncome": "None", "depreciation": "None", "depreciationAndAmortization": "323000000", "incomeBeforeTax": "158000000", "incomeTaxExpense": "28000000", "interestAndDebtExpense": "None", "netIncomeFromContinuingOperations": "None", "comprehensiveIncomeNetOfTax": "None", "ebit": "324000000", "ebitda": "647000000", "netIncome": "130000000"}, {"fiscalDateEnding": "2013-01-31", "reportedCurrency": "USD", "grossProfit": "3120000000", "totalRevenue": "14314000000", "costOfRevenue": "11194000000", "costofGoodsAndServicesSold": "11194000000", "operatingIncome": "485000000", "sellingGeneralAndAdministrative": "1495000000", "researchAndDevelopment": "307000000", "operatingExpenses": "2418000000", "investmentIncomeNet": "None", "netInterestIncome": "None", "interestIncome": "None", "interestExpense": "None", "nonInterestIncome": "None", "otherNonOperatingIncome": "None", "depreciation": "None", "depreciationAndAmortization": "321000000", "incomeBeforeTax": "660000000", "incomeTaxExpense": "130000000", "interestAndDebtExpense": "None", "netIncomeFromContinuingOperations": "None", "comprehensiveIncomeNetOfTax": "None", "ebit": "485000000", "ebitda": "806000000", "netIncome": "530000000"}, {"fiscalDateEnding": "2012-10-31", "reportedCurrency": "USD", "grossProfit": "2893000000", "totalRevenue": "13721000000", "costOfRevenue": "10828000000", "costofGoodsAndServicesSold": "10828000000", "operatingIncome": "721000000", "sellingGeneralAndAdministrative": "None", "researchAndDevelopment": "270000000", "operatingExpenses": "2298000000", "investmentIncomeNet": "None", "netInterestIncome": "None", "interestIncome": "None", "interestExpense": "None", "nonInterestIncome": "None", "otherNonOperatingIncome": "None", "depreciation": "None", "depreciationAndAmortization": "294000000", "incomeBeforeTax": "551000000", "incomeTaxExpense": "76000000", "interestAndDebtExpense": "None", "netIncomeFromContinuingOperations": "None", "comprehensiveIncomeNetOfTax": "None", "ebit": "721000000", "ebitda": "1015000000", "netIncome": "475000000"}]}