{"symbol": "AON", "annualReports": [{"fiscalDateEnding": "2024-12-31", "reportedCurrency": "USD", "grossProfit": "7415000000", "totalRevenue": "15698000000", "costOfRevenue": "8283000000", "costofGoodsAndServicesSold": "8283000000", "operatingIncome": "3835000000", "sellingGeneralAndAdministrative": "2014000000", "researchAndDevelopment": "None", "operatingExpenses": "3580000000", "investmentIncomeNet": "None", "netInterestIncome": "-721000000", "interestIncome": "67000000", "interestExpense": "788000000", "nonInterestIncome": "None", "otherNonOperatingIncome": "None", "depreciation": "None", "depreciationAndAmortization": "686000000", "incomeBeforeTax": "3462000000", "incomeTaxExpense": "742000000", "interestAndDebtExpense": "None", "netIncomeFromContinuingOperations": "2720000000", "comprehensiveIncomeNetOfTax": "None", "ebit": "4250000000", "ebitda": "4936000000", "netIncome": "2654000000"}, {"fiscalDateEnding": "2023-12-31", "reportedCurrency": "USD", "grossProfit": "6474000000", "totalRevenue": "13376000000", "costOfRevenue": "6902000000", "costofGoodsAndServicesSold": "6902000000", "operatingIncome": "3785000000", "sellingGeneralAndAdministrative": "1793000000", "researchAndDevelopment": "0.24", "operatingExpenses": "9591000000", "investmentIncomeNet": "None", "netInterestIncome": "-448000000", "interestIncome": "22000000", "interestExpense": "484000000", "nonInterestIncome": "None", "otherNonOperatingIncome": "None", "depreciation": "None", "depreciationAndAmortization": "256000000", "incomeBeforeTax": "3169000000", "incomeTaxExpense": "541000000", "interestAndDebtExpense": "None", "netIncomeFromContinuingOperations": "2787000000", "comprehensiveIncomeNetOfTax": "None", "ebit": "3785000000", "ebitda": "3785000000", "netIncome": "2564000000"}, {"fiscalDateEnding": "2022-12-31", "reportedCurrency": "USD", "grossProfit": "6002000000", "totalRevenue": "12479000000", "costOfRevenue": "6477000000", "costofGoodsAndServicesSold": "6477000000", "operatingIncome": "3669000000", "sellingGeneralAndAdministrative": "1739000000", "researchAndDevelopment": "0.25", "operatingExpenses": "2333000000", "investmentIncomeNet": "None", "netInterestIncome": "-388000000", "interestIncome": "388000000", "interestExpense": "406000000", "nonInterestIncome": "None", "otherNonOperatingIncome": "-107000000", "depreciation": "None", "depreciationAndAmortization": "264000000", "incomeBeforeTax": "3156000000", "incomeTaxExpense": "510000000", "interestAndDebtExpense": "None", "netIncomeFromContinuingOperations": "2646000000", "comprehensiveIncomeNetOfTax": "None", "ebit": "3562000000", "ebitda": "3826000000", "netIncome": "2589000000"}, {"fiscalDateEnding": "2021-12-31", "reportedCurrency": "USD", "grossProfit": "5455000000", "totalRevenue": "12193000000", "costOfRevenue": "6738000000", "costofGoodsAndServicesSold": "6738000000", "operatingIncome": "2090000000", "sellingGeneralAndAdministrative": "2541000000", "researchAndDevelopment": "0.16", "operatingExpenses": "3365000000", "investmentIncomeNet": "None", "netInterestIncome": "-311000000", "interestIncome": "311000000", "interestExpense": "322000000", "nonInterestIncome": "None", "otherNonOperatingIncome": "163000000", "depreciation": "None", "depreciationAndAmortization": "326000000", "incomeBeforeTax": "1931000000", "incomeTaxExpense": "623000000", "interestAndDebtExpense": "None", "netIncomeFromContinuingOperations": "1308000000", "comprehensiveIncomeNetOfTax": "None", "ebit": "2253000000", "ebitda": "2579000000", "netIncome": "1255000000"}, {"fiscalDateEnding": "2020-12-31", "reportedCurrency": "USD", "grossProfit": "5161000000", "totalRevenue": "11066000000", "costOfRevenue": "5905000000", "costofGoodsAndServicesSold": "5905000000", "operatingIncome": "2781000000", "sellingGeneralAndAdministrative": "1510000000", "researchAndDevelopment": "0.22", "operatingExpenses": "2380000000", "investmentIncomeNet": "None", "netInterestIncome": "-328000000", "interestIncome": "6000000", "interestExpense": "334000000", "nonInterestIncome": "None", "otherNonOperatingIncome": "18000000", "depreciation": "None", "depreciationAndAmortization": "413000000", "incomeBeforeTax": "2466000000", "incomeTaxExpense": "448000000", "interestAndDebtExpense": "None", "netIncomeFromContinuingOperations": "2017000000", "comprehensiveIncomeNetOfTax": "None", "ebit": "2800000000", "ebitda": "3213000000", "netIncome": "1969000000"}, {"fiscalDateEnding": "2019-12-31", "reportedCurrency": "USD", "grossProfit": "4959000000", "totalRevenue": "11013000000", "costOfRevenue": "6054000000", "costofGoodsAndServicesSold": "6054000000", "operatingIncome": "2169000000", "sellingGeneralAndAdministrative": "1723000000", "researchAndDevelopment": "None", "operatingExpenses": "2790000000", "investmentIncomeNet": "None", "netInterestIncome": "-299000000", "interestIncome": "8000000", "interestExpense": "307000000", "nonInterestIncome": "None", "otherNonOperatingIncome": "8000000", "depreciation": "None", "depreciationAndAmortization": "564000000", "incomeBeforeTax": "1870000000", "incomeTaxExpense": "297000000", "interestAndDebtExpense": "None", "netIncomeFromContinuingOperations": "1574000000", "comprehensiveIncomeNetOfTax": "None", "ebit": "2177000000", "ebitda": "2741000000", "netIncome": "1532000000"}, {"fiscalDateEnding": "2018-12-31", "reportedCurrency": "USD", "grossProfit": "4667000000", "totalRevenue": "10770000000", "costOfRevenue": "6103000000", "costofGoodsAndServicesSold": "6103000000", "operatingIncome": "1544000000", "sellingGeneralAndAdministrative": "1869000000", "researchAndDevelopment": "0", "operatingExpenses": "3123000000", "investmentIncomeNet": "None", "netInterestIncome": "-273000000", "interestIncome": "5000000", "interestExpense": "278000000", "nonInterestIncome": "None", "otherNonOperatingIncome": "5000000", "depreciation": "None", "depreciationAndAmortization": "769000000", "incomeBeforeTax": "1246000000", "incomeTaxExpense": "146000000", "interestAndDebtExpense": "None", "netIncomeFromContinuingOperations": "1100000000", "comprehensiveIncomeNetOfTax": "None", "ebit": "1524000000", "ebitda": "2293000000", "netIncome": "1134000000"}, {"fiscalDateEnding": "2017-12-31", "reportedCurrency": "USD", "grossProfit": "3995000000", "totalRevenue": "9998000000", "costOfRevenue": "6003000000", "costofGoodsAndServicesSold": "6003000000", "operatingIncome": "1065000000", "sellingGeneralAndAdministrative": "1706000000", "researchAndDevelopment": "0", "operatingExpenses": "2930000000", "investmentIncomeNet": "None", "netInterestIncome": "-255000000", "interestIncome": "27000000", "interestExpense": "282000000", "nonInterestIncome": "None", "otherNonOperatingIncome": "27000000", "depreciation": "None", "depreciationAndAmortization": "891000000", "incomeBeforeTax": "685000000", "incomeTaxExpense": "250000000", "interestAndDebtExpense": "None", "netIncomeFromContinuingOperations": "435000000", "comprehensiveIncomeNetOfTax": "None", "ebit": "967000000", "ebitda": "1858000000", "netIncome": "1226000000"}, {"fiscalDateEnding": "2016-12-31", "reportedCurrency": "USD", "grossProfit": "3895000000", "totalRevenue": "9409000000", "costOfRevenue": "5514000000", "costofGoodsAndServicesSold": "5514000000", "operatingIncome": "1811000000", "sellingGeneralAndAdministrative": "1552000000", "researchAndDevelopment": "0", "operatingExpenses": "2084000000", "investmentIncomeNet": "None", "netInterestIncome": "-273000000", "interestIncome": "9000000", "interestExpense": "282000000", "nonInterestIncome": "None", "otherNonOperatingIncome": "9000000", "depreciation": "None", "depreciationAndAmortization": "319000000", "incomeBeforeTax": "1401000000", "incomeTaxExpense": "148000000", "interestAndDebtExpense": "None", "netIncomeFromContinuingOperations": "1908000000", "comprehensiveIncomeNetOfTax": "None", "ebit": "1683000000", "ebitda": "2002000000", "netIncome": "1396000000"}, {"fiscalDateEnding": "2015-12-31", "reportedCurrency": "USD", "grossProfit": "3875000000", "totalRevenue": "9480000000", "costOfRevenue": "5605000000", "costofGoodsAndServicesSold": "5605000000", "operatingIncome": "1587000000", "sellingGeneralAndAdministrative": "1562000000", "researchAndDevelopment": "0", "operatingExpenses": "2288000000", "investmentIncomeNet": "None", "netInterestIncome": "None", "interestIncome": "240000000", "interestExpense": "273000000", "nonInterestIncome": "None", "otherNonOperatingIncome": "14000000", "depreciation": "None", "depreciationAndAmortization": "338000000", "incomeBeforeTax": "1428000000", "incomeTaxExpense": "175000000", "interestAndDebtExpense": "None", "netIncomeFromContinuingOperations": "1956000000", "comprehensiveIncomeNetOfTax": "None", "ebit": "1701000000", "ebitda": "2039000000", "netIncome": "1385000000"}, {"fiscalDateEnding": "2014-12-31", "reportedCurrency": "USD", "grossProfit": "5031000000", "totalRevenue": "12045000000", "costOfRevenue": "7014000000", "costofGoodsAndServicesSold": "7014000000", "operatingIncome": "1966000000", "sellingGeneralAndAdministrative": "3065000000", "researchAndDevelopment": "0", "operatingExpenses": "3065000000", "investmentIncomeNet": "None", "netInterestIncome": "None", "interestIncome": "None", "interestExpense": "255000000", "nonInterestIncome": "None", "otherNonOperatingIncome": "10000000", "depreciation": "None", "depreciationAndAmortization": "594000000", "incomeBeforeTax": "1765000000", "incomeTaxExpense": "334000000", "interestAndDebtExpense": "None", "netIncomeFromContinuingOperations": "2099000000", "comprehensiveIncomeNetOfTax": "None", "ebit": "2020000000", "ebitda": "2614000000", "netIncome": "1397000000"}, {"fiscalDateEnding": "2013-12-31", "reportedCurrency": "USD", "grossProfit": "4870000000", "totalRevenue": "11815000000", "costOfRevenue": "6945000000", "costofGoodsAndServicesSold": "6945000000", "operatingIncome": "1671000000", "sellingGeneralAndAdministrative": "3199000000", "researchAndDevelopment": "0", "operatingExpenses": "3199000000", "investmentIncomeNet": "None", "netInterestIncome": "None", "interestIncome": "None", "interestExpense": "210000000", "nonInterestIncome": "None", "otherNonOperatingIncome": "77000000", "depreciation": "None", "depreciationAndAmortization": "635000000", "incomeBeforeTax": "1538000000", "incomeTaxExpense": "390000000", "interestAndDebtExpense": "None", "netIncomeFromContinuingOperations": "1148000000", "comprehensiveIncomeNetOfTax": "None", "ebit": "1748000000", "ebitda": "2383000000", "netIncome": "1113000000"}, {"fiscalDateEnding": "2012-12-31", "reportedCurrency": "USD", "grossProfit": "4805000000", "totalRevenue": "11514000000", "costOfRevenue": "6709000000", "costofGoodsAndServicesSold": "6709000000", "operatingIncome": "1596000000", "sellingGeneralAndAdministrative": "3209000000", "researchAndDevelopment": "0", "operatingExpenses": "3209000000", "investmentIncomeNet": "None", "netInterestIncome": "None", "interestIncome": "None", "interestExpense": "228000000", "nonInterestIncome": "None", "otherNonOperatingIncome": "13000000", "depreciation": "None", "depreciationAndAmortization": "655000000", "incomeBeforeTax": "1380000000", "incomeTaxExpense": "360000000", "interestAndDebtExpense": "None", "netIncomeFromContinuingOperations": "1021000000", "comprehensiveIncomeNetOfTax": "None", "ebit": "1608000000", "ebitda": "2263000000", "netIncome": "993000000"}, {"fiscalDateEnding": "2011-12-31", "reportedCurrency": "USD", "grossProfit": "4720000000", "totalRevenue": "11287000000", "costOfRevenue": "6567000000", "costofGoodsAndServicesSold": "6567000000", "operatingIncome": "1596000000", "sellingGeneralAndAdministrative": "3124000000", "researchAndDevelopment": "0", "operatingExpenses": "3124000000", "investmentIncomeNet": "None", "netInterestIncome": "None", "interestIncome": "None", "interestExpense": "245000000", "nonInterestIncome": "None", "otherNonOperatingIncome": "23000000", "depreciation": "None", "depreciationAndAmortization": "582000000", "incomeBeforeTax": "1388000000", "incomeTaxExpense": "378000000", "interestAndDebtExpense": "None", "netIncomeFromContinuingOperations": "1006000000", "comprehensiveIncomeNetOfTax": "None", "ebit": "1633000000", "ebitda": "2215000000", "netIncome": "979000000"}, {"fiscalDateEnding": "2010-12-31", "reportedCurrency": "USD", "grossProfit": "3415000000", "totalRevenue": "8512000000", "costOfRevenue": "5097000000", "costofGoodsAndServicesSold": "5097000000", "operatingIncome": "1244000000", "sellingGeneralAndAdministrative": "2171000000", "researchAndDevelopment": "0", "operatingExpenses": "2171000000", "investmentIncomeNet": "None", "netInterestIncome": "None", "interestIncome": "None", "interestExpense": "182000000", "nonInterestIncome": "None", "otherNonOperatingIncome": "15000000", "depreciation": "None", "depreciationAndAmortization": "305000000", "incomeBeforeTax": "1059000000", "incomeTaxExpense": "300000000", "interestAndDebtExpense": "None", "netIncomeFromContinuingOperations": "759000000", "comprehensiveIncomeNetOfTax": "None", "ebit": "1241000000", "ebitda": "1546000000", "netIncome": "706000000"}, {"fiscalDateEnding": "2009-12-31", "reportedCurrency": "USD", "grossProfit": "7595000000", "totalRevenue": "7595000000", "costOfRevenue": "5913000000", "costofGoodsAndServicesSold": "5913000000", "operatingIncome": "1021000000", "sellingGeneralAndAdministrative": "6574000000", "researchAndDevelopment": "0", "operatingExpenses": "6574000000", "investmentIncomeNet": "None", "netInterestIncome": "None", "interestIncome": "None", "interestExpense": "122000000", "nonInterestIncome": "None", "otherNonOperatingIncome": "50000000", "depreciation": "None", "depreciationAndAmortization": "242000000", "incomeBeforeTax": "949000000", "incomeTaxExpense": "268000000", "interestAndDebtExpense": "None", "netIncomeFromContinuingOperations": "681000000", "comprehensiveIncomeNetOfTax": "None", "ebit": "1071000000", "ebitda": "1313000000", "netIncome": "747000000"}, {"fiscalDateEnding": "2008-12-31", "reportedCurrency": "USD", "grossProfit": "7528000000", "totalRevenue": "7528000000", "costOfRevenue": "6103000000", "costofGoodsAndServicesSold": "6103000000", "operatingIncome": "940000000", "sellingGeneralAndAdministrative": "6588000000", "researchAndDevelopment": "None", "operatingExpenses": "6588000000", "investmentIncomeNet": "None", "netInterestIncome": "None", "interestIncome": "None", "interestExpense": "126000000", "nonInterestIncome": "None", "otherNonOperatingIncome": "None", "depreciation": "None", "depreciationAndAmortization": "222000000", "incomeBeforeTax": "879000000", "incomeTaxExpense": "242000000", "interestAndDebtExpense": "None", "netIncomeFromContinuingOperations": "None", "comprehensiveIncomeNetOfTax": "None", "ebit": "1005000000", "ebitda": "1227000000", "netIncome": "1462000000"}, {"fiscalDateEnding": "2007-12-31", "reportedCurrency": "USD", "grossProfit": "7359000000", "totalRevenue": "7359000000", "costOfRevenue": "5998000000", "costofGoodsAndServicesSold": "5998000000", "operatingIncome": "1163000000", "sellingGeneralAndAdministrative": "6053000000", "researchAndDevelopment": "None", "operatingExpenses": "6196000000", "investmentIncomeNet": "None", "netInterestIncome": "None", "interestIncome": "None", "interestExpense": "138000000", "nonInterestIncome": "None", "otherNonOperatingIncome": "None", "depreciation": "None", "depreciationAndAmortization": "205000000", "incomeBeforeTax": "1010000000", "incomeTaxExpense": "348000000", "interestAndDebtExpense": "None", "netIncomeFromContinuingOperations": "None", "comprehensiveIncomeNetOfTax": "None", "ebit": "1148000000", "ebitda": "1353000000", "netIncome": "864000000"}, {"fiscalDateEnding": "2006-12-31", "reportedCurrency": "USD", "grossProfit": "8954000000", "totalRevenue": "6881000000", "costOfRevenue": "7528000000", "costofGoodsAndServicesSold": "7528000000", "operatingIncome": "795000000", "sellingGeneralAndAdministrative": "5862000000", "researchAndDevelopment": "None", "operatingExpenses": "6086000000", "investmentIncomeNet": "None", "netInterestIncome": "None", "interestIncome": "None", "interestExpense": "129000000", "nonInterestIncome": "None", "otherNonOperatingIncome": "None", "depreciation": "None", "depreciationAndAmortization": "244000000", "incomeBeforeTax": "663000000", "incomeTaxExpense": "216000000", "interestAndDebtExpense": "None", "netIncomeFromContinuingOperations": "None", "comprehensiveIncomeNetOfTax": "None", "ebit": "792000000", "ebitda": "1036000000", "netIncome": "720000000"}, {"fiscalDateEnding": "2005-12-31", "reportedCurrency": "USD", "grossProfit": "9837000000", "totalRevenue": "6651000000", "costOfRevenue": "8324000000", "costofGoodsAndServicesSold": "8324000000", "operatingIncome": "707000000", "sellingGeneralAndAdministrative": "5700000000", "researchAndDevelopment": "None", "operatingExpenses": "5944000000", "investmentIncomeNet": "None", "netInterestIncome": "None", "interestIncome": "None", "interestExpense": "125000000", "nonInterestIncome": "None", "otherNonOperatingIncome": "None", "depreciation": "None", "depreciationAndAmortization": "277000000", "incomeBeforeTax": "577000000", "incomeTaxExpense": "161000000", "interestAndDebtExpense": "None", "netIncomeFromContinuingOperations": "None", "comprehensiveIncomeNetOfTax": "None", "ebit": "702000000", "ebitda": "979000000", "netIncome": "735000000"}], "quarterlyReports": [{"fiscalDateEnding": "2024-12-31", "reportedCurrency": "USD", "grossProfit": "2027000000", "totalRevenue": "4147000000", "costOfRevenue": "2120000000", "costofGoodsAndServicesSold": "2120000000", "operatingIncome": "1091000000", "sellingGeneralAndAdministrative": "506000000", "researchAndDevelopment": "None", "operatingExpenses": "936000000", "investmentIncomeNet": "None", "netInterestIncome": "-202000000", "interestIncome": "4000000", "interestExpense": "206000000", "nonInterestIncome": "None", "otherNonOperatingIncome": "None", "depreciation": "None", "depreciationAndAmortization": "232000000", "incomeBeforeTax": "891000000", "incomeTaxExpense": "157000000", "interestAndDebtExpense": "None", "netIncomeFromContinuingOperations": "734000000", "comprehensiveIncomeNetOfTax": "None", "ebit": "1097000000", "ebitda": "1329000000", "netIncome": "716000000"}, {"fiscalDateEnding": "2024-09-30", "reportedCurrency": "USD", "grossProfit": "1571000000", "totalRevenue": "3721000000", "costOfRevenue": "2150000000", "costofGoodsAndServicesSold": "2150000000", "operatingIncome": "623000000", "sellingGeneralAndAdministrative": "531000000", "researchAndDevelopment": "None", "operatingExpenses": "948000000", "investmentIncomeNet": "None", "netInterestIncome": "-209000000", "interestIncome": "4000000", "interestExpense": "213000000", "nonInterestIncome": "None", "otherNonOperatingIncome": "None", "depreciation": "None", "depreciationAndAmortization": "221000000", "incomeBeforeTax": "449000000", "incomeTaxExpense": "94000000", "interestAndDebtExpense": "None", "netIncomeFromContinuingOperations": "355000000", "comprehensiveIncomeNetOfTax": "None", "ebit": "662000000", "ebitda": "883000000", "netIncome": "343000000"}, {"fiscalDateEnding": "2024-06-30", "reportedCurrency": "USD", "grossProfit": "1630000000", "totalRevenue": "3760000000", "costOfRevenue": "2130000000", "costofGoodsAndServicesSold": "2130000000", "operatingIncome": "656000000", "sellingGeneralAndAdministrative": "548000000", "researchAndDevelopment": "None", "operatingExpenses": "974000000", "investmentIncomeNet": "None", "netInterestIncome": "-194000000", "interestIncome": "31000000", "interestExpense": "225000000", "nonInterestIncome": "None", "otherNonOperatingIncome": "None", "depreciation": "None", "depreciationAndAmortization": "173000000", "incomeBeforeTax": "698000000", "incomeTaxExpense": "160000000", "interestAndDebtExpense": "None", "netIncomeFromContinuingOperations": "538000000", "comprehensiveIncomeNetOfTax": "None", "ebit": "923000000", "ebitda": "1096000000", "netIncome": "524000000"}, {"fiscalDateEnding": "2024-03-31", "reportedCurrency": "USD", "grossProfit": "2187000000", "totalRevenue": "4070000000", "costOfRevenue": "1883000000", "costofGoodsAndServicesSold": "1883000000", "operatingIncome": "1465000000", "sellingGeneralAndAdministrative": "429000000", "researchAndDevelopment": "None", "operatingExpenses": "722000000", "investmentIncomeNet": "None", "netInterestIncome": "-116000000", "interestIncome": "28000000", "interestExpense": "144000000", "nonInterestIncome": "None", "otherNonOperatingIncome": "None", "depreciation": "None", "depreciationAndAmortization": "60000000", "incomeBeforeTax": "1424000000", "incomeTaxExpense": "331000000", "interestAndDebtExpense": "None", "netIncomeFromContinuingOperations": "1093000000", "comprehensiveIncomeNetOfTax": "None", "ebit": "1568000000", "ebitda": "1628000000", "netIncome": "1071000000"}, {"fiscalDateEnding": "2023-12-31", "reportedCurrency": "USD", "grossProfit": "3108000000", "totalRevenue": "3383000000", "costOfRevenue": "275000000", "costofGoodsAndServicesSold": "275000000", "operatingIncome": "916000000", "sellingGeneralAndAdministrative": "618000000", "researchAndDevelopment": "None", "operatingExpenses": "2192000000", "investmentIncomeNet": "None", "netInterestIncome": "-112000000", "interestIncome": "12000000", "interestExpense": "124000000", "nonInterestIncome": "None", "otherNonOperatingIncome": "None", "depreciation": "None", "depreciationAndAmortization": "67000000", "incomeBeforeTax": "609000000", "incomeTaxExpense": "102000000", "interestAndDebtExpense": "None", "netIncomeFromContinuingOperations": "507000000", "comprehensiveIncomeNetOfTax": "None", "ebit": "916000000", "ebitda": "983000000", "netIncome": "498000000"}, {"fiscalDateEnding": "2023-09-30", "reportedCurrency": "USD", "grossProfit": "1268000000", "totalRevenue": "2953000000", "costOfRevenue": "1685000000", "costofGoodsAndServicesSold": "1685000000", "operatingIncome": "691000000", "sellingGeneralAndAdministrative": "392000000", "researchAndDevelopment": "None", "operatingExpenses": "577000000", "investmentIncomeNet": "None", "netInterestIncome": "-110000000", "interestIncome": "9000000", "interestExpense": "119000000", "nonInterestIncome": "None", "otherNonOperatingIncome": "None", "depreciation": "None", "depreciationAndAmortization": "62000000", "incomeBeforeTax": "560000000", "incomeTaxExpense": "93000000", "interestAndDebtExpense": "None", "netIncomeFromContinuingOperations": "467000000", "comprehensiveIncomeNetOfTax": "None", "ebit": "679000000", "ebitda": "741000000", "netIncome": "456000000"}, {"fiscalDateEnding": "2023-06-30", "reportedCurrency": "USD", "grossProfit": "1423000000", "totalRevenue": "3177000000", "costOfRevenue": "1754000000", "costofGoodsAndServicesSold": "1754000000", "operatingIncome": "842000000", "sellingGeneralAndAdministrative": "431000000", "researchAndDevelopment": "None", "operatingExpenses": "581000000", "investmentIncomeNet": "None", "netInterestIncome": "-125000000", "interestIncome": "125000000", "interestExpense": "130000000", "nonInterestIncome": "None", "otherNonOperatingIncome": "-54000000", "depreciation": "None", "depreciationAndAmortization": "64000000", "incomeBeforeTax": "658000000", "incomeTaxExpense": "83000000", "interestAndDebtExpense": "None", "netIncomeFromContinuingOperations": "575000000", "comprehensiveIncomeNetOfTax": "None", "ebit": "788000000", "ebitda": "852000000", "netIncome": "560000000"}, {"fiscalDateEnding": "2023-03-31", "reportedCurrency": "USD", "grossProfit": "2079000000", "totalRevenue": "3871000000", "costOfRevenue": "1792000000", "costofGoodsAndServicesSold": "1792000000", "operatingIncome": "1473000000", "sellingGeneralAndAdministrative": "421000000", "researchAndDevelopment": "None", "operatingExpenses": "606000000", "investmentIncomeNet": "None", "netInterestIncome": "-106000000", "interestIncome": "106000000", "interestExpense": "111000000", "nonInterestIncome": "None", "otherNonOperatingIncome": "-20000000", "depreciation": "None", "depreciationAndAmortization": "63000000", "incomeBeforeTax": "1342000000", "incomeTaxExpense": "263000000", "interestAndDebtExpense": "None", "netIncomeFromContinuingOperations": "1079000000", "comprehensiveIncomeNetOfTax": "None", "ebit": "1453000000", "ebitda": "1516000000", "netIncome": "1050000000"}, {"fiscalDateEnding": "2022-12-31", "reportedCurrency": "USD", "grossProfit": "1591000000", "totalRevenue": "3130000000", "costOfRevenue": "1539000000", "costofGoodsAndServicesSold": "1539000000", "operatingIncome": "1012000000", "sellingGeneralAndAdministrative": "549000000", "researchAndDevelopment": "None", "operatingExpenses": "579000000", "investmentIncomeNet": "None", "netInterestIncome": "-107000000", "interestIncome": "107000000", "interestExpense": "110000000", "nonInterestIncome": "None", "otherNonOperatingIncome": "-193000000", "depreciation": "None", "depreciationAndAmortization": "62000000", "incomeBeforeTax": "709000000", "incomeTaxExpense": "43000000", "interestAndDebtExpense": "None", "netIncomeFromContinuingOperations": "666000000", "comprehensiveIncomeNetOfTax": "None", "ebit": "819000000", "ebitda": "881000000", "netIncome": "657000000"}, {"fiscalDateEnding": "2022-09-30", "reportedCurrency": "USD", "grossProfit": "1164000000", "totalRevenue": "2696000000", "costOfRevenue": "1532000000", "costofGoodsAndServicesSold": "1532000000", "operatingIncome": "590000000", "sellingGeneralAndAdministrative": "373000000", "researchAndDevelopment": "None", "operatingExpenses": "574000000", "investmentIncomeNet": "None", "netInterestIncome": "-96000000", "interestIncome": "96000000", "interestExpense": "103000000", "nonInterestIncome": "None", "otherNonOperatingIncome": "23000000", "depreciation": "None", "depreciationAndAmortization": "71000000", "incomeBeforeTax": "510000000", "incomeTaxExpense": "92000000", "interestAndDebtExpense": "None", "netIncomeFromContinuingOperations": "418000000", "comprehensiveIncomeNetOfTax": "None", "ebit": "613000000", "ebitda": "684000000", "netIncome": "408000000"}, {"fiscalDateEnding": "2022-06-30", "reportedCurrency": "USD", "grossProfit": "1344000000", "totalRevenue": "2983000000", "costOfRevenue": "1639000000", "costofGoodsAndServicesSold": "1639000000", "operatingIncome": "700000000", "sellingGeneralAndAdministrative": "467000000", "researchAndDevelopment": "None", "operatingExpenses": "644000000", "investmentIncomeNet": "None", "netInterestIncome": "-97000000", "interestIncome": "5000000", "interestExpense": "102000000", "nonInterestIncome": "None", "otherNonOperatingIncome": "35000000", "depreciation": "None", "depreciationAndAmortization": "65000000", "incomeBeforeTax": "633000000", "incomeTaxExpense": "119000000", "interestAndDebtExpense": "None", "netIncomeFromContinuingOperations": "514000000", "comprehensiveIncomeNetOfTax": "None", "ebit": "735000000", "ebitda": "800000000", "netIncome": "501000000"}, {"fiscalDateEnding": "2022-03-31", "reportedCurrency": "USD", "grossProfit": "1903000000", "totalRevenue": "3670000000", "costOfRevenue": "1767000000", "costofGoodsAndServicesSold": "1767000000", "operatingIncome": "1367000000", "sellingGeneralAndAdministrative": "350000000", "researchAndDevelopment": "None", "operatingExpenses": "536000000", "investmentIncomeNet": "None", "netInterestIncome": "-88000000", "interestIncome": "3000000", "interestExpense": "91000000", "nonInterestIncome": "None", "otherNonOperatingIncome": "28000000", "depreciation": "None", "depreciationAndAmortization": "66000000", "incomeBeforeTax": "1304000000", "incomeTaxExpense": "256000000", "interestAndDebtExpense": "None", "netIncomeFromContinuingOperations": "1048000000", "comprehensiveIncomeNetOfTax": "None", "ebit": "1395000000", "ebitda": "1461000000", "netIncome": "1023000000"}, {"fiscalDateEnding": "2021-12-31", "reportedCurrency": "USD", "grossProfit": "1524000000", "totalRevenue": "3080000000", "costOfRevenue": "1556000000", "costofGoodsAndServicesSold": "1556000000", "operatingIncome": "974000000", "sellingGeneralAndAdministrative": "335000000", "researchAndDevelopment": "None", "operatingExpenses": "550000000", "investmentIncomeNet": "None", "netInterestIncome": "-83000000", "interestIncome": "2000000", "interestExpense": "85000000", "nonInterestIncome": "None", "otherNonOperatingIncome": "147000000", "depreciation": "None", "depreciationAndAmortization": "76000000", "incomeBeforeTax": "1036000000", "incomeTaxExpense": "163000000", "interestAndDebtExpense": "None", "netIncomeFromContinuingOperations": "873000000", "comprehensiveIncomeNetOfTax": "None", "ebit": "1121000000", "ebitda": "1197000000", "netIncome": "863000000"}, {"fiscalDateEnding": "2021-09-30", "reportedCurrency": "USD", "grossProfit": "867000000", "totalRevenue": "2702000000", "costOfRevenue": "1835000000", "costofGoodsAndServicesSold": "1835000000", "operatingIncome": "-801000000", "sellingGeneralAndAdministrative": "1446000000", "researchAndDevelopment": "None", "operatingExpenses": "1668000000", "investmentIncomeNet": "None", "netInterestIncome": "-77000000", "interestIncome": "3000000", "interestExpense": "80000000", "nonInterestIncome": "None", "otherNonOperatingIncome": "13000000", "depreciation": "None", "depreciationAndAmortization": "92000000", "incomeBeforeTax": "-868000000", "incomeTaxExpense": "23000000", "interestAndDebtExpense": "None", "netIncomeFromContinuingOperations": "-891000000", "comprehensiveIncomeNetOfTax": "None", "ebit": "-788000000", "ebitda": "-696000000", "netIncome": "-900000000"}, {"fiscalDateEnding": "2021-06-30", "reportedCurrency": "USD", "grossProfit": "1258000000", "totalRevenue": "2886000000", "costOfRevenue": "1628000000", "costofGoodsAndServicesSold": "1628000000", "operatingIncome": "672000000", "sellingGeneralAndAdministrative": "394000000", "researchAndDevelopment": "None", "operatingExpenses": "586000000", "investmentIncomeNet": "None", "netInterestIncome": "-75000000", "interestIncome": "3000000", "interestExpense": "78000000", "nonInterestIncome": "None", "otherNonOperatingIncome": "2000000", "depreciation": "None", "depreciationAndAmortization": "77000000", "incomeBeforeTax": "596000000", "incomeTaxExpense": "203000000", "interestAndDebtExpense": "None", "netIncomeFromContinuingOperations": "393000000", "comprehensiveIncomeNetOfTax": "None", "ebit": "674000000", "ebitda": "751000000", "netIncome": "379000000"}, {"fiscalDateEnding": "2021-03-31", "reportedCurrency": "USD", "grossProfit": "1806000000", "totalRevenue": "3525000000", "costOfRevenue": "1719000000", "costofGoodsAndServicesSold": "1719000000", "operatingIncome": "1245000000", "sellingGeneralAndAdministrative": "366000000", "researchAndDevelopment": "None", "operatingExpenses": "561000000", "investmentIncomeNet": "None", "netInterestIncome": "-76000000", "interestIncome": "3000000", "interestExpense": "79000000", "nonInterestIncome": "None", "otherNonOperatingIncome": "1000000", "depreciation": "None", "depreciationAndAmortization": "81000000", "incomeBeforeTax": "1167000000", "incomeTaxExpense": "234000000", "interestAndDebtExpense": "None", "netIncomeFromContinuingOperations": "933000000", "comprehensiveIncomeNetOfTax": "None", "ebit": "1246000000", "ebitda": "1327000000", "netIncome": "913000000"}, {"fiscalDateEnding": "2020-12-31", "reportedCurrency": "USD", "grossProfit": "1330000000", "totalRevenue": "2965000000", "costOfRevenue": "1635000000", "costofGoodsAndServicesSold": "1635000000", "operatingIncome": "713000000", "sellingGeneralAndAdministrative": "401000000", "researchAndDevelopment": "None", "operatingExpenses": "617000000", "investmentIncomeNet": "None", "netInterestIncome": "-81000000", "interestIncome": "1000000", "interestExpense": "82000000", "nonInterestIncome": "None", "otherNonOperatingIncome": "24000000", "depreciation": "None", "depreciationAndAmortization": "84000000", "incomeBeforeTax": "626000000", "incomeTaxExpense": "92000000", "interestAndDebtExpense": "None", "netIncomeFromContinuingOperations": "534000000", "comprehensiveIncomeNetOfTax": "None", "ebit": "708000000", "ebitda": "792000000", "netIncome": "524000000"}, {"fiscalDateEnding": "2020-09-30", "reportedCurrency": "USD", "grossProfit": "998000000", "totalRevenue": "2385000000", "costOfRevenue": "1387000000", "costofGoodsAndServicesSold": "1387000000", "operatingIncome": "441000000", "sellingGeneralAndAdministrative": "358000000", "researchAndDevelopment": "None", "operatingExpenses": "557000000", "investmentIncomeNet": "None", "netInterestIncome": "-77000000", "interestIncome": "82000000", "interestExpense": "80000000", "nonInterestIncome": "None", "otherNonOperatingIncome": "2000000", "depreciation": "None", "depreciationAndAmortization": "92000000", "incomeBeforeTax": "364000000", "incomeTaxExpense": "82000000", "interestAndDebtExpense": "None", "netIncomeFromContinuingOperations": "281000000", "comprehensiveIncomeNetOfTax": "None", "ebit": "444000000", "ebitda": "536000000", "netIncome": "275000000"}, {"fiscalDateEnding": "2020-06-30", "reportedCurrency": "USD", "grossProfit": "1136000000", "totalRevenue": "2497000000", "costOfRevenue": "1361000000", "costofGoodsAndServicesSold": "1361000000", "operatingIncome": "594000000", "sellingGeneralAndAdministrative": "336000000", "researchAndDevelopment": "None", "operatingExpenses": "542000000", "investmentIncomeNet": "None", "netInterestIncome": "-89000000", "interestIncome": "94000000", "interestExpense": "89000000", "nonInterestIncome": "None", "otherNonOperatingIncome": "-10000000", "depreciation": "None", "depreciationAndAmortization": "99000000", "incomeBeforeTax": "496000000", "incomeTaxExpense": "85000000", "interestAndDebtExpense": "None", "netIncomeFromContinuingOperations": "410000000", "comprehensiveIncomeNetOfTax": "None", "ebit": "585000000", "ebitda": "684000000", "netIncome": "398000000"}, {"fiscalDateEnding": "2020-03-31", "reportedCurrency": "USD", "grossProfit": "1697000000", "totalRevenue": "3219000000", "costOfRevenue": "1522000000", "costofGoodsAndServicesSold": "1522000000", "operatingIncome": "1033000000", "sellingGeneralAndAdministrative": "415000000", "researchAndDevelopment": "None", "operatingExpenses": "664000000", "investmentIncomeNet": "None", "netInterestIncome": "-81000000", "interestIncome": "2000000", "interestExpense": "83000000", "nonInterestIncome": "None", "otherNonOperatingIncome": "2000000", "depreciation": "None", "depreciationAndAmortization": "138000000", "incomeBeforeTax": "980000000", "incomeTaxExpense": "189000000", "interestAndDebtExpense": "None", "netIncomeFromContinuingOperations": "792000000", "comprehensiveIncomeNetOfTax": "None", "ebit": "1063000000", "ebitda": "1201000000", "netIncome": "772000000"}, {"fiscalDateEnding": "2019-12-31", "reportedCurrency": "USD", "grossProfit": "1284000000", "totalRevenue": "2885000000", "costOfRevenue": "1601000000", "costofGoodsAndServicesSold": "1601000000", "operatingIncome": "524000000", "sellingGeneralAndAdministrative": "475000000", "researchAndDevelopment": "None", "operatingExpenses": "760000000", "investmentIncomeNet": "None", "netInterestIncome": "-76000000", "interestIncome": "4000000", "interestExpense": "80000000", "nonInterestIncome": "None", "otherNonOperatingIncome": "4000000", "depreciation": "None", "depreciationAndAmortization": "145000000", "incomeBeforeTax": "441000000", "incomeTaxExpense": "59000000", "interestAndDebtExpense": "None", "netIncomeFromContinuingOperations": "382000000", "comprehensiveIncomeNetOfTax": "None", "ebit": "521000000", "ebitda": "666000000", "netIncome": "374000000"}, {"fiscalDateEnding": "2019-09-30", "reportedCurrency": "USD", "grossProfit": "1011000000", "totalRevenue": "2379000000", "costOfRevenue": "1368000000", "costofGoodsAndServicesSold": "1368000000", "operatingIncome": "360000000", "sellingGeneralAndAdministrative": "386000000", "researchAndDevelopment": "None", "operatingExpenses": "651000000", "investmentIncomeNet": "None", "netInterestIncome": "-77000000", "interestIncome": "1000000", "interestExpense": "78000000", "nonInterestIncome": "None", "otherNonOperatingIncome": "1000000", "depreciation": "None", "depreciationAndAmortization": "145000000", "incomeBeforeTax": "285000000", "incomeTaxExpense": "56000000", "interestAndDebtExpense": "None", "netIncomeFromContinuingOperations": "229000000", "comprehensiveIncomeNetOfTax": "None", "ebit": "363000000", "ebitda": "508000000", "netIncome": "222000000"}, {"fiscalDateEnding": "2019-06-30", "reportedCurrency": "USD", "grossProfit": "1105000000", "totalRevenue": "2606000000", "costOfRevenue": "1501000000", "costofGoodsAndServicesSold": "1501000000", "operatingIncome": "413000000", "sellingGeneralAndAdministrative": "429000000", "researchAndDevelopment": "None", "operatingExpenses": "692000000", "investmentIncomeNet": "None", "netInterestIncome": "-76000000", "interestIncome": "1000000", "interestExpense": "77000000", "nonInterestIncome": "None", "otherNonOperatingIncome": "1000000", "depreciation": "None", "depreciationAndAmortization": "137000000", "incomeBeforeTax": "343000000", "incomeTaxExpense": "56000000", "interestAndDebtExpense": "None", "netIncomeFromContinuingOperations": "287000000", "comprehensiveIncomeNetOfTax": "None", "ebit": "420000000", "ebitda": "557000000", "netIncome": "277000000"}, {"fiscalDateEnding": "2019-03-31", "reportedCurrency": "USD", "grossProfit": "1559000000", "totalRevenue": "3143000000", "costOfRevenue": "1584000000", "costofGoodsAndServicesSold": "1584000000", "operatingIncome": "872000000", "sellingGeneralAndAdministrative": "433000000", "researchAndDevelopment": "None", "operatingExpenses": "687000000", "investmentIncomeNet": "None", "netInterestIncome": "-70000000", "interestIncome": "79000000", "interestExpense": "72000000", "nonInterestIncome": "None", "otherNonOperatingIncome": "2000000", "depreciation": "None", "depreciationAndAmortization": "137000000", "incomeBeforeTax": "802000000", "incomeTaxExpense": "126000000", "interestAndDebtExpense": "None", "netIncomeFromContinuingOperations": "676000000", "comprehensiveIncomeNetOfTax": "None", "ebit": "874000000", "ebitda": "1011000000", "netIncome": "659000000"}, {"fiscalDateEnding": "2018-12-31", "reportedCurrency": "USD", "grossProfit": "1169000000", "totalRevenue": "2770000000", "costOfRevenue": "1601000000", "costofGoodsAndServicesSold": "1601000000", "operatingIncome": "499000000", "sellingGeneralAndAdministrative": "397000000", "researchAndDevelopment": "0", "operatingExpenses": "670000000", "investmentIncomeNet": "None", "netInterestIncome": "None", "interestIncome": "None", "interestExpense": "70000000", "nonInterestIncome": "None", "otherNonOperatingIncome": "-1000000", "depreciation": "None", "depreciationAndAmortization": "151000000", "incomeBeforeTax": "421000000", "incomeTaxExpense": "137000000", "interestAndDebtExpense": "None", "netIncomeFromContinuingOperations": "284000000", "comprehensiveIncomeNetOfTax": "None", "ebit": "491000000", "ebitda": "642000000", "netIncome": "345000000"}, {"fiscalDateEnding": "2018-09-30", "reportedCurrency": "USD", "grossProfit": "957000000", "totalRevenue": "2349000000", "costOfRevenue": "1392000000", "costofGoodsAndServicesSold": "1392000000", "operatingIncome": "262000000", "sellingGeneralAndAdministrative": "430000000", "researchAndDevelopment": "0", "operatingExpenses": "695000000", "investmentIncomeNet": "None", "netInterestIncome": "None", "interestIncome": "None", "interestExpense": "69000000", "nonInterestIncome": "None", "otherNonOperatingIncome": "1000000", "depreciation": "None", "depreciationAndAmortization": "140000000", "incomeBeforeTax": "194000000", "incomeTaxExpense": "39000000", "interestAndDebtExpense": "None", "netIncomeFromContinuingOperations": "155000000", "comprehensiveIncomeNetOfTax": "None", "ebit": "263000000", "ebitda": "403000000", "netIncome": "147000000"}, {"fiscalDateEnding": "2018-06-30", "reportedCurrency": "USD", "grossProfit": "1067000000", "totalRevenue": "2561000000", "costOfRevenue": "1494000000", "costofGoodsAndServicesSold": "1494000000", "operatingIncome": "-16000000", "sellingGeneralAndAdministrative": "638000000", "researchAndDevelopment": "0", "operatingExpenses": "1083000000", "investmentIncomeNet": "None", "netInterestIncome": "None", "interestIncome": "None", "interestExpense": "69000000", "nonInterestIncome": "None", "otherNonOperatingIncome": "1000000", "depreciation": "None", "depreciationAndAmortization": "329000000", "incomeBeforeTax": "-87000000", "incomeTaxExpense": "-144000000", "interestAndDebtExpense": "None", "netIncomeFromContinuingOperations": "57000000", "comprehensiveIncomeNetOfTax": "None", "ebit": "-18000000", "ebitda": "311000000", "netIncome": "48000000"}, {"fiscalDateEnding": "2018-03-31", "reportedCurrency": "USD", "grossProfit": "1474000000", "totalRevenue": "3090000000", "costOfRevenue": "1616000000", "costofGoodsAndServicesSold": "1616000000", "operatingIncome": "799000000", "sellingGeneralAndAdministrative": "411000000", "researchAndDevelopment": "0", "operatingExpenses": "675000000", "investmentIncomeNet": "None", "netInterestIncome": "None", "interestIncome": "None", "interestExpense": "70000000", "nonInterestIncome": "None", "otherNonOperatingIncome": "4000000", "depreciation": "None", "depreciationAndAmortization": "149000000", "incomeBeforeTax": "718000000", "incomeTaxExpense": "114000000", "interestAndDebtExpense": "None", "netIncomeFromContinuingOperations": "604000000", "comprehensiveIncomeNetOfTax": "None", "ebit": "788000000", "ebitda": "937000000", "netIncome": "594000000"}, {"fiscalDateEnding": "2017-12-31", "reportedCurrency": "USD", "grossProfit": "1157000000", "totalRevenue": "2909000000", "costOfRevenue": "1752000000", "costofGoodsAndServicesSold": "1752000000", "operatingIncome": "489000000", "sellingGeneralAndAdministrative": "405000000", "researchAndDevelopment": "0", "operatingExpenses": "668000000", "investmentIncomeNet": "None", "netInterestIncome": "None", "interestIncome": "None", "interestExpense": "71000000", "nonInterestIncome": "None", "otherNonOperatingIncome": "7000000", "depreciation": "None", "depreciationAndAmortization": "139000000", "incomeBeforeTax": "406000000", "incomeTaxExpense": "389000000", "interestAndDebtExpense": "None", "netIncomeFromContinuingOperations": "17000000", "comprehensiveIncomeNetOfTax": "None", "ebit": "477000000", "ebitda": "616000000", "netIncome": "-19000000"}, {"fiscalDateEnding": "2017-09-30", "reportedCurrency": "USD", "grossProfit": "912000000", "totalRevenue": "2340000000", "costOfRevenue": "1428000000", "costofGoodsAndServicesSold": "1428000000", "operatingIncome": "256000000", "sellingGeneralAndAdministrative": "406000000", "researchAndDevelopment": "0", "operatingExpenses": "656000000", "investmentIncomeNet": "None", "netInterestIncome": "None", "interestIncome": "None", "interestExpense": "70000000", "nonInterestIncome": "None", "otherNonOperatingIncome": "10000000", "depreciation": "None", "depreciationAndAmortization": "141000000", "incomeBeforeTax": "200000000", "incomeTaxExpense": "4000000", "interestAndDebtExpense": "None", "netIncomeFromContinuingOperations": "196000000", "comprehensiveIncomeNetOfTax": "None", "ebit": "270000000", "ebitda": "411000000", "netIncome": "185000000"}, {"fiscalDateEnding": "2017-06-30", "reportedCurrency": "USD", "grossProfit": "902000000", "totalRevenue": "2368000000", "costOfRevenue": "1466000000", "costofGoodsAndServicesSold": "1466000000", "operatingIncome": "-127000000", "sellingGeneralAndAdministrative": "417000000", "researchAndDevelopment": "0", "operatingExpenses": "1029000000", "investmentIncomeNet": "None", "netInterestIncome": "None", "interestIncome": "None", "interestExpense": "71000000", "nonInterestIncome": "None", "otherNonOperatingIncome": "8000000", "depreciation": "None", "depreciationAndAmortization": "514000000", "incomeBeforeTax": "-186000000", "incomeTaxExpense": "-143000000", "interestAndDebtExpense": "None", "netIncomeFromContinuingOperations": "-43000000", "comprehensiveIncomeNetOfTax": "None", "ebit": "-115000000", "ebitda": "399000000", "netIncome": "769000000"}, {"fiscalDateEnding": "2017-03-31", "reportedCurrency": "USD", "grossProfit": "912000000", "totalRevenue": "2381000000", "costOfRevenue": "1469000000", "costofGoodsAndServicesSold": "1469000000", "operatingIncome": "335000000", "sellingGeneralAndAdministrative": "392000000", "researchAndDevelopment": "0", "operatingExpenses": "577000000", "investmentIncomeNet": "None", "netInterestIncome": "None", "interestIncome": "None", "interestExpense": "70000000", "nonInterestIncome": "None", "otherNonOperatingIncome": "2000000", "depreciation": "None", "depreciationAndAmortization": "97000000", "incomeBeforeTax": "265000000", "incomeTaxExpense": "-26000000", "interestAndDebtExpense": "None", "netIncomeFromContinuingOperations": "265000000", "comprehensiveIncomeNetOfTax": "None", "ebit": "335000000", "ebitda": "432000000", "netIncome": "291000000"}, {"fiscalDateEnding": "2016-12-31", "reportedCurrency": "USD", "grossProfit": "1357000000", "totalRevenue": "3323000000", "costOfRevenue": "1966000000", "costofGoodsAndServicesSold": "1966000000", "operatingIncome": "629000000", "sellingGeneralAndAdministrative": "728000000", "researchAndDevelopment": "0", "operatingExpenses": "728000000", "investmentIncomeNet": "None", "netInterestIncome": "None", "interestIncome": "None", "interestExpense": "70000000", "nonInterestIncome": "None", "otherNonOperatingIncome": "3000000", "depreciation": "None", "depreciationAndAmortization": "131000000", "incomeBeforeTax": "571000000", "incomeTaxExpense": "62000000", "interestAndDebtExpense": "None", "netIncomeFromContinuingOperations": "236000000", "comprehensiveIncomeNetOfTax": "None", "ebit": "641000000", "ebitda": "772000000", "netIncome": "502000000"}, {"fiscalDateEnding": "2016-09-30", "reportedCurrency": "USD", "grossProfit": "901000000", "totalRevenue": "2201000000", "costOfRevenue": "1300000000", "costofGoodsAndServicesSold": "1300000000", "operatingIncome": "368000000", "sellingGeneralAndAdministrative": "353000000", "researchAndDevelopment": "0", "operatingExpenses": "533000000", "investmentIncomeNet": "None", "netInterestIncome": "None", "interestIncome": "None", "interestExpense": "70000000", "nonInterestIncome": "None", "otherNonOperatingIncome": "1000000", "depreciation": "None", "depreciationAndAmortization": "81000000", "incomeBeforeTax": "309000000", "incomeTaxExpense": "25000000", "interestAndDebtExpense": "None", "netIncomeFromContinuingOperations": "541000000", "comprehensiveIncomeNetOfTax": "None", "ebit": "379000000", "ebitda": "460000000", "netIncome": "319000000"}, {"fiscalDateEnding": "2016-06-30", "reportedCurrency": "USD", "grossProfit": "886000000", "totalRevenue": "2282000000", "costOfRevenue": "1396000000", "costofGoodsAndServicesSold": "1396000000", "operatingIncome": "387000000", "sellingGeneralAndAdministrative": "321000000", "researchAndDevelopment": "0", "operatingExpenses": "499000000", "investmentIncomeNet": "None", "netInterestIncome": "None", "interestIncome": "None", "interestExpense": "73000000", "nonInterestIncome": "None", "otherNonOperatingIncome": "3000000", "depreciation": "None", "depreciationAndAmortization": "79000000", "incomeBeforeTax": "316000000", "incomeTaxExpense": "43000000", "interestAndDebtExpense": "None", "netIncomeFromContinuingOperations": "536000000", "comprehensiveIncomeNetOfTax": "None", "ebit": "389000000", "ebitda": "468000000", "netIncome": "300000000"}, {"fiscalDateEnding": "2016-03-31", "reportedCurrency": "USD", "grossProfit": "931000000", "totalRevenue": "2276000000", "costOfRevenue": "1345000000", "costofGoodsAndServicesSold": "1345000000", "operatingIncome": "420000000", "sellingGeneralAndAdministrative": "353000000", "researchAndDevelopment": "0", "operatingExpenses": "511000000", "investmentIncomeNet": "None", "netInterestIncome": "None", "interestIncome": "None", "interestExpense": "69000000", "nonInterestIncome": "None", "otherNonOperatingIncome": "2000000", "depreciation": "None", "depreciationAndAmortization": "75000000", "incomeBeforeTax": "371000000", "incomeTaxExpense": "59000000", "interestAndDebtExpense": "None", "netIncomeFromContinuingOperations": "595000000", "comprehensiveIncomeNetOfTax": "None", "ebit": "440000000", "ebitda": "515000000", "netIncome": "325000000"}, {"fiscalDateEnding": "2015-12-31", "reportedCurrency": "USD", "grossProfit": "1431000000", "totalRevenue": "3288000000", "costOfRevenue": "1857000000", "costofGoodsAndServicesSold": "1857000000", "operatingIncome": "717000000", "sellingGeneralAndAdministrative": "714000000", "researchAndDevelopment": "0", "operatingExpenses": "714000000", "investmentIncomeNet": "None", "netInterestIncome": "None", "interestIncome": "None", "interestExpense": "68000000", "nonInterestIncome": "None", "otherNonOperatingIncome": "4000000", "depreciation": "None", "depreciationAndAmortization": "137000000", "incomeBeforeTax": "702000000", "incomeTaxExpense": "112000000", "interestAndDebtExpense": "None", "netIncomeFromContinuingOperations": "455000000", "comprehensiveIncomeNetOfTax": "None", "ebit": "770000000", "ebitda": "907000000", "netIncome": "584000000"}, {"fiscalDateEnding": "2015-09-30", "reportedCurrency": "USD", "grossProfit": "1098000000", "totalRevenue": "2742000000", "costOfRevenue": "1644000000", "costofGoodsAndServicesSold": "1644000000", "operatingIncome": "413000000", "sellingGeneralAndAdministrative": "685000000", "researchAndDevelopment": "0", "operatingExpenses": "685000000", "investmentIncomeNet": "None", "netInterestIncome": "None", "interestIncome": "None", "interestExpense": "72000000", "nonInterestIncome": "None", "otherNonOperatingIncome": "3000000", "depreciation": "None", "depreciationAndAmortization": "134000000", "incomeBeforeTax": "352000000", "incomeTaxExpense": "49000000", "interestAndDebtExpense": "None", "netIncomeFromContinuingOperations": "537000000", "comprehensiveIncomeNetOfTax": "None", "ebit": "424000000", "ebitda": "558000000", "netIncome": "295000000"}, {"fiscalDateEnding": "2015-06-30", "reportedCurrency": "USD", "grossProfit": "1152000000", "totalRevenue": "2805000000", "costOfRevenue": "1653000000", "costofGoodsAndServicesSold": "1653000000", "operatingIncome": "277000000", "sellingGeneralAndAdministrative": "875000000", "researchAndDevelopment": "0", "operatingExpenses": "875000000", "investmentIncomeNet": "None", "netInterestIncome": "None", "interestIncome": "None", "interestExpense": "68000000", "nonInterestIncome": "None", "otherNonOperatingIncome": "4000000", "depreciation": "None", "depreciationAndAmortization": "136000000", "incomeBeforeTax": "214000000", "incomeTaxExpense": "26000000", "interestAndDebtExpense": "None", "netIncomeFromContinuingOperations": "375000000", "comprehensiveIncomeNetOfTax": "None", "ebit": "282000000", "ebitda": "418000000", "netIncome": "178000000"}, {"fiscalDateEnding": "2015-03-31", "reportedCurrency": "USD", "grossProfit": "1164000000", "totalRevenue": "2847000000", "costOfRevenue": "1683000000", "costofGoodsAndServicesSold": "1683000000", "operatingIncome": "441000000", "sellingGeneralAndAdministrative": "723000000", "researchAndDevelopment": "0", "operatingExpenses": "723000000", "investmentIncomeNet": "None", "netInterestIncome": "None", "interestIncome": "None", "interestExpense": "65000000", "nonInterestIncome": "None", "otherNonOperatingIncome": "3000000", "depreciation": "None", "depreciationAndAmortization": "136000000", "incomeBeforeTax": "421000000", "incomeTaxExpense": "80000000", "interestAndDebtExpense": "None", "netIncomeFromContinuingOperations": "589000000", "comprehensiveIncomeNetOfTax": "None", "ebit": "486000000", "ebitda": "622000000", "netIncome": "328000000"}, {"fiscalDateEnding": "2014-12-31", "reportedCurrency": "USD", "grossProfit": "1451000000", "totalRevenue": "3299000000", "costOfRevenue": "1848000000", "costofGoodsAndServicesSold": "1848000000", "operatingIncome": "635000000", "sellingGeneralAndAdministrative": "816000000", "researchAndDevelopment": "0", "operatingExpenses": "816000000", "investmentIncomeNet": "None", "netInterestIncome": "None", "interestIncome": "None", "interestExpense": "67000000", "nonInterestIncome": "None", "otherNonOperatingIncome": "3000000", "depreciation": "None", "depreciationAndAmortization": "148000000", "incomeBeforeTax": "581000000", "incomeTaxExpense": "114000000", "interestAndDebtExpense": "None", "netIncomeFromContinuingOperations": "509000000", "comprehensiveIncomeNetOfTax": "None", "ebit": "648000000", "ebitda": "796000000", "netIncome": "459000000"}, {"fiscalDateEnding": "2014-09-30", "reportedCurrency": "USD", "grossProfit": "1173000000", "totalRevenue": "2880000000", "costOfRevenue": "1707000000", "costofGoodsAndServicesSold": "1707000000", "operatingIncome": "417000000", "sellingGeneralAndAdministrative": "756000000", "researchAndDevelopment": "0", "operatingExpenses": "756000000", "investmentIncomeNet": "None", "netInterestIncome": "None", "interestIncome": "None", "interestExpense": "65000000", "nonInterestIncome": "None", "otherNonOperatingIncome": "3000000", "depreciation": "None", "depreciationAndAmortization": "151000000", "incomeBeforeTax": "390000000", "incomeTaxExpense": "75000000", "interestAndDebtExpense": "None", "netIncomeFromContinuingOperations": "560000000", "comprehensiveIncomeNetOfTax": "None", "ebit": "455000000", "ebitda": "606000000", "netIncome": "309000000"}, {"fiscalDateEnding": "2014-06-30", "reportedCurrency": "USD", "grossProfit": "1211000000", "totalRevenue": "2919000000", "costOfRevenue": "1708000000", "costofGoodsAndServicesSold": "1708000000", "operatingIncome": "445000000", "sellingGeneralAndAdministrative": "766000000", "researchAndDevelopment": "0", "operatingExpenses": "766000000", "investmentIncomeNet": "None", "netInterestIncome": "None", "interestIncome": "None", "interestExpense": "65000000", "nonInterestIncome": "None", "otherNonOperatingIncome": "2000000", "depreciation": "None", "depreciationAndAmortization": "149000000", "incomeBeforeTax": "380000000", "incomeTaxExpense": "67000000", "interestAndDebtExpense": "None", "netIncomeFromContinuingOperations": "579000000", "comprehensiveIncomeNetOfTax": "None", "ebit": "445000000", "ebitda": "594000000", "netIncome": "304000000"}, {"fiscalDateEnding": "2014-03-31", "reportedCurrency": "USD", "grossProfit": "1196000000", "totalRevenue": "2947000000", "costOfRevenue": "1751000000", "costofGoodsAndServicesSold": "1751000000", "operatingIncome": "469000000", "sellingGeneralAndAdministrative": "727000000", "researchAndDevelopment": "0", "operatingExpenses": "727000000", "investmentIncomeNet": "None", "netInterestIncome": "None", "interestIncome": "None", "interestExpense": "58000000", "nonInterestIncome": "None", "otherNonOperatingIncome": "2000000", "depreciation": "None", "depreciationAndAmortization": "146000000", "incomeBeforeTax": "414000000", "incomeTaxExpense": "78000000", "interestAndDebtExpense": "None", "netIncomeFromContinuingOperations": "451000000", "comprehensiveIncomeNetOfTax": "None", "ebit": "472000000", "ebitda": "618000000", "netIncome": "325000000"}, {"fiscalDateEnding": "2013-12-31", "reportedCurrency": "USD", "grossProfit": "1367000000", "totalRevenue": "3209000000", "costOfRevenue": "1842000000", "costofGoodsAndServicesSold": "1842000000", "operatingIncome": "515000000", "sellingGeneralAndAdministrative": "852000000", "researchAndDevelopment": "0", "operatingExpenses": "852000000", "investmentIncomeNet": "None", "netInterestIncome": "None", "interestIncome": "None", "interestExpense": "57000000", "nonInterestIncome": "None", "otherNonOperatingIncome": "56000000", "depreciation": "None", "depreciationAndAmortization": "162000000", "incomeBeforeTax": "475000000", "incomeTaxExpense": "115000000", "interestAndDebtExpense": "None", "netIncomeFromContinuingOperations": "360000000", "comprehensiveIncomeNetOfTax": "None", "ebit": "532000000", "ebitda": "694000000", "netIncome": "355000000"}, {"fiscalDateEnding": "2013-09-30", "reportedCurrency": "USD", "grossProfit": "1128000000", "totalRevenue": "2794000000", "costOfRevenue": "1666000000", "costofGoodsAndServicesSold": "1666000000", "operatingIncome": "364000000", "sellingGeneralAndAdministrative": "764000000", "researchAndDevelopment": "0", "operatingExpenses": "764000000", "investmentIncomeNet": "None", "netInterestIncome": "None", "interestIncome": "None", "interestExpense": "53000000", "nonInterestIncome": "None", "otherNonOperatingIncome": "3000000", "depreciation": "None", "depreciationAndAmortization": "157000000", "incomeBeforeTax": "353000000", "incomeTaxExpense": "89000000", "interestAndDebtExpense": "None", "netIncomeFromContinuingOperations": "264000000", "comprehensiveIncomeNetOfTax": "None", "ebit": "406000000", "ebitda": "563000000", "netIncome": "256000000"}, {"fiscalDateEnding": "2013-06-30", "reportedCurrency": "USD", "grossProfit": "1185000000", "totalRevenue": "2897000000", "costOfRevenue": "1712000000", "costofGoodsAndServicesSold": "1712000000", "operatingIncome": "382000000", "sellingGeneralAndAdministrative": "803000000", "researchAndDevelopment": "0", "operatingExpenses": "803000000", "investmentIncomeNet": "None", "netInterestIncome": "None", "interestIncome": "None", "interestExpense": "48000000", "nonInterestIncome": "None", "otherNonOperatingIncome": "8000000", "depreciation": "None", "depreciationAndAmortization": "158000000", "incomeBeforeTax": "342000000", "incomeTaxExpense": "90000000", "interestAndDebtExpense": "None", "netIncomeFromContinuingOperations": "252000000", "comprehensiveIncomeNetOfTax": "None", "ebit": "390000000", "ebitda": "548000000", "netIncome": "241000000"}, {"fiscalDateEnding": "2013-03-31", "reportedCurrency": "USD", "grossProfit": "1190000000", "totalRevenue": "2915000000", "costOfRevenue": "1725000000", "costofGoodsAndServicesSold": "1725000000", "operatingIncome": "410000000", "sellingGeneralAndAdministrative": "780000000", "researchAndDevelopment": "0", "operatingExpenses": "780000000", "investmentIncomeNet": "None", "netInterestIncome": "None", "interestIncome": "None", "interestExpense": "52000000", "nonInterestIncome": "None", "otherNonOperatingIncome": "10000000", "depreciation": "None", "depreciationAndAmortization": "158000000", "incomeBeforeTax": "368000000", "incomeTaxExpense": "96000000", "interestAndDebtExpense": "None", "netIncomeFromContinuingOperations": "272000000", "comprehensiveIncomeNetOfTax": "None", "ebit": "420000000", "ebitda": "578000000", "netIncome": "261000000"}, {"fiscalDateEnding": "2012-12-31", "reportedCurrency": "USD", "grossProfit": "-3594000000", "totalRevenue": "3115000000", "costOfRevenue": "6709000000", "costofGoodsAndServicesSold": "6709000000", "operatingIncome": "461000000", "sellingGeneralAndAdministrative": "4055000000", "researchAndDevelopment": "0", "operatingExpenses": "-4055000000", "investmentIncomeNet": "None", "netInterestIncome": "None", "interestIncome": "None", "interestExpense": "55000000", "nonInterestIncome": "None", "otherNonOperatingIncome": "4000000", "depreciation": "None", "depreciationAndAmortization": "174000000", "incomeBeforeTax": "410000000", "incomeTaxExpense": "103000000", "interestAndDebtExpense": "None", "netIncomeFromContinuingOperations": "307000000", "comprehensiveIncomeNetOfTax": "None", "ebit": "465000000", "ebitda": "639000000", "netIncome": "305000000"}, {"fiscalDateEnding": "2012-09-30", "reportedCurrency": "USD", "grossProfit": "1117000000", "totalRevenue": "2737000000", "costOfRevenue": "1620000000", "costofGoodsAndServicesSold": "1620000000", "operatingIncome": "339000000", "sellingGeneralAndAdministrative": "778000000", "researchAndDevelopment": "0", "operatingExpenses": "778000000", "investmentIncomeNet": "None", "netInterestIncome": "None", "interestIncome": "None", "interestExpense": "57000000", "nonInterestIncome": "None", "otherNonOperatingIncome": "-8000000", "depreciation": "None", "depreciationAndAmortization": "161000000", "incomeBeforeTax": "274000000", "incomeTaxExpense": "64000000", "interestAndDebtExpense": "None", "netIncomeFromContinuingOperations": "210000000", "comprehensiveIncomeNetOfTax": "None", "ebit": "331000000", "ebitda": "492000000", "netIncome": "204000000"}, {"fiscalDateEnding": "2012-06-30", "reportedCurrency": "USD", "grossProfit": "1182000000", "totalRevenue": "2821000000", "costOfRevenue": "1639000000", "costofGoodsAndServicesSold": "1639000000", "operatingIncome": "394000000", "sellingGeneralAndAdministrative": "788000000", "researchAndDevelopment": "0", "operatingExpenses": "788000000", "investmentIncomeNet": "None", "netInterestIncome": "None", "interestIncome": "None", "interestExpense": "57000000", "nonInterestIncome": "None", "otherNonOperatingIncome": "14000000", "depreciation": "None", "depreciationAndAmortization": "161000000", "incomeBeforeTax": "351000000", "incomeTaxExpense": "96000000", "interestAndDebtExpense": "None", "netIncomeFromContinuingOperations": "255000000", "comprehensiveIncomeNetOfTax": "None", "ebit": "408000000", "ebitda": "569000000", "netIncome": "246000000"}, {"fiscalDateEnding": "2012-03-31", "reportedCurrency": "USD", "grossProfit": "1180000000", "totalRevenue": "2841000000", "costOfRevenue": "1661000000", "costofGoodsAndServicesSold": "1661000000", "operatingIncome": "402000000", "sellingGeneralAndAdministrative": "778000000", "researchAndDevelopment": "0", "operatingExpenses": "778000000", "investmentIncomeNet": "None", "netInterestIncome": "None", "interestIncome": "None", "interestExpense": "59000000", "nonInterestIncome": "None", "otherNonOperatingIncome": "3000000", "depreciation": "None", "depreciationAndAmortization": "159000000", "incomeBeforeTax": "346000000", "incomeTaxExpense": "97000000", "interestAndDebtExpense": "None", "netIncomeFromContinuingOperations": "249000000", "comprehensiveIncomeNetOfTax": "None", "ebit": "405000000", "ebitda": "564000000", "netIncome": "238000000"}, {"fiscalDateEnding": "2011-12-31", "reportedCurrency": "USD", "grossProfit": "2994000000", "totalRevenue": "2994000000", "costOfRevenue": "2363000000", "costofGoodsAndServicesSold": "2363000000", "operatingIncome": "435000000", "sellingGeneralAndAdministrative": "2559000000", "researchAndDevelopment": "0", "operatingExpenses": "2559000000", "investmentIncomeNet": "None", "netInterestIncome": "None", "interestIncome": "None", "interestExpense": "59000000", "nonInterestIncome": "None", "otherNonOperatingIncome": "8000000", "depreciation": "None", "depreciationAndAmortization": "145000000", "incomeBeforeTax": "384000000", "incomeTaxExpense": "104000000", "interestAndDebtExpense": "None", "netIncomeFromContinuingOperations": "280000000", "comprehensiveIncomeNetOfTax": "None", "ebit": "443000000", "ebitda": "588000000", "netIncome": "277000000"}, {"fiscalDateEnding": "2011-09-30", "reportedCurrency": "USD", "grossProfit": "2723000000", "totalRevenue": "2723000000", "costOfRevenue": "1634000000", "costofGoodsAndServicesSold": "1634000000", "operatingIncome": "328000000", "sellingGeneralAndAdministrative": "2395000000", "researchAndDevelopment": "0", "operatingExpenses": "2395000000", "investmentIncomeNet": "None", "netInterestIncome": "None", "interestIncome": "None", "interestExpense": "60000000", "nonInterestIncome": "None", "otherNonOperatingIncome": "11000000", "depreciation": "None", "depreciationAndAmortization": "144000000", "incomeBeforeTax": "292000000", "incomeTaxExpense": "84000000", "interestAndDebtExpense": "None", "netIncomeFromContinuingOperations": "208000000", "comprehensiveIncomeNetOfTax": "None", "ebit": "352000000", "ebitda": "496000000", "netIncome": "198000000"}, {"fiscalDateEnding": "2011-06-30", "reportedCurrency": "USD", "grossProfit": "2811000000", "totalRevenue": "2811000000", "costOfRevenue": "1612000000", "costofGoodsAndServicesSold": "1612000000", "operatingIncome": "440000000", "sellingGeneralAndAdministrative": "2371000000", "researchAndDevelopment": "0", "operatingExpenses": "2371000000", "investmentIncomeNet": "None", "netInterestIncome": "None", "interestIncome": "None", "interestExpense": "63000000", "nonInterestIncome": "None", "otherNonOperatingIncome": "-19000000", "depreciation": "None", "depreciationAndAmortization": "149000000", "incomeBeforeTax": "352000000", "incomeTaxExpense": "87000000", "interestAndDebtExpense": "None", "netIncomeFromContinuingOperations": "265000000", "comprehensiveIncomeNetOfTax": "None", "ebit": "415000000", "ebitda": "564000000", "netIncome": "258000000"}, {"fiscalDateEnding": "2011-03-31", "reportedCurrency": "USD", "grossProfit": "2759000000", "totalRevenue": "2759000000", "costOfRevenue": "1597000000", "costofGoodsAndServicesSold": "1597000000", "operatingIncome": "398000000", "sellingGeneralAndAdministrative": "2361000000", "researchAndDevelopment": "0", "operatingExpenses": "2361000000", "investmentIncomeNet": "None", "netInterestIncome": "None", "interestIncome": "None", "interestExpense": "63000000", "nonInterestIncome": "None", "otherNonOperatingIncome": "23000000", "depreciation": "None", "depreciationAndAmortization": "144000000", "incomeBeforeTax": "356000000", "incomeTaxExpense": "103000000", "interestAndDebtExpense": "None", "netIncomeFromContinuingOperations": "253000000", "comprehensiveIncomeNetOfTax": "None", "ebit": "419000000", "ebitda": "563000000", "netIncome": "246000000"}, {"fiscalDateEnding": "2010-12-31", "reportedCurrency": "USD", "grossProfit": "2909000000", "totalRevenue": "2909000000", "costOfRevenue": "2274000000", "costofGoodsAndServicesSold": "2274000000", "operatingIncome": "422000000", "sellingGeneralAndAdministrative": "2487000000", "researchAndDevelopment": "0", "operatingExpenses": "2487000000", "investmentIncomeNet": "None", "netInterestIncome": "None", "interestIncome": "None", "interestExpense": "65000000", "nonInterestIncome": "None", "otherNonOperatingIncome": "3000000", "depreciation": "None", "depreciationAndAmortization": "126000000", "incomeBeforeTax": "360000000", "incomeTaxExpense": "118000000", "interestAndDebtExpense": "None", "netIncomeFromContinuingOperations": "242000000", "comprehensiveIncomeNetOfTax": "None", "ebit": "425000000", "ebitda": "551000000", "netIncome": "231000000"}, {"fiscalDateEnding": "2010-09-30", "reportedCurrency": "USD", "grossProfit": "1801000000", "totalRevenue": "1801000000", "costOfRevenue": "1050000000", "costofGoodsAndServicesSold": "1050000000", "operatingIncome": "263000000", "sellingGeneralAndAdministrative": "1538000000", "researchAndDevelopment": "0", "operatingExpenses": "1538000000", "investmentIncomeNet": "None", "netInterestIncome": "None", "interestIncome": "None", "interestExpense": "50000000", "nonInterestIncome": "None", "otherNonOperatingIncome": "-5000000", "depreciation": "None", "depreciationAndAmortization": "61000000", "incomeBeforeTax": "208000000", "incomeTaxExpense": "61000000", "interestAndDebtExpense": "None", "netIncomeFromContinuingOperations": "147000000", "comprehensiveIncomeNetOfTax": "None", "ebit": "258000000", "ebitda": "319000000", "netIncome": "144000000"}, {"fiscalDateEnding": "2010-06-30", "reportedCurrency": "USD", "grossProfit": "1898000000", "totalRevenue": "1898000000", "costOfRevenue": "1169000000", "costofGoodsAndServicesSold": "1169000000", "operatingIncome": "268000000", "sellingGeneralAndAdministrative": "1630000000", "researchAndDevelopment": "0", "operatingExpenses": "1630000000", "investmentIncomeNet": "None", "netInterestIncome": "None", "interestIncome": "None", "interestExpense": "33000000", "nonInterestIncome": "None", "otherNonOperatingIncome": "9000000", "depreciation": "None", "depreciationAndAmortization": "60000000", "incomeBeforeTax": "244000000", "incomeTaxExpense": "60000000", "interestAndDebtExpense": "None", "netIncomeFromContinuingOperations": "184000000", "comprehensiveIncomeNetOfTax": "None", "ebit": "277000000", "ebitda": "337000000", "netIncome": "153000000"}, {"fiscalDateEnding": "2010-03-31", "reportedCurrency": "USD", "grossProfit": "1904000000", "totalRevenue": "1904000000", "costOfRevenue": "1163000000", "costofGoodsAndServicesSold": "1163000000", "operatingIncome": "273000000", "sellingGeneralAndAdministrative": "1631000000", "researchAndDevelopment": "0", "operatingExpenses": "1631000000", "investmentIncomeNet": "None", "netInterestIncome": "None", "interestIncome": "None", "interestExpense": "34000000", "nonInterestIncome": "None", "otherNonOperatingIncome": "8000000", "depreciation": "None", "depreciationAndAmortization": "58000000", "incomeBeforeTax": "247000000", "incomeTaxExpense": "61000000", "interestAndDebtExpense": "None", "netIncomeFromContinuingOperations": "186000000", "comprehensiveIncomeNetOfTax": "None", "ebit": "281000000", "ebitda": "339000000", "netIncome": "178000000"}, {"fiscalDateEnding": "2009-12-31", "reportedCurrency": "USD", "grossProfit": "2048000000", "totalRevenue": "2048000000", "costOfRevenue": "1591000000", "costofGoodsAndServicesSold": "1591000000", "operatingIncome": "202000000", "sellingGeneralAndAdministrative": "2020000000", "researchAndDevelopment": "0", "operatingExpenses": "1846000000", "investmentIncomeNet": "None", "netInterestIncome": "None", "interestIncome": "None", "interestExpense": "35000000", "nonInterestIncome": "None", "otherNonOperatingIncome": "None", "depreciation": "None", "depreciationAndAmortization": "68000000", "incomeBeforeTax": "218000000", "incomeTaxExpense": "56000000", "interestAndDebtExpense": "None", "netIncomeFromContinuingOperations": "0", "comprehensiveIncomeNetOfTax": "None", "ebit": "253000000", "ebitda": "321000000", "netIncome": "198000000"}, {"fiscalDateEnding": "2009-09-30", "reportedCurrency": "USD", "grossProfit": "1794000000", "totalRevenue": "1794000000", "costOfRevenue": "1119000000", "costofGoodsAndServicesSold": "1119000000", "operatingIncome": "194000000", "sellingGeneralAndAdministrative": "1600000000", "researchAndDevelopment": "0", "operatingExpenses": "1600000000", "investmentIncomeNet": "None", "netInterestIncome": "None", "interestIncome": "None", "interestExpense": "32000000", "nonInterestIncome": "None", "otherNonOperatingIncome": "1000000", "depreciation": "None", "depreciationAndAmortization": "56000000", "incomeBeforeTax": "178000000", "incomeTaxExpense": "47000000", "interestAndDebtExpense": "None", "netIncomeFromContinuingOperations": "131000000", "comprehensiveIncomeNetOfTax": "None", "ebit": "210000000", "ebitda": "266000000", "netIncome": "120000000"}, {"fiscalDateEnding": "2009-06-30", "reportedCurrency": "USD", "grossProfit": "1882000000", "totalRevenue": "1882000000", "costOfRevenue": "1134000000", "costofGoodsAndServicesSold": "1134000000", "operatingIncome": "220000000", "sellingGeneralAndAdministrative": "1662000000", "researchAndDevelopment": "0", "operatingExpenses": "1662000000", "investmentIncomeNet": "None", "netInterestIncome": "None", "interestIncome": "None", "interestExpense": "26000000", "nonInterestIncome": "None", "otherNonOperatingIncome": "9000000", "depreciation": "None", "depreciationAndAmortization": "58000000", "incomeBeforeTax": "210000000", "incomeTaxExpense": "57000000", "interestAndDebtExpense": "None", "netIncomeFromContinuingOperations": "153000000", "comprehensiveIncomeNetOfTax": "None", "ebit": "236000000", "ebitda": "294000000", "netIncome": "149000000"}, {"fiscalDateEnding": "2009-03-31", "reportedCurrency": "USD", "grossProfit": "1846000000", "totalRevenue": "1846000000", "costOfRevenue": "1014000000", "costofGoodsAndServicesSold": "1014000000", "operatingIncome": "366000000", "sellingGeneralAndAdministrative": "1480000000", "researchAndDevelopment": "0", "operatingExpenses": "1480000000", "investmentIncomeNet": "None", "netInterestIncome": "None", "interestIncome": "None", "interestExpense": "29000000", "nonInterestIncome": "None", "otherNonOperatingIncome": "None", "depreciation": "None", "depreciationAndAmortization": "60000000", "incomeBeforeTax": "343000000", "incomeTaxExpense": "108000000", "interestAndDebtExpense": "None", "netIncomeFromContinuingOperations": "0", "comprehensiveIncomeNetOfTax": "None", "ebit": "372000000", "ebitda": "432000000", "netIncome": "280000000"}, {"fiscalDateEnding": "2008-12-31", "reportedCurrency": "USD", "grossProfit": "1920000000", "totalRevenue": "1920000000", "costOfRevenue": "1509000000", "costofGoodsAndServicesSold": "1509000000", "operatingIncome": "256000000", "sellingGeneralAndAdministrative": "1599000000", "researchAndDevelopment": "0", "operatingExpenses": "1664000000", "investmentIncomeNet": "None", "netInterestIncome": "None", "interestIncome": "None", "interestExpense": "30000000", "nonInterestIncome": "None", "otherNonOperatingIncome": "None", "depreciation": "None", "depreciationAndAmortization": "65000000", "incomeBeforeTax": "178000000", "incomeTaxExpense": "51000000", "interestAndDebtExpense": "None", "netIncomeFromContinuingOperations": "0", "comprehensiveIncomeNetOfTax": "None", "ebit": "208000000", "ebitda": "273000000", "netIncome": "-6000000"}, {"fiscalDateEnding": "2008-09-30", "reportedCurrency": "USD", "grossProfit": "1846000000", "totalRevenue": "1846000000", "costOfRevenue": "1132000000", "costofGoodsAndServicesSold": "1132000000", "operatingIncome": "247000000", "sellingGeneralAndAdministrative": "1550000000", "researchAndDevelopment": "0", "operatingExpenses": "1599000000", "investmentIncomeNet": "None", "netInterestIncome": "None", "interestIncome": "None", "interestExpense": "32000000", "nonInterestIncome": "None", "otherNonOperatingIncome": "None", "depreciation": "None", "depreciationAndAmortization": "49000000", "incomeBeforeTax": "218000000", "incomeTaxExpense": "59000000", "interestAndDebtExpense": "None", "netIncomeFromContinuingOperations": "0", "comprehensiveIncomeNetOfTax": "None", "ebit": "250000000", "ebitda": "299000000", "netIncome": "117000000"}, {"fiscalDateEnding": "2008-06-30", "reportedCurrency": "USD", "grossProfit": "1956000000", "totalRevenue": "1956000000", "costOfRevenue": "1155000000", "costofGoodsAndServicesSold": "1155000000", "operatingIncome": "255000000", "sellingGeneralAndAdministrative": "1643000000", "researchAndDevelopment": "0", "operatingExpenses": "1701000000", "investmentIncomeNet": "None", "netInterestIncome": "None", "interestIncome": "None", "interestExpense": "31000000", "nonInterestIncome": "None", "otherNonOperatingIncome": "None", "depreciation": "None", "depreciationAndAmortization": "58000000", "incomeBeforeTax": "226000000", "incomeTaxExpense": "57000000", "interestAndDebtExpense": "None", "netIncomeFromContinuingOperations": "0", "comprehensiveIncomeNetOfTax": "None", "ebit": "257000000", "ebitda": "315000000", "netIncome": "1133000000"}, {"fiscalDateEnding": "2008-03-31", "reportedCurrency": "USD", "grossProfit": "1905000000", "totalRevenue": "1905000000", "costOfRevenue": "1166000000", "costofGoodsAndServicesSold": "1166000000", "operatingIncome": "287000000", "sellingGeneralAndAdministrative": "1568000000", "researchAndDevelopment": "0", "operatingExpenses": "1618000000", "investmentIncomeNet": "None", "netInterestIncome": "None", "interestIncome": "None", "interestExpense": "33000000", "nonInterestIncome": "None", "otherNonOperatingIncome": "None", "depreciation": "None", "depreciationAndAmortization": "50000000", "incomeBeforeTax": "258000000", "incomeTaxExpense": "76000000", "interestAndDebtExpense": "None", "netIncomeFromContinuingOperations": "0", "comprehensiveIncomeNetOfTax": "None", "ebit": "291000000", "ebitda": "341000000", "netIncome": "218000000"}, {"fiscalDateEnding": "2007-12-31", "reportedCurrency": "USD", "grossProfit": "195000000", "totalRevenue": "195000000", "costOfRevenue": "1600000000", "costofGoodsAndServicesSold": "1600000000", "operatingIncome": "73000000", "sellingGeneralAndAdministrative": "2599000000", "researchAndDevelopment": "0", "operatingExpenses": "122000000", "investmentIncomeNet": "None", "netInterestIncome": "None", "interestIncome": "None", "interestExpense": "36000000", "nonInterestIncome": "None", "otherNonOperatingIncome": "None", "depreciation": "None", "depreciationAndAmortization": "87000000", "incomeBeforeTax": "36000000", "incomeTaxExpense": "2000000", "interestAndDebtExpense": "None", "netIncomeFromContinuingOperations": "0", "comprehensiveIncomeNetOfTax": "None", "ebit": "71000000", "ebitda": "158000000", "netIncome": "207000000"}, {"fiscalDateEnding": "2007-09-30", "reportedCurrency": "USD", "grossProfit": "1749000000", "totalRevenue": "1749000000", "costOfRevenue": "1156000000", "costofGoodsAndServicesSold": "1156000000", "operatingIncome": "256000000", "sellingGeneralAndAdministrative": "1445000000", "researchAndDevelopment": "0", "operatingExpenses": "1493000000", "investmentIncomeNet": "None", "netInterestIncome": "None", "interestIncome": "None", "interestExpense": "33000000", "nonInterestIncome": "None", "otherNonOperatingIncome": "None", "depreciation": "None", "depreciationAndAmortization": "50000000", "incomeBeforeTax": "223000000", "incomeTaxExpense": "93000000", "interestAndDebtExpense": "None", "netIncomeFromContinuingOperations": "0", "comprehensiveIncomeNetOfTax": "None", "ebit": "256000000", "ebitda": "306000000", "netIncome": "204000000"}, {"fiscalDateEnding": "2007-06-30", "reportedCurrency": "USD", "grossProfit": "1866000000", "totalRevenue": "1866000000", "costOfRevenue": "1207000000", "costofGoodsAndServicesSold": "1207000000", "operatingIncome": "286000000", "sellingGeneralAndAdministrative": "1534000000", "researchAndDevelopment": "0", "operatingExpenses": "1580000000", "investmentIncomeNet": "None", "netInterestIncome": "None", "interestIncome": "None", "interestExpense": "34000000", "nonInterestIncome": "None", "otherNonOperatingIncome": "None", "depreciation": "None", "depreciationAndAmortization": "49000000", "incomeBeforeTax": "281000000", "incomeTaxExpense": "98000000", "interestAndDebtExpense": "None", "netIncomeFromContinuingOperations": "0", "comprehensiveIncomeNetOfTax": "None", "ebit": "315000000", "ebitda": "364000000", "netIncome": "240000000"}, {"fiscalDateEnding": "2007-03-31", "reportedCurrency": "USD", "grossProfit": "1229000000", "totalRevenue": "1798000000", "costOfRevenue": "1152000000", "costofGoodsAndServicesSold": "1152000000", "operatingIncome": "275000000", "sellingGeneralAndAdministrative": "1053000000", "researchAndDevelopment": "0", "operatingExpenses": "1523000000", "investmentIncomeNet": "None", "netInterestIncome": "None", "interestIncome": "None", "interestExpense": "35000000", "nonInterestIncome": "None", "otherNonOperatingIncome": "None", "depreciation": "None", "depreciationAndAmortization": "50000000", "incomeBeforeTax": "240000000", "incomeTaxExpense": "75000000", "interestAndDebtExpense": "None", "netIncomeFromContinuingOperations": "0", "comprehensiveIncomeNetOfTax": "None", "ebit": "275000000", "ebitda": "325000000", "netIncome": "213000000"}, {"fiscalDateEnding": "2006-12-31", "reportedCurrency": "USD", "grossProfit": "2413000000", "totalRevenue": "2413000000", "costOfRevenue": "1977000000", "costofGoodsAndServicesSold": "1977000000", "operatingIncome": "278000000", "sellingGeneralAndAdministrative": "3179000000", "researchAndDevelopment": "0", "operatingExpenses": "2135000000", "investmentIncomeNet": "None", "netInterestIncome": "None", "interestIncome": "None", "interestExpense": "178000000", "nonInterestIncome": "None", "otherNonOperatingIncome": "None", "depreciation": "None", "depreciationAndAmortization": "-83000000", "incomeBeforeTax": "248000000", "incomeTaxExpense": "60000000", "interestAndDebtExpense": "None", "netIncomeFromContinuingOperations": "0", "comprehensiveIncomeNetOfTax": "None", "ebit": "433000000", "ebitda": "350000000", "netIncome": "223000000"}, {"fiscalDateEnding": "2006-09-30", "reportedCurrency": "USD", "grossProfit": "1052000000", "totalRevenue": "2168000000", "costOfRevenue": "1116000000", "costofGoodsAndServicesSold": "1116000000", "operatingIncome": "173000000", "sellingGeneralAndAdministrative": "1116000000", "researchAndDevelopment": "0", "operatingExpenses": "1995000000", "investmentIncomeNet": "None", "netInterestIncome": "None", "interestIncome": "None", "interestExpense": "99000000", "nonInterestIncome": "None", "otherNonOperatingIncome": "None", "depreciation": "None", "depreciationAndAmortization": "44000000", "incomeBeforeTax": "139000000", "incomeTaxExpense": "49000000", "interestAndDebtExpense": "None", "netIncomeFromContinuingOperations": "0", "comprehensiveIncomeNetOfTax": "None", "ebit": "185000000", "ebitda": "229000000", "netIncome": "106000000"}, {"fiscalDateEnding": "2006-06-30", "reportedCurrency": "USD", "grossProfit": "1129000000", "totalRevenue": "2208000000", "costOfRevenue": "1136000000", "costofGoodsAndServicesSold": "1136000000", "operatingIncome": "301000000", "sellingGeneralAndAdministrative": "1590000000", "researchAndDevelopment": "0", "operatingExpenses": "1907000000", "investmentIncomeNet": "None", "netInterestIncome": "None", "interestIncome": "None", "interestExpense": "34000000", "nonInterestIncome": "None", "otherNonOperatingIncome": "None", "depreciation": "None", "depreciationAndAmortization": "47000000", "incomeBeforeTax": "267000000", "incomeTaxExpense": "92000000", "interestAndDebtExpense": "None", "netIncomeFromContinuingOperations": "0", "comprehensiveIncomeNetOfTax": "None", "ebit": "309000000", "ebitda": "356000000", "netIncome": "193000000"}, {"fiscalDateEnding": "2006-03-31", "reportedCurrency": "USD", "grossProfit": "1385000000", "totalRevenue": "2165000000", "costOfRevenue": "1138000000", "costofGoodsAndServicesSold": "1138000000", "operatingIncome": "266000000", "sellingGeneralAndAdministrative": "1097000000", "researchAndDevelopment": "0", "operatingExpenses": "1899000000", "investmentIncomeNet": "None", "netInterestIncome": "None", "interestIncome": "None", "interestExpense": "31000000", "nonInterestIncome": "None", "otherNonOperatingIncome": "None", "depreciation": "None", "depreciationAndAmortization": "46000000", "incomeBeforeTax": "266000000", "incomeTaxExpense": "93000000", "interestAndDebtExpense": "None", "netIncomeFromContinuingOperations": "0", "comprehensiveIncomeNetOfTax": "None", "ebit": "530000000", "ebitda": "576000000", "netIncome": "198000000"}, {"fiscalDateEnding": "2005-12-31", "reportedCurrency": "USD", "grossProfit": "2523000000", "totalRevenue": "2523000000", "costOfRevenue": "1890000000", "costofGoodsAndServicesSold": "1890000000", "operatingIncome": "236000000", "sellingGeneralAndAdministrative": "1843000000", "researchAndDevelopment": "0", "operatingExpenses": "2287000000", "investmentIncomeNet": "None", "netInterestIncome": "None", "interestIncome": "None", "interestExpense": "31000000", "nonInterestIncome": "None", "otherNonOperatingIncome": "None", "depreciation": "None", "depreciationAndAmortization": "137000000", "incomeBeforeTax": "205000000", "incomeTaxExpense": "61000000", "interestAndDebtExpense": "None", "netIncomeFromContinuingOperations": "0", "comprehensiveIncomeNetOfTax": "None", "ebit": "237000000", "ebitda": "374000000", "netIncome": "224000000"}, {"fiscalDateEnding": "2005-09-30", "reportedCurrency": "USD", "grossProfit": "2390000000", "totalRevenue": "2018000000", "costOfRevenue": "1747000000", "costofGoodsAndServicesSold": "1747000000", "operatingIncome": "173000000", "sellingGeneralAndAdministrative": "1697000000", "researchAndDevelopment": "0", "operatingExpenses": "1845000000", "investmentIncomeNet": "None", "netInterestIncome": "None", "interestIncome": "None", "interestExpense": "94000000", "nonInterestIncome": "None", "otherNonOperatingIncome": "None", "depreciation": "None", "depreciationAndAmortization": "6000000", "incomeBeforeTax": "144000000", "incomeTaxExpense": "47000000", "interestAndDebtExpense": "None", "netIncomeFromContinuingOperations": "0", "comprehensiveIncomeNetOfTax": "None", "ebit": "244000000", "ebitda": "250000000", "netIncome": "122000000"}, {"fiscalDateEnding": "2005-06-30", "reportedCurrency": "USD", "grossProfit": "2518000000", "totalRevenue": "2148000000", "costOfRevenue": "1730000000", "costofGoodsAndServicesSold": "1730000000", "operatingIncome": "277000000", "sellingGeneralAndAdministrative": "1552000000", "researchAndDevelopment": "0", "operatingExpenses": "1871000000", "investmentIncomeNet": "None", "netInterestIncome": "None", "interestIncome": "None", "interestExpense": "31000000", "nonInterestIncome": "None", "otherNonOperatingIncome": "None", "depreciation": "None", "depreciationAndAmortization": "98000000", "incomeBeforeTax": "246000000", "incomeTaxExpense": "98000000", "interestAndDebtExpense": "None", "netIncomeFromContinuingOperations": "0", "comprehensiveIncomeNetOfTax": "None", "ebit": "277000000", "ebitda": "375000000", "netIncome": "191000000"}, {"fiscalDateEnding": "2005-03-31", "reportedCurrency": "USD", "grossProfit": "2511000000", "totalRevenue": "2464000000", "costOfRevenue": "1787000000", "costofGoodsAndServicesSold": "1787000000", "operatingIncome": "344000000", "sellingGeneralAndAdministrative": "1123000000", "researchAndDevelopment": "0", "operatingExpenses": "2120000000", "investmentIncomeNet": "None", "netInterestIncome": "None", "interestIncome": "None", "interestExpense": "34000000", "nonInterestIncome": "None", "otherNonOperatingIncome": "None", "depreciation": "None", "depreciationAndAmortization": "68000000", "incomeBeforeTax": "310000000", "incomeTaxExpense": "112000000", "interestAndDebtExpense": "None", "netIncomeFromContinuingOperations": "0", "comprehensiveIncomeNetOfTax": "None", "ebit": "344000000", "ebitda": "412000000", "netIncome": "200000000"}, {"fiscalDateEnding": "2004-12-31", "reportedCurrency": "USD", "grossProfit": "2662000000", "totalRevenue": "2662000000", "costOfRevenue": "2178000000", "costofGoodsAndServicesSold": "2178000000", "operatingIncome": "145000000", "sellingGeneralAndAdministrative": "1964000000", "researchAndDevelopment": "0", "operatingExpenses": "2517000000", "investmentIncomeNet": "None", "netInterestIncome": "None", "interestIncome": "None", "interestExpense": "35000000", "nonInterestIncome": "None", "otherNonOperatingIncome": "None", "depreciation": "None", "depreciationAndAmortization": "76000000", "incomeBeforeTax": "110000000", "incomeTaxExpense": "26000000", "interestAndDebtExpense": "None", "netIncomeFromContinuingOperations": "0", "comprehensiveIncomeNetOfTax": "None", "ebit": "325000000", "ebitda": "401000000", "netIncome": "81000000"}]}