{"symbol": "CPB", "annualReports": [{"fiscalDateEnding": "2024-07-31", "reportedCurrency": "USD", "grossProfit": "2971000000", "totalRevenue": "9636000000", "costOfRevenue": "6665000000", "costofGoodsAndServicesSold": "6665000000", "operatingIncome": "1000000000", "sellingGeneralAndAdministrative": "737000000", "researchAndDevelopment": "102000000", "operatingExpenses": "1971000000", "investmentIncomeNet": "None", "netInterestIncome": "-243000000", "interestIncome": "6000000", "interestExpense": "249000000", "nonInterestIncome": "None", "otherNonOperatingIncome": "None", "depreciation": "None", "depreciationAndAmortization": "411000000", "incomeBeforeTax": "757000000", "incomeTaxExpense": "190000000", "interestAndDebtExpense": "None", "netIncomeFromContinuingOperations": "567000000", "comprehensiveIncomeNetOfTax": "None", "ebit": "1000000000", "ebitda": "1411000000", "netIncome": "567000000"}, {"fiscalDateEnding": "2023-07-31", "reportedCurrency": "USD", "grossProfit": "2917000000", "totalRevenue": "9357000000", "costOfRevenue": "6440000000", "costofGoodsAndServicesSold": "6440000000", "operatingIncome": "1312000000", "sellingGeneralAndAdministrative": "654000000", "researchAndDevelopment": "92000000", "operatingExpenses": "1605000000", "investmentIncomeNet": "None", "netInterestIncome": "-184000000", "interestIncome": "184000000", "interestExpense": "188000000", "nonInterestIncome": "None", "otherNonOperatingIncome": "None", "depreciation": "None", "depreciationAndAmortization": "387000000", "incomeBeforeTax": "1128000000", "incomeTaxExpense": "270000000", "interestAndDebtExpense": "None", "netIncomeFromContinuingOperations": "858000000", "comprehensiveIncomeNetOfTax": "None", "ebit": "1312000000", "ebitda": "1699000000", "netIncome": "858000000"}, {"fiscalDateEnding": "2022-07-31", "reportedCurrency": "USD", "grossProfit": "2627000000", "totalRevenue": "8562000000", "costOfRevenue": "5935000000", "costofGoodsAndServicesSold": "5935000000", "operatingIncome": "1163000000", "sellingGeneralAndAdministrative": "617000000", "researchAndDevelopment": "87000000", "operatingExpenses": "1464000000", "investmentIncomeNet": "None", "netInterestIncome": "-188000000", "interestIncome": "188000000", "interestExpense": "189000000", "nonInterestIncome": "None", "otherNonOperatingIncome": "1000000", "depreciation": "None", "depreciationAndAmortization": "337000000", "incomeBeforeTax": "975000000", "incomeTaxExpense": "218000000", "interestAndDebtExpense": "None", "netIncomeFromContinuingOperations": "757000000", "comprehensiveIncomeNetOfTax": "None", "ebit": "1163000000", "ebitda": "1500000000", "netIncome": "757000000"}, {"fiscalDateEnding": "2021-07-31", "reportedCurrency": "USD", "grossProfit": "2811000000", "totalRevenue": "8476000000", "costOfRevenue": "5665000000", "costofGoodsAndServicesSold": "5665000000", "operatingIncome": "1545000000", "sellingGeneralAndAdministrative": "598000000", "researchAndDevelopment": "84000000", "operatingExpenses": "1266000000", "investmentIncomeNet": "None", "netInterestIncome": "-209000000", "interestIncome": "209000000", "interestExpense": "210000000", "nonInterestIncome": "None", "otherNonOperatingIncome": "None", "depreciation": "None", "depreciationAndAmortization": "317000000", "incomeBeforeTax": "1336000000", "incomeTaxExpense": "328000000", "interestAndDebtExpense": "None", "netIncomeFromContinuingOperations": "1008000000", "comprehensiveIncomeNetOfTax": "None", "ebit": "1545000000", "ebitda": "1862000000", "netIncome": "1002000000"}, {"fiscalDateEnding": "2020-07-31", "reportedCurrency": "USD", "grossProfit": "2999000000", "totalRevenue": "8691000000", "costOfRevenue": "5692000000", "costofGoodsAndServicesSold": "5692000000", "operatingIncome": "1346000000", "sellingGeneralAndAdministrative": "622000000", "researchAndDevelopment": "93000000", "operatingExpenses": "1662000000", "investmentIncomeNet": "None", "netInterestIncome": "-341000000", "interestIncome": "390000000", "interestExpense": "345000000", "nonInterestIncome": "None", "otherNonOperatingIncome": "None", "depreciation": "None", "depreciationAndAmortization": "328000000", "incomeBeforeTax": "766000000", "incomeTaxExpense": "174000000", "interestAndDebtExpense": "None", "netIncomeFromContinuingOperations": "592000000", "comprehensiveIncomeNetOfTax": "None", "ebit": "1346000000", "ebitda": "1674000000", "netIncome": "592000000"}, {"fiscalDateEnding": "2019-07-31", "reportedCurrency": "USD", "grossProfit": "2693000000", "totalRevenue": "8107000000", "costOfRevenue": "5414000000", "costofGoodsAndServicesSold": "5414000000", "operatingIncome": "566000000", "sellingGeneralAndAdministrative": "610000000", "researchAndDevelopment": "91000000", "operatingExpenses": "1543000000", "investmentIncomeNet": "None", "netInterestIncome": "-354000000", "interestIncome": "2000000", "interestExpense": "356000000", "nonInterestIncome": "None", "otherNonOperatingIncome": "2000000", "depreciation": "None", "depreciationAndAmortization": "446000000", "incomeBeforeTax": "625000000", "incomeTaxExpense": "151000000", "interestAndDebtExpense": "None", "netIncomeFromContinuingOperations": "474000000", "comprehensiveIncomeNetOfTax": "None", "ebit": "566000000", "ebitda": "1012000000", "netIncome": "474000000"}, {"fiscalDateEnding": "2018-07-31", "reportedCurrency": "USD", "grossProfit": "2816000000", "totalRevenue": "8685000000", "costOfRevenue": "5869000000", "costofGoodsAndServicesSold": "5869000000", "operatingIncome": "1116000000", "sellingGeneralAndAdministrative": "654000000", "researchAndDevelopment": "110000000", "operatingExpenses": "1666000000", "investmentIncomeNet": "None", "netInterestIncome": "-197000000", "interestIncome": "4000000", "interestExpense": "201000000", "nonInterestIncome": "None", "otherNonOperatingIncome": "4000000", "depreciation": "None", "depreciationAndAmortization": "394000000", "incomeBeforeTax": "272000000", "incomeTaxExpense": "11000000", "interestAndDebtExpense": "None", "netIncomeFromContinuingOperations": "261000000", "comprehensiveIncomeNetOfTax": "None", "ebit": "1212000000", "ebitda": "1606000000", "netIncome": "261000000"}, {"fiscalDateEnding": "2017-07-31", "reportedCurrency": "USD", "grossProfit": "3059000000", "totalRevenue": "7890000000", "costOfRevenue": "4831000000", "costofGoodsAndServicesSold": "4831000000", "operatingIncome": "1637000000", "sellingGeneralAndAdministrative": "488000000", "researchAndDevelopment": "98000000", "operatingExpenses": "1403000000", "investmentIncomeNet": "None", "netInterestIncome": "-107000000", "interestIncome": "5000000", "interestExpense": "112000000", "nonInterestIncome": "None", "otherNonOperatingIncome": "5000000", "depreciation": "None", "depreciationAndAmortization": "318000000", "incomeBeforeTax": "1293000000", "incomeTaxExpense": "406000000", "interestAndDebtExpense": "None", "netIncomeFromContinuingOperations": "887000000", "comprehensiveIncomeNetOfTax": "None", "ebit": "1674000000", "ebitda": "1992000000", "netIncome": "887000000"}, {"fiscalDateEnding": "2016-07-31", "reportedCurrency": "USD", "grossProfit": "2780000000", "totalRevenue": "7961000000", "costOfRevenue": "5181000000", "costofGoodsAndServicesSold": "5181000000", "operatingIncome": "1102000000", "sellingGeneralAndAdministrative": "641000000", "researchAndDevelopment": "124000000", "operatingExpenses": "1658000000", "investmentIncomeNet": "None", "netInterestIncome": "-111000000", "interestIncome": "99000000", "interestExpense": "115000000", "nonInterestIncome": "None", "otherNonOperatingIncome": "4000000", "depreciation": "None", "depreciationAndAmortization": "308000000", "incomeBeforeTax": "849000000", "incomeTaxExpense": "286000000", "interestAndDebtExpense": "None", "netIncomeFromContinuingOperations": "563000000", "comprehensiveIncomeNetOfTax": "None", "ebit": "1153000000", "ebitda": "1461000000", "netIncome": "563000000"}, {"fiscalDateEnding": "2015-07-31", "reportedCurrency": "USD", "grossProfit": "2805000000", "totalRevenue": "8082000000", "costOfRevenue": "5277000000", "costofGoodsAndServicesSold": "5277000000", "operatingIncome": "1204000000", "sellingGeneralAndAdministrative": "593000000", "researchAndDevelopment": "113000000", "operatingExpenses": "1584000000", "investmentIncomeNet": "None", "netInterestIncome": "None", "interestIncome": "111000000", "interestExpense": "108000000", "nonInterestIncome": "None", "otherNonOperatingIncome": "3000000", "depreciation": "None", "depreciationAndAmortization": "303000000", "incomeBeforeTax": "990000000", "incomeTaxExpense": "299000000", "interestAndDebtExpense": "None", "netIncomeFromContinuingOperations": "691000000", "comprehensiveIncomeNetOfTax": "None", "ebit": "1323000000", "ebitda": "1626000000", "netIncome": "691000000"}, {"fiscalDateEnding": "2014-07-31", "reportedCurrency": "USD", "grossProfit": "2898000000", "totalRevenue": "8268000000", "costOfRevenue": "5370000000", "costofGoodsAndServicesSold": "5370000000", "operatingIncome": "1251000000", "sellingGeneralAndAdministrative": "573000000", "researchAndDevelopment": "121000000", "operatingExpenses": "1629000000", "investmentIncomeNet": "None", "netInterestIncome": "None", "interestIncome": "None", "interestExpense": "122000000", "nonInterestIncome": "None", "otherNonOperatingIncome": "3000000", "depreciation": "None", "depreciationAndAmortization": "305000000", "incomeBeforeTax": "1073000000", "incomeTaxExpense": "347000000", "interestAndDebtExpense": "None", "netIncomeFromContinuingOperations": "726000000", "comprehensiveIncomeNetOfTax": "None", "ebit": "1019000000", "ebitda": "1324000000", "netIncome": "818000000"}, {"fiscalDateEnding": "2013-07-31", "reportedCurrency": "USD", "grossProfit": "2912000000", "totalRevenue": "8052000000", "costOfRevenue": "5140000000", "costofGoodsAndServicesSold": "5140000000", "operatingIncome": "1146000000", "sellingGeneralAndAdministrative": "677000000", "researchAndDevelopment": "128000000", "operatingExpenses": "1752000000", "investmentIncomeNet": "None", "netInterestIncome": "None", "interestIncome": "None", "interestExpense": "135000000", "nonInterestIncome": "None", "otherNonOperatingIncome": "10000000", "depreciation": "None", "depreciationAndAmortization": "407000000", "incomeBeforeTax": "955000000", "incomeTaxExpense": "275000000", "interestAndDebtExpense": "None", "netIncomeFromContinuingOperations": "680000000", "comprehensiveIncomeNetOfTax": "None", "ebit": "804000000", "ebitda": "1211000000", "netIncome": "458000000"}, {"fiscalDateEnding": "2012-07-31", "reportedCurrency": "USD", "grossProfit": "2992000000", "totalRevenue": "7707000000", "costOfRevenue": "4715000000", "costofGoodsAndServicesSold": "4715000000", "operatingIncome": "1231000000", "sellingGeneralAndAdministrative": "611000000", "researchAndDevelopment": "125000000", "operatingExpenses": "1770000000", "investmentIncomeNet": "None", "netInterestIncome": "None", "interestIncome": "None", "interestExpense": "106000000", "nonInterestIncome": "None", "otherNonOperatingIncome": "8000000", "depreciation": "None", "depreciationAndAmortization": "262000000", "incomeBeforeTax": "1106000000", "incomeTaxExpense": "342000000", "interestAndDebtExpense": "None", "netIncomeFromContinuingOperations": "764000000", "comprehensiveIncomeNetOfTax": "None", "ebit": "960000000", "ebitda": "1222000000", "netIncome": "774000000"}, {"fiscalDateEnding": "2011-07-31", "reportedCurrency": "USD", "grossProfit": "3103000000", "totalRevenue": "7719000000", "costOfRevenue": "4616000000", "costofGoodsAndServicesSold": "4616000000", "operatingIncome": "1352000000", "sellingGeneralAndAdministrative": "612000000", "researchAndDevelopment": "129000000", "operatingExpenses": "1761000000", "investmentIncomeNet": "None", "netInterestIncome": "None", "interestIncome": "None", "interestExpense": "122000000", "nonInterestIncome": "None", "otherNonOperatingIncome": "11000000", "depreciation": "None", "depreciationAndAmortization": "268000000", "incomeBeforeTax": "1168000000", "incomeTaxExpense": "366000000", "interestAndDebtExpense": "None", "netIncomeFromContinuingOperations": "802000000", "comprehensiveIncomeNetOfTax": "None", "ebit": "1137000000", "ebitda": "1405000000", "netIncome": "805000000"}, {"fiscalDateEnding": "2010-07-31", "reportedCurrency": "USD", "grossProfit": "3150000000", "totalRevenue": "7676000000", "costOfRevenue": "4526000000", "costofGoodsAndServicesSold": "4526000000", "operatingIncome": "1364000000", "sellingGeneralAndAdministrative": "605000000", "researchAndDevelopment": "123000000", "operatingExpenses": "1790000000", "investmentIncomeNet": "None", "netInterestIncome": "None", "interestIncome": "None", "interestExpense": "112000000", "nonInterestIncome": "None", "otherNonOperatingIncome": "6000000", "depreciation": "None", "depreciationAndAmortization": "251000000", "incomeBeforeTax": "1242000000", "incomeTaxExpense": "398000000", "interestAndDebtExpense": "None", "netIncomeFromContinuingOperations": "844000000", "comprehensiveIncomeNetOfTax": "None", "ebit": "1121000000", "ebitda": "1372000000", "netIncome": "844000000"}, {"fiscalDateEnding": "2009-07-31", "reportedCurrency": "USD", "grossProfit": "3028000000", "totalRevenue": "7586000000", "costOfRevenue": "4558000000", "costofGoodsAndServicesSold": "4558000000", "operatingIncome": "1246000000", "sellingGeneralAndAdministrative": "1077000000", "researchAndDevelopment": "114000000", "operatingExpenses": "1843000000", "investmentIncomeNet": "None", "netInterestIncome": "None", "interestIncome": "None", "interestExpense": "106000000", "nonInterestIncome": "None", "otherNonOperatingIncome": "None", "depreciation": "None", "depreciationAndAmortization": "264000000", "incomeBeforeTax": "1079000000", "incomeTaxExpense": "347000000", "interestAndDebtExpense": "None", "netIncomeFromContinuingOperations": "None", "comprehensiveIncomeNetOfTax": "None", "ebit": "921000000", "ebitda": "1185000000", "netIncome": "736000000"}, {"fiscalDateEnding": "2008-07-31", "reportedCurrency": "USD", "grossProfit": "3171000000", "totalRevenue": "7998000000", "costOfRevenue": "4827000000", "costofGoodsAndServicesSold": "4827000000", "operatingIncome": "1286000000", "sellingGeneralAndAdministrative": "608000000", "researchAndDevelopment": "115000000", "operatingExpenses": "1885000000", "investmentIncomeNet": "None", "netInterestIncome": "None", "interestIncome": "None", "interestExpense": "167000000", "nonInterestIncome": "None", "otherNonOperatingIncome": "None", "depreciation": "None", "depreciationAndAmortization": "294000000", "incomeBeforeTax": "939000000", "incomeTaxExpense": "268000000", "interestAndDebtExpense": "None", "netIncomeFromContinuingOperations": "None", "comprehensiveIncomeNetOfTax": "None", "ebit": "1474000000", "ebitda": "1768000000", "netIncome": "1165000000"}, {"fiscalDateEnding": "2007-07-31", "reportedCurrency": "USD", "grossProfit": "3296000000", "totalRevenue": "7867000000", "costOfRevenue": "4571000000", "costofGoodsAndServicesSold": "4571000000", "operatingIncome": "1258000000", "sellingGeneralAndAdministrative": "604000000", "researchAndDevelopment": "112000000", "operatingExpenses": "2038000000", "investmentIncomeNet": "None", "netInterestIncome": "None", "interestIncome": "None", "interestExpense": "163000000", "nonInterestIncome": "None", "otherNonOperatingIncome": "None", "depreciation": "None", "depreciationAndAmortization": "283000000", "incomeBeforeTax": "1149000000", "incomeTaxExpense": "326000000", "interestAndDebtExpense": "None", "netIncomeFromContinuingOperations": "None", "comprehensiveIncomeNetOfTax": "None", "ebit": "1223000000", "ebitda": "1506000000", "netIncome": "854000000"}, {"fiscalDateEnding": "2006-07-31", "reportedCurrency": "USD", "grossProfit": "3075000000", "totalRevenue": "7343000000", "costOfRevenue": "4268000000", "costofGoodsAndServicesSold": "4268000000", "operatingIncome": "1156000000", "sellingGeneralAndAdministrative": "617000000", "researchAndDevelopment": "99000000", "operatingExpenses": "1919000000", "investmentIncomeNet": "None", "netInterestIncome": "None", "interestIncome": "None", "interestExpense": "165000000", "nonInterestIncome": "None", "otherNonOperatingIncome": "None", "depreciation": "None", "depreciationAndAmortization": "289000000", "incomeBeforeTax": "1001000000", "incomeTaxExpense": "246000000", "interestAndDebtExpense": "None", "netIncomeFromContinuingOperations": "None", "comprehensiveIncomeNetOfTax": "None", "ebit": "1161000000", "ebitda": "1450000000", "netIncome": "766000000"}, {"fiscalDateEnding": "2005-07-31", "reportedCurrency": "USD", "grossProfit": "3057000000", "totalRevenue": "7548000000", "costOfRevenue": "4491000000", "costofGoodsAndServicesSold": "4491000000", "operatingIncome": "1204000000", "sellingGeneralAndAdministrative": "1756000000", "researchAndDevelopment": "95000000", "operatingExpenses": "1853000000", "investmentIncomeNet": "None", "netInterestIncome": "None", "interestIncome": "None", "interestExpense": "0", "nonInterestIncome": "None", "otherNonOperatingIncome": "None", "depreciation": "None", "depreciationAndAmortization": "279000000", "incomeBeforeTax": "1030000000", "incomeTaxExpense": "323000000", "interestAndDebtExpense": "None", "netIncomeFromContinuingOperations": "None", "comprehensiveIncomeNetOfTax": "None", "ebit": "1198000000", "ebitda": "1477000000", "netIncome": "707000000"}], "quarterlyReports": [{"fiscalDateEnding": "2025-01-31", "reportedCurrency": "USD", "grossProfit": "819000000", "totalRevenue": "2685000000", "costOfRevenue": "1866000000", "costofGoodsAndServicesSold": "1866000000", "operatingIncome": "327000000", "sellingGeneralAndAdministrative": "165000000", "researchAndDevelopment": "25000000", "operatingExpenses": "492000000", "investmentIncomeNet": "None", "netInterestIncome": "-80000000", "interestIncome": "8000000", "interestExpense": "88000000", "nonInterestIncome": "None", "otherNonOperatingIncome": "None", "depreciation": "None", "depreciationAndAmortization": "110000000", "incomeBeforeTax": "247000000", "incomeTaxExpense": "74000000", "interestAndDebtExpense": "None", "netIncomeFromContinuingOperations": "173000000", "comprehensiveIncomeNetOfTax": "None", "ebit": "327000000", "ebitda": "437000000", "netIncome": "173000000"}, {"fiscalDateEnding": "2024-10-31", "reportedCurrency": "USD", "grossProfit": "867000000", "totalRevenue": "2772000000", "costOfRevenue": "1905000000", "costofGoodsAndServicesSold": "1905000000", "operatingIncome": "367000000", "sellingGeneralAndAdministrative": "175000000", "researchAndDevelopment": "26000000", "operatingExpenses": "500000000", "investmentIncomeNet": "None", "netInterestIncome": "-83000000", "interestIncome": "4000000", "interestExpense": "87000000", "nonInterestIncome": "None", "otherNonOperatingIncome": "None", "depreciation": "None", "depreciationAndAmortization": "109000000", "incomeBeforeTax": "284000000", "incomeTaxExpense": "66000000", "interestAndDebtExpense": "None", "netIncomeFromContinuingOperations": "218000000", "comprehensiveIncomeNetOfTax": "None", "ebit": "367000000", "ebitda": "476000000", "netIncome": "218000000"}, {"fiscalDateEnding": "2024-07-31", "reportedCurrency": "USD", "grossProfit": "675000000", "totalRevenue": "2293000000", "costOfRevenue": "1618000000", "costofGoodsAndServicesSold": "1618000000", "operatingIncome": "77000000", "sellingGeneralAndAdministrative": "182000000", "researchAndDevelopment": "26000000", "operatingExpenses": "598000000", "investmentIncomeNet": "None", "netInterestIncome": "-83000000", "interestIncome": "1000000", "interestExpense": "84000000", "nonInterestIncome": "None", "otherNonOperatingIncome": "None", "depreciation": "None", "depreciationAndAmortization": "113000000", "incomeBeforeTax": "-6000000", "incomeTaxExpense": "-3000000", "interestAndDebtExpense": "None", "netIncomeFromContinuingOperations": "-3000000", "comprehensiveIncomeNetOfTax": "None", "ebit": "77000000", "ebitda": "190000000", "netIncome": "-3000000"}, {"fiscalDateEnding": "2024-04-30", "reportedCurrency": "USD", "grossProfit": "732000000", "totalRevenue": "2369000000", "costOfRevenue": "1637000000", "costofGoodsAndServicesSold": "1637000000", "operatingIncome": "248000000", "sellingGeneralAndAdministrative": "208000000", "researchAndDevelopment": "27000000", "operatingExpenses": "484000000", "investmentIncomeNet": "None", "netInterestIncome": "-66000000", "interestIncome": "4000000", "interestExpense": "70000000", "nonInterestIncome": "None", "otherNonOperatingIncome": "None", "depreciation": "None", "depreciationAndAmortization": "106000000", "incomeBeforeTax": "182000000", "incomeTaxExpense": "49000000", "interestAndDebtExpense": "None", "netIncomeFromContinuingOperations": "133000000", "comprehensiveIncomeNetOfTax": "None", "ebit": "248000000", "ebitda": "354000000", "netIncome": "133000000"}, {"fiscalDateEnding": "2024-01-31", "reportedCurrency": "USD", "grossProfit": "757000000", "totalRevenue": "2456000000", "costOfRevenue": "1699000000", "costofGoodsAndServicesSold": "1699000000", "operatingIncome": "350000000", "sellingGeneralAndAdministrative": "189000000", "researchAndDevelopment": "24000000", "operatingExpenses": "407000000", "investmentIncomeNet": "None", "netInterestIncome": "-46000000", "interestIncome": "0", "interestExpense": "45000000", "nonInterestIncome": "None", "otherNonOperatingIncome": "None", "depreciation": "None", "depreciationAndAmortization": "96000000", "incomeBeforeTax": "271000000", "incomeTaxExpense": "68000000", "interestAndDebtExpense": "None", "netIncomeFromContinuingOperations": "203000000", "comprehensiveIncomeNetOfTax": "None", "ebit": "317000000", "ebitda": "413000000", "netIncome": "203000000"}, {"fiscalDateEnding": "2023-10-31", "reportedCurrency": "USD", "grossProfit": "788000000", "totalRevenue": "2518000000", "costOfRevenue": "1730000000", "costofGoodsAndServicesSold": "1730000000", "operatingIncome": "358000000", "sellingGeneralAndAdministrative": "158000000", "researchAndDevelopment": "24000000", "operatingExpenses": "404000000", "investmentIncomeNet": "None", "netInterestIncome": "-48000000", "interestIncome": "1000000", "interestExpense": "49000000", "nonInterestIncome": "None", "otherNonOperatingIncome": "None", "depreciation": "None", "depreciationAndAmortization": "96000000", "incomeBeforeTax": "310000000", "incomeTaxExpense": "76000000", "interestAndDebtExpense": "None", "netIncomeFromContinuingOperations": "234000000", "comprehensiveIncomeNetOfTax": "None", "ebit": "386000000", "ebitda": "482000000", "netIncome": "234000000"}, {"fiscalDateEnding": "2023-07-31", "reportedCurrency": "USD", "grossProfit": "656000000", "totalRevenue": "2068000000", "costOfRevenue": "1412000000", "costofGoodsAndServicesSold": "1412000000", "operatingIncome": "272000000", "sellingGeneralAndAdministrative": "167000000", "researchAndDevelopment": "26000000", "operatingExpenses": "392000000", "investmentIncomeNet": "None", "netInterestIncome": "-47000000", "interestIncome": "47000000", "interestExpense": "49000000", "nonInterestIncome": "None", "otherNonOperatingIncome": "None", "depreciation": "None", "depreciationAndAmortization": "103000000", "incomeBeforeTax": "225000000", "incomeTaxExpense": "56000000", "interestAndDebtExpense": "None", "netIncomeFromContinuingOperations": "169000000", "comprehensiveIncomeNetOfTax": "None", "ebit": "265000000", "ebitda": "368000000", "netIncome": "169000000"}, {"fiscalDateEnding": "2023-04-30", "reportedCurrency": "USD", "grossProfit": "668000000", "totalRevenue": "2229000000", "costOfRevenue": "1561000000", "costofGoodsAndServicesSold": "1561000000", "operatingIncome": "289000000", "sellingGeneralAndAdministrative": "167000000", "researchAndDevelopment": "24000000", "operatingExpenses": "385000000", "investmentIncomeNet": "None", "netInterestIncome": "-46000000", "interestIncome": "1000000", "interestExpense": "47000000", "nonInterestIncome": "None", "otherNonOperatingIncome": "1000000", "depreciation": "None", "depreciationAndAmortization": "108000000", "incomeBeforeTax": "208000000", "incomeTaxExpense": "48000000", "interestAndDebtExpense": "None", "netIncomeFromContinuingOperations": "160000000", "comprehensiveIncomeNetOfTax": "None", "ebit": "289000000", "ebitda": "397000000", "netIncome": "160000000"}, {"fiscalDateEnding": "2023-01-31", "reportedCurrency": "USD", "grossProfit": "759000000", "totalRevenue": "2485000000", "costOfRevenue": "1726000000", "costofGoodsAndServicesSold": "1726000000", "operatingIncome": "283000000", "sellingGeneralAndAdministrative": "162000000", "researchAndDevelopment": "21000000", "operatingExpenses": "400000000", "investmentIncomeNet": "None", "netInterestIncome": "-45000000", "interestIncome": "45000000", "interestExpense": "45000000", "nonInterestIncome": "None", "otherNonOperatingIncome": "None", "depreciation": "None", "depreciationAndAmortization": "85000000", "incomeBeforeTax": "305000000", "incomeTaxExpense": "73000000", "interestAndDebtExpense": "None", "netIncomeFromContinuingOperations": "232000000", "comprehensiveIncomeNetOfTax": "None", "ebit": "283000000", "ebitda": "368000000", "netIncome": "232000000"}, {"fiscalDateEnding": "2022-10-31", "reportedCurrency": "USD", "grossProfit": "834000000", "totalRevenue": "2575000000", "costOfRevenue": "1741000000", "costofGoodsAndServicesSold": "1741000000", "operatingIncome": "437000000", "sellingGeneralAndAdministrative": "158000000", "researchAndDevelopment": "21000000", "operatingExpenses": "391000000", "investmentIncomeNet": "None", "netInterestIncome": "-46000000", "interestIncome": "1000000", "interestExpense": "47000000", "nonInterestIncome": "None", "otherNonOperatingIncome": "1000000", "depreciation": "None", "depreciationAndAmortization": "91000000", "incomeBeforeTax": "390000000", "incomeTaxExpense": "93000000", "interestAndDebtExpense": "None", "netIncomeFromContinuingOperations": "297000000", "comprehensiveIncomeNetOfTax": "None", "ebit": "437000000", "ebitda": "528000000", "netIncome": "297000000"}, {"fiscalDateEnding": "2022-07-31", "reportedCurrency": "USD", "grossProfit": "571000000", "totalRevenue": "1987000000", "costOfRevenue": "1416000000", "costofGoodsAndServicesSold": "1416000000", "operatingIncome": "125000000", "sellingGeneralAndAdministrative": "163000000", "researchAndDevelopment": "23000000", "operatingExpenses": "365000000", "investmentIncomeNet": "None", "netInterestIncome": "-45000000", "interestIncome": "45000000", "interestExpense": "45000000", "nonInterestIncome": "None", "otherNonOperatingIncome": "None", "depreciation": "None", "depreciationAndAmortization": "86000000", "incomeBeforeTax": "125000000", "incomeTaxExpense": "29000000", "interestAndDebtExpense": "None", "netIncomeFromContinuingOperations": "96000000", "comprehensiveIncomeNetOfTax": "None", "ebit": "125000000", "ebitda": "211000000", "netIncome": "96000000"}, {"fiscalDateEnding": "2022-04-30", "reportedCurrency": "USD", "grossProfit": "665000000", "totalRevenue": "2130000000", "costOfRevenue": "1465000000", "costofGoodsAndServicesSold": "1465000000", "operatingIncome": "295000000", "sellingGeneralAndAdministrative": "151000000", "researchAndDevelopment": "22000000", "operatingExpenses": "371000000", "investmentIncomeNet": "None", "netInterestIncome": "-50000000", "interestIncome": "1000000", "interestExpense": "51000000", "nonInterestIncome": "None", "otherNonOperatingIncome": "1000000", "depreciation": "None", "depreciationAndAmortization": "85000000", "incomeBeforeTax": "244000000", "incomeTaxExpense": "56000000", "interestAndDebtExpense": "None", "netIncomeFromContinuingOperations": "188000000", "comprehensiveIncomeNetOfTax": "None", "ebit": "295000000", "ebitda": "380000000", "netIncome": "188000000"}, {"fiscalDateEnding": "2022-01-31", "reportedCurrency": "USD", "grossProfit": "669000000", "totalRevenue": "2209000000", "costOfRevenue": "1540000000", "costofGoodsAndServicesSold": "1540000000", "operatingIncome": "221000000", "sellingGeneralAndAdministrative": "147000000", "researchAndDevelopment": "21000000", "operatingExpenses": "365000000", "investmentIncomeNet": "None", "netInterestIncome": "-46000000", "interestIncome": "46000000", "interestExpense": "46000000", "nonInterestIncome": "None", "otherNonOperatingIncome": "None", "depreciation": "None", "depreciationAndAmortization": "83000000", "incomeBeforeTax": "277000000", "incomeTaxExpense": "65000000", "interestAndDebtExpense": "None", "netIncomeFromContinuingOperations": "212000000", "comprehensiveIncomeNetOfTax": "None", "ebit": "221000000", "ebitda": "304000000", "netIncome": "212000000"}, {"fiscalDateEnding": "2021-10-31", "reportedCurrency": "USD", "grossProfit": "722000000", "totalRevenue": "2236000000", "costOfRevenue": "1514000000", "costofGoodsAndServicesSold": "1514000000", "operatingIncome": "317000000", "sellingGeneralAndAdministrative": "156000000", "researchAndDevelopment": "21000000", "operatingExpenses": "358000000", "investmentIncomeNet": "None", "netInterestIncome": "-47000000", "interestIncome": "47000000", "interestExpense": "47000000", "nonInterestIncome": "None", "otherNonOperatingIncome": "None", "depreciation": "None", "depreciationAndAmortization": "83000000", "incomeBeforeTax": "329000000", "incomeTaxExpense": "68000000", "interestAndDebtExpense": "None", "netIncomeFromContinuingOperations": "261000000", "comprehensiveIncomeNetOfTax": "None", "ebit": "376000000", "ebitda": "459000000", "netIncome": "261000000"}, {"fiscalDateEnding": "2021-07-31", "reportedCurrency": "USD", "grossProfit": "587000000", "totalRevenue": "1873000000", "costOfRevenue": "1286000000", "costofGoodsAndServicesSold": "1286000000", "operatingIncome": "196000000", "sellingGeneralAndAdministrative": "146000000", "researchAndDevelopment": "23000000", "operatingExpenses": "344000000", "investmentIncomeNet": "None", "netInterestIncome": "-47000000", "interestIncome": "47000000", "interestExpense": "47000000", "nonInterestIncome": "None", "otherNonOperatingIncome": "None", "depreciation": "None", "depreciationAndAmortization": "84000000", "incomeBeforeTax": "364000000", "incomeTaxExpense": "76000000", "interestAndDebtExpense": "None", "netIncomeFromContinuingOperations": "288000000", "comprehensiveIncomeNetOfTax": "None", "ebit": "159000000", "ebitda": "243000000", "netIncome": "288000000"}, {"fiscalDateEnding": "2021-04-30", "reportedCurrency": "USD", "grossProfit": "628000000", "totalRevenue": "1984000000", "costOfRevenue": "1356000000", "costofGoodsAndServicesSold": "1356000000", "operatingIncome": "245000000", "sellingGeneralAndAdministrative": "149000000", "researchAndDevelopment": "22000000", "operatingExpenses": "383000000", "investmentIncomeNet": "None", "netInterestIncome": "-53000000", "interestIncome": "53000000", "interestExpense": "53000000", "nonInterestIncome": "None", "otherNonOperatingIncome": "None", "depreciation": "None", "depreciationAndAmortization": "79000000", "incomeBeforeTax": "219000000", "incomeTaxExpense": "53000000", "interestAndDebtExpense": "None", "netIncomeFromContinuingOperations": "166000000", "comprehensiveIncomeNetOfTax": "None", "ebit": "274000000", "ebitda": "353000000", "netIncome": "160000000"}, {"fiscalDateEnding": "2021-01-31", "reportedCurrency": "USD", "grossProfit": "783000000", "totalRevenue": "2279000000", "costOfRevenue": "1496000000", "costofGoodsAndServicesSold": "1496000000", "operatingIncome": "393000000", "sellingGeneralAndAdministrative": "158000000", "researchAndDevelopment": "19000000", "operatingExpenses": "409000000", "investmentIncomeNet": "None", "netInterestIncome": "-54000000", "interestIncome": "1000000", "interestExpense": "55000000", "nonInterestIncome": "None", "otherNonOperatingIncome": "1000000", "depreciation": "None", "depreciationAndAmortization": "78000000", "incomeBeforeTax": "347000000", "incomeTaxExpense": "102000000", "interestAndDebtExpense": "None", "netIncomeFromContinuingOperations": "245000000", "comprehensiveIncomeNetOfTax": "None", "ebit": "392000000", "ebitda": "470000000", "netIncome": "245000000"}, {"fiscalDateEnding": "2020-10-31", "reportedCurrency": "USD", "grossProfit": "813000000", "totalRevenue": "2340000000", "costOfRevenue": "1527000000", "costofGoodsAndServicesSold": "1527000000", "operatingIncome": "438000000", "sellingGeneralAndAdministrative": "141000000", "researchAndDevelopment": "20000000", "operatingExpenses": "369000000", "investmentIncomeNet": "None", "netInterestIncome": "-55000000", "interestIncome": "55000000", "interestExpense": "55000000", "nonInterestIncome": "None", "otherNonOperatingIncome": "None", "depreciation": "None", "depreciationAndAmortization": "76000000", "incomeBeforeTax": "406000000", "incomeTaxExpense": "97000000", "interestAndDebtExpense": "None", "netIncomeFromContinuingOperations": "309000000", "comprehensiveIncomeNetOfTax": "None", "ebit": "445000000", "ebitda": "521000000", "netIncome": "309000000"}, {"fiscalDateEnding": "2020-07-31", "reportedCurrency": "USD", "grossProfit": "747000000", "totalRevenue": "2108000000", "costOfRevenue": "1361000000", "costofGoodsAndServicesSold": "1361000000", "operatingIncome": "262000000", "sellingGeneralAndAdministrative": "186000000", "researchAndDevelopment": "24000000", "operatingExpenses": "475000000", "investmentIncomeNet": "None", "netInterestIncome": "-60000000", "interestIncome": "60000000", "interestExpense": "61000000", "nonInterestIncome": "None", "otherNonOperatingIncome": "None", "depreciation": "None", "depreciationAndAmortization": "87000000", "incomeBeforeTax": "107000000", "incomeTaxExpense": "21000000", "interestAndDebtExpense": "None", "netIncomeFromContinuingOperations": "86000000", "comprehensiveIncomeNetOfTax": "None", "ebit": "184000000", "ebitda": "271000000", "netIncome": "86000000"}, {"fiscalDateEnding": "2020-04-30", "reportedCurrency": "USD", "grossProfit": "772000000", "totalRevenue": "2238000000", "costOfRevenue": "1466000000", "costofGoodsAndServicesSold": "1466000000", "operatingIncome": "289000000", "sellingGeneralAndAdministrative": "208000000", "researchAndDevelopment": "25000000", "operatingExpenses": "483000000", "investmentIncomeNet": "None", "netInterestIncome": "-55000000", "interestIncome": "135000000", "interestExpense": "55000000", "nonInterestIncome": "None", "otherNonOperatingIncome": "None", "depreciation": "None", "depreciationAndAmortization": "79000000", "incomeBeforeTax": "218000000", "incomeTaxExpense": "52000000", "interestAndDebtExpense": "None", "netIncomeFromContinuingOperations": "166000000", "comprehensiveIncomeNetOfTax": "None", "ebit": "318000000", "ebitda": "397000000", "netIncome": "168000000"}, {"fiscalDateEnding": "2020-01-31", "reportedCurrency": "USD", "grossProfit": "742000000", "totalRevenue": "2162000000", "costOfRevenue": "1420000000", "costofGoodsAndServicesSold": "1420000000", "operatingIncome": "178000000", "sellingGeneralAndAdministrative": "148000000", "researchAndDevelopment": "22000000", "operatingExpenses": "418000000", "investmentIncomeNet": "None", "netInterestIncome": "-146000000", "interestIncome": "3000000", "interestExpense": "149000000", "nonInterestIncome": "None", "otherNonOperatingIncome": "3000000", "depreciation": "None", "depreciationAndAmortization": "81000000", "incomeBeforeTax": "204000000", "incomeTaxExpense": "33000000", "interestAndDebtExpense": "None", "netIncomeFromContinuingOperations": "171000000", "comprehensiveIncomeNetOfTax": "None", "ebit": "360000000", "ebitda": "441000000", "netIncome": "1208000000"}, {"fiscalDateEnding": "2019-10-31", "reportedCurrency": "USD", "grossProfit": "738000000", "totalRevenue": "2183000000", "costOfRevenue": "1445000000", "costofGoodsAndServicesSold": "1445000000", "operatingIncome": "365000000", "sellingGeneralAndAdministrative": "134000000", "researchAndDevelopment": "22000000", "operatingExpenses": "373000000", "investmentIncomeNet": "None", "netInterestIncome": "-80000000", "interestIncome": "81000000", "interestExpense": "80000000", "nonInterestIncome": "None", "otherNonOperatingIncome": "None", "depreciation": "None", "depreciationAndAmortization": "81000000", "incomeBeforeTax": "237000000", "incomeTaxExpense": "68000000", "interestAndDebtExpense": "None", "netIncomeFromContinuingOperations": "169000000", "comprehensiveIncomeNetOfTax": "None", "ebit": "388000000", "ebitda": "469000000", "netIncome": "166000000"}, {"fiscalDateEnding": "2019-07-31", "reportedCurrency": "USD", "grossProfit": "606000000", "totalRevenue": "1780000000", "costOfRevenue": "1174000000", "costofGoodsAndServicesSold": "1174000000", "operatingIncome": "123000000", "sellingGeneralAndAdministrative": "166000000", "researchAndDevelopment": "25000000", "operatingExpenses": "386000000", "investmentIncomeNet": "None", "netInterestIncome": "-78000000", "interestIncome": "78000000", "interestExpense": "85000000", "nonInterestIncome": "None", "otherNonOperatingIncome": "-1000000", "depreciation": "None", "depreciationAndAmortization": "97000000", "incomeBeforeTax": "-1000000", "incomeTaxExpense": "4000000", "interestAndDebtExpense": "None", "netIncomeFromContinuingOperations": "208000000", "comprehensiveIncomeNetOfTax": "None", "ebit": "-4000000", "ebitda": "93000000", "netIncome": "-8000000"}, {"fiscalDateEnding": "2019-04-30", "reportedCurrency": "USD", "grossProfit": "723000000", "totalRevenue": "2178000000", "costOfRevenue": "1455000000", "costofGoodsAndServicesSold": "1455000000", "operatingIncome": "155000000", "sellingGeneralAndAdministrative": "193000000", "researchAndDevelopment": "26000000", "operatingExpenses": "477000000", "investmentIncomeNet": "None", "netInterestIncome": "-91000000", "interestIncome": "1000000", "interestExpense": "92000000", "nonInterestIncome": "None", "otherNonOperatingIncome": "1000000", "depreciation": "None", "depreciationAndAmortization": "108000000", "incomeBeforeTax": "175000000", "incomeTaxExpense": "44000000", "interestAndDebtExpense": "None", "netIncomeFromContinuingOperations": "131000000", "comprehensiveIncomeNetOfTax": "None", "ebit": "260000000", "ebitda": "368000000", "netIncome": "84000000"}, {"fiscalDateEnding": "2019-01-31", "reportedCurrency": "USD", "grossProfit": "714000000", "totalRevenue": "2713000000", "costOfRevenue": "1999000000", "costofGoodsAndServicesSold": "1999000000", "operatingIncome": "232000000", "sellingGeneralAndAdministrative": "180000000", "researchAndDevelopment": "23000000", "operatingExpenses": "467000000", "investmentIncomeNet": "None", "netInterestIncome": "None", "interestIncome": "None", "interestExpense": "93000000", "nonInterestIncome": "None", "otherNonOperatingIncome": "1000000", "depreciation": "None", "depreciationAndAmortization": "119000000", "incomeBeforeTax": "-73000000", "incomeTaxExpense": "-14000000", "interestAndDebtExpense": "None", "netIncomeFromContinuingOperations": "-59000000", "comprehensiveIncomeNetOfTax": "None", "ebit": "249000000", "ebitda": "368000000", "netIncome": "-59000000"}, {"fiscalDateEnding": "2018-10-31", "reportedCurrency": "USD", "grossProfit": "824000000", "totalRevenue": "2694000000", "costOfRevenue": "1870000000", "costofGoodsAndServicesSold": "1870000000", "operatingIncome": "358000000", "sellingGeneralAndAdministrative": "176000000", "researchAndDevelopment": "27000000", "operatingExpenses": "451000000", "investmentIncomeNet": "None", "netInterestIncome": "None", "interestIncome": "None", "interestExpense": "94000000", "nonInterestIncome": "None", "otherNonOperatingIncome": "1000000", "depreciation": "None", "depreciationAndAmortization": "122000000", "incomeBeforeTax": "257000000", "incomeTaxExpense": "63000000", "interestAndDebtExpense": "None", "netIncomeFromContinuingOperations": "194000000", "comprehensiveIncomeNetOfTax": "None", "ebit": "392000000", "ebitda": "514000000", "netIncome": "194000000"}, {"fiscalDateEnding": "2018-07-31", "reportedCurrency": "USD", "grossProfit": "649000000", "totalRevenue": "2219000000", "costOfRevenue": "1570000000", "costofGoodsAndServicesSold": "1570000000", "operatingIncome": "207000000", "sellingGeneralAndAdministrative": "177000000", "researchAndDevelopment": "26000000", "operatingExpenses": "442000000", "investmentIncomeNet": "None", "netInterestIncome": "None", "interestIncome": "None", "interestExpense": "94000000", "nonInterestIncome": "None", "otherNonOperatingIncome": "1000000", "depreciation": "None", "depreciationAndAmortization": "128000000", "incomeBeforeTax": "196000000", "incomeTaxExpense": "102000000", "interestAndDebtExpense": "None", "netIncomeFromContinuingOperations": "94000000", "comprehensiveIncomeNetOfTax": "None", "ebit": "356000000", "ebitda": "484000000", "netIncome": "94000000"}, {"fiscalDateEnding": "2018-04-30", "reportedCurrency": "USD", "grossProfit": "618000000", "totalRevenue": "2125000000", "costOfRevenue": "1507000000", "costofGoodsAndServicesSold": "1507000000", "operatingIncome": "186000000", "sellingGeneralAndAdministrative": "163000000", "researchAndDevelopment": "27000000", "operatingExpenses": "422000000", "investmentIncomeNet": "None", "netInterestIncome": "None", "interestIncome": "None", "interestExpense": "44000000", "nonInterestIncome": "None", "otherNonOperatingIncome": "2000000", "depreciation": "None", "depreciationAndAmortization": "105000000", "incomeBeforeTax": "-517000000", "incomeTaxExpense": "-124000000", "interestAndDebtExpense": "None", "netIncomeFromContinuingOperations": "-393000000", "comprehensiveIncomeNetOfTax": "None", "ebit": "220000000", "ebitda": "325000000", "netIncome": "-393000000"}, {"fiscalDateEnding": "2018-01-31", "reportedCurrency": "USD", "grossProfit": "766000000", "totalRevenue": "2180000000", "costOfRevenue": "1414000000", "costofGoodsAndServicesSold": "1414000000", "operatingIncome": "342000000", "sellingGeneralAndAdministrative": "165000000", "researchAndDevelopment": "27000000", "operatingExpenses": "420000000", "investmentIncomeNet": "None", "netInterestIncome": "None", "interestIncome": "None", "interestExpense": "32000000", "nonInterestIncome": "None", "otherNonOperatingIncome": "None", "depreciation": "None", "depreciationAndAmortization": "79000000", "incomeBeforeTax": "211000000", "incomeTaxExpense": "-74000000", "interestAndDebtExpense": "None", "netIncomeFromContinuingOperations": "285000000", "comprehensiveIncomeNetOfTax": "None", "ebit": "379000000", "ebitda": "458000000", "netIncome": "285000000"}, {"fiscalDateEnding": "2017-10-31", "reportedCurrency": "USD", "grossProfit": "783000000", "totalRevenue": "2161000000", "costOfRevenue": "1378000000", "costofGoodsAndServicesSold": "1378000000", "operatingIncome": "381000000", "sellingGeneralAndAdministrative": "149000000", "researchAndDevelopment": "30000000", "operatingExpenses": "398000000", "investmentIncomeNet": "None", "netInterestIncome": "None", "interestIncome": "None", "interestExpense": "31000000", "nonInterestIncome": "None", "otherNonOperatingIncome": "1000000", "depreciation": "None", "depreciationAndAmortization": "82000000", "incomeBeforeTax": "382000000", "incomeTaxExpense": "107000000", "interestAndDebtExpense": "None", "netIncomeFromContinuingOperations": "275000000", "comprehensiveIncomeNetOfTax": "None", "ebit": "387000000", "ebitda": "469000000", "netIncome": "275000000"}, {"fiscalDateEnding": "2017-07-31", "reportedCurrency": "USD", "grossProfit": "715000000", "totalRevenue": "1664000000", "costOfRevenue": "949000000", "costofGoodsAndServicesSold": "949000000", "operatingIncome": "447000000", "sellingGeneralAndAdministrative": "86000000", "researchAndDevelopment": "20000000", "operatingExpenses": "249000000", "investmentIncomeNet": "None", "netInterestIncome": "None", "interestIncome": "None", "interestExpense": "25000000", "nonInterestIncome": "None", "otherNonOperatingIncome": "2000000", "depreciation": "None", "depreciationAndAmortization": "84000000", "incomeBeforeTax": "417000000", "incomeTaxExpense": "99000000", "interestAndDebtExpense": "None", "netIncomeFromContinuingOperations": "318000000", "comprehensiveIncomeNetOfTax": "None", "ebit": "484000000", "ebitda": "568000000", "netIncome": "318000000"}, {"fiscalDateEnding": "2017-04-30", "reportedCurrency": "USD", "grossProfit": "678000000", "totalRevenue": "1853000000", "costOfRevenue": "1175000000", "costofGoodsAndServicesSold": "1175000000", "operatingIncome": "302000000", "sellingGeneralAndAdministrative": "140000000", "researchAndDevelopment": "27000000", "operatingExpenses": "376000000", "investmentIncomeNet": "None", "netInterestIncome": "None", "interestIncome": "None", "interestExpense": "29000000", "nonInterestIncome": "None", "otherNonOperatingIncome": "1000000", "depreciation": "None", "depreciationAndAmortization": "80000000", "incomeBeforeTax": "270000000", "incomeTaxExpense": "94000000", "interestAndDebtExpense": "None", "netIncomeFromContinuingOperations": "176000000", "comprehensiveIncomeNetOfTax": "None", "ebit": "302000000", "ebitda": "382000000", "netIncome": "176000000"}, {"fiscalDateEnding": "2017-01-31", "reportedCurrency": "USD", "grossProfit": "825000000", "totalRevenue": "2171000000", "costOfRevenue": "1346000000", "costofGoodsAndServicesSold": "1346000000", "operatingIncome": "424000000", "sellingGeneralAndAdministrative": "139000000", "researchAndDevelopment": "25000000", "operatingExpenses": "401000000", "investmentIncomeNet": "None", "netInterestIncome": "None", "interestIncome": "None", "interestExpense": "29000000", "nonInterestIncome": "None", "otherNonOperatingIncome": "1000000", "depreciation": "None", "depreciationAndAmortization": "77000000", "incomeBeforeTax": "177000000", "incomeTaxExpense": "76000000", "interestAndDebtExpense": "None", "netIncomeFromContinuingOperations": "101000000", "comprehensiveIncomeNetOfTax": "None", "ebit": "423000000", "ebitda": "500000000", "netIncome": "101000000"}, {"fiscalDateEnding": "2016-10-31", "reportedCurrency": "USD", "grossProfit": "841000000", "totalRevenue": "2202000000", "costOfRevenue": "1361000000", "costofGoodsAndServicesSold": "1361000000", "operatingIncome": "464000000", "sellingGeneralAndAdministrative": "123000000", "researchAndDevelopment": "26000000", "operatingExpenses": "377000000", "investmentIncomeNet": "None", "netInterestIncome": "None", "interestIncome": "None", "interestExpense": "29000000", "nonInterestIncome": "None", "otherNonOperatingIncome": "1000000", "depreciation": "None", "depreciationAndAmortization": "77000000", "incomeBeforeTax": "429000000", "incomeTaxExpense": "137000000", "interestAndDebtExpense": "None", "netIncomeFromContinuingOperations": "292000000", "comprehensiveIncomeNetOfTax": "None", "ebit": "465000000", "ebitda": "542000000", "netIncome": "292000000"}, {"fiscalDateEnding": "2016-07-31", "reportedCurrency": "USD", "grossProfit": "546000000", "totalRevenue": "1687000000", "costOfRevenue": "1141000000", "costofGoodsAndServicesSold": "1141000000", "operatingIncome": "87000000", "sellingGeneralAndAdministrative": "185000000", "researchAndDevelopment": "38000000", "operatingExpenses": "439000000", "investmentIncomeNet": "None", "netInterestIncome": "None", "interestIncome": "None", "interestExpense": "29000000", "nonInterestIncome": "None", "otherNonOperatingIncome": "1000000", "depreciation": "None", "depreciationAndAmortization": "80000000", "incomeBeforeTax": "-65000000", "incomeTaxExpense": "16000000", "interestAndDebtExpense": "None", "netIncomeFromContinuingOperations": "-81000000", "comprehensiveIncomeNetOfTax": "None", "ebit": "106000000", "ebitda": "186000000", "netIncome": "-81000000"}, {"fiscalDateEnding": "2016-04-30", "reportedCurrency": "USD", "grossProfit": "660000000", "totalRevenue": "1870000000", "costOfRevenue": "1210000000", "costofGoodsAndServicesSold": "1210000000", "operatingIncome": "247000000", "sellingGeneralAndAdministrative": "154000000", "researchAndDevelopment": "31000000", "operatingExpenses": "413000000", "investmentIncomeNet": "None", "netInterestIncome": "None", "interestIncome": "None", "interestExpense": "29000000", "nonInterestIncome": "None", "otherNonOperatingIncome": "1000000", "depreciation": "None", "depreciationAndAmortization": "76000000", "incomeBeforeTax": "240000000", "incomeTaxExpense": "55000000", "interestAndDebtExpense": "None", "netIncomeFromContinuingOperations": "185000000", "comprehensiveIncomeNetOfTax": "None", "ebit": "249000000", "ebitda": "325000000", "netIncome": "185000000"}, {"fiscalDateEnding": "2016-01-31", "reportedCurrency": "USD", "grossProfit": "819000000", "totalRevenue": "2201000000", "costOfRevenue": "1382000000", "costofGoodsAndServicesSold": "1382000000", "operatingIncome": "427000000", "sellingGeneralAndAdministrative": "146000000", "researchAndDevelopment": "23000000", "operatingExpenses": "392000000", "investmentIncomeNet": "None", "netInterestIncome": "None", "interestIncome": "None", "interestExpense": "28000000", "nonInterestIncome": "None", "otherNonOperatingIncome": "1000000", "depreciation": "None", "depreciationAndAmortization": "78000000", "incomeBeforeTax": "387000000", "incomeTaxExpense": "122000000", "interestAndDebtExpense": "None", "netIncomeFromContinuingOperations": "265000000", "comprehensiveIncomeNetOfTax": "None", "ebit": "436000000", "ebitda": "514000000", "netIncome": "265000000"}, {"fiscalDateEnding": "2015-10-31", "reportedCurrency": "USD", "grossProfit": "755000000", "totalRevenue": "2203000000", "costOfRevenue": "1448000000", "costofGoodsAndServicesSold": "1448000000", "operatingIncome": "313000000", "sellingGeneralAndAdministrative": "156000000", "researchAndDevelopment": "32000000", "operatingExpenses": "414000000", "investmentIncomeNet": "None", "netInterestIncome": "None", "interestIncome": "None", "interestExpense": "29000000", "nonInterestIncome": "None", "otherNonOperatingIncome": "1000000", "depreciation": "None", "depreciationAndAmortization": "74000000", "incomeBeforeTax": "287000000", "incomeTaxExpense": "93000000", "interestAndDebtExpense": "None", "netIncomeFromContinuingOperations": "194000000", "comprehensiveIncomeNetOfTax": "None", "ebit": "362000000", "ebitda": "436000000", "netIncome": "194000000"}, {"fiscalDateEnding": "2015-07-31", "reportedCurrency": "USD", "grossProfit": "612000000", "totalRevenue": "1693000000", "costOfRevenue": "1081000000", "costofGoodsAndServicesSold": "1081000000", "operatingIncome": "204000000", "sellingGeneralAndAdministrative": "177000000", "researchAndDevelopment": "28000000", "operatingExpenses": "381000000", "investmentIncomeNet": "None", "netInterestIncome": "None", "interestIncome": "None", "interestExpense": "27000000", "nonInterestIncome": "None", "otherNonOperatingIncome": "None", "depreciation": "None", "depreciationAndAmortization": "80000000", "incomeBeforeTax": "101000000", "incomeTaxExpense": "33000000", "interestAndDebtExpense": "None", "netIncomeFromContinuingOperations": "68000000", "comprehensiveIncomeNetOfTax": "None", "ebit": "324000000", "ebitda": "404000000", "netIncome": "68000000"}, {"fiscalDateEnding": "2015-04-30", "reportedCurrency": "USD", "grossProfit": "682000000", "totalRevenue": "1900000000", "costOfRevenue": "1218000000", "costofGoodsAndServicesSold": "1218000000", "operatingIncome": "299000000", "sellingGeneralAndAdministrative": "141000000", "researchAndDevelopment": "29000000", "operatingExpenses": "383000000", "investmentIncomeNet": "None", "netInterestIncome": "None", "interestIncome": "None", "interestExpense": "29000000", "nonInterestIncome": "None", "otherNonOperatingIncome": "1000000", "depreciation": "None", "depreciationAndAmortization": "74000000", "incomeBeforeTax": "259000000", "incomeTaxExpense": "77000000", "interestAndDebtExpense": "None", "netIncomeFromContinuingOperations": "182000000", "comprehensiveIncomeNetOfTax": "None", "ebit": "308000000", "ebitda": "382000000", "netIncome": "182000000"}, {"fiscalDateEnding": "2015-01-31", "reportedCurrency": "USD", "grossProfit": "728000000", "totalRevenue": "2234000000", "costOfRevenue": "1506000000", "costofGoodsAndServicesSold": "1506000000", "operatingIncome": "319000000", "sellingGeneralAndAdministrative": "140000000", "researchAndDevelopment": "27000000", "operatingExpenses": "409000000", "investmentIncomeNet": "None", "netInterestIncome": "None", "interestIncome": "None", "interestExpense": "26000000", "nonInterestIncome": "None", "otherNonOperatingIncome": "1000000", "depreciation": "None", "depreciationAndAmortization": "74000000", "incomeBeforeTax": "287000000", "incomeTaxExpense": "80000000", "interestAndDebtExpense": "None", "netIncomeFromContinuingOperations": "207000000", "comprehensiveIncomeNetOfTax": "None", "ebit": "319000000", "ebitda": "393000000", "netIncome": "207000000"}, {"fiscalDateEnding": "2014-10-31", "reportedCurrency": "USD", "grossProfit": "783000000", "totalRevenue": "2255000000", "costOfRevenue": "1472000000", "costofGoodsAndServicesSold": "1472000000", "operatingIncome": "372000000", "sellingGeneralAndAdministrative": "135000000", "researchAndDevelopment": "29000000", "operatingExpenses": "411000000", "investmentIncomeNet": "None", "netInterestIncome": "None", "interestIncome": "None", "interestExpense": "26000000", "nonInterestIncome": "None", "otherNonOperatingIncome": "1000000", "depreciation": "None", "depreciationAndAmortization": "75000000", "incomeBeforeTax": "343000000", "incomeTaxExpense": "109000000", "interestAndDebtExpense": "None", "netIncomeFromContinuingOperations": "234000000", "comprehensiveIncomeNetOfTax": "None", "ebit": "372000000", "ebitda": "447000000", "netIncome": "234000000"}, {"fiscalDateEnding": "2014-07-31", "reportedCurrency": "USD", "grossProfit": "631000000", "totalRevenue": "1852000000", "costOfRevenue": "1221000000", "costofGoodsAndServicesSold": "1221000000", "operatingIncome": "242000000", "sellingGeneralAndAdministrative": "149000000", "researchAndDevelopment": "33000000", "operatingExpenses": "371000000", "investmentIncomeNet": "None", "netInterestIncome": "None", "interestIncome": "None", "interestExpense": "31000000", "nonInterestIncome": "None", "otherNonOperatingIncome": "1000000", "depreciation": "None", "depreciationAndAmortization": "83000000", "incomeBeforeTax": "204000000", "incomeTaxExpense": "69000000", "interestAndDebtExpense": "None", "netIncomeFromContinuingOperations": "135000000", "comprehensiveIncomeNetOfTax": "None", "ebit": "197000000", "ebitda": "280000000", "netIncome": "137000000"}, {"fiscalDateEnding": "2014-04-30", "reportedCurrency": "USD", "grossProfit": "676000000", "totalRevenue": "1970000000", "costOfRevenue": "1294000000", "costofGoodsAndServicesSold": "1294000000", "operatingIncome": "295000000", "sellingGeneralAndAdministrative": "134000000", "researchAndDevelopment": "30000000", "operatingExpenses": "381000000", "investmentIncomeNet": "None", "netInterestIncome": "None", "interestIncome": "None", "interestExpense": "31000000", "nonInterestIncome": "None", "otherNonOperatingIncome": "1000000", "depreciation": "None", "depreciationAndAmortization": "74000000", "incomeBeforeTax": "262000000", "incomeTaxExpense": "79000000", "interestAndDebtExpense": "None", "netIncomeFromContinuingOperations": "183000000", "comprehensiveIncomeNetOfTax": "None", "ebit": "222000000", "ebitda": "296000000", "netIncome": "184000000"}, {"fiscalDateEnding": "2014-01-31", "reportedCurrency": "USD", "grossProfit": "814000000", "totalRevenue": "2281000000", "costOfRevenue": "1467000000", "costofGoodsAndServicesSold": "1467000000", "operatingIncome": "377000000", "sellingGeneralAndAdministrative": "142000000", "researchAndDevelopment": "27000000", "operatingExpenses": "437000000", "investmentIncomeNet": "None", "netInterestIncome": "None", "interestIncome": "None", "interestExpense": "29000000", "nonInterestIncome": "None", "otherNonOperatingIncome": "None", "depreciation": "None", "depreciationAndAmortization": "74000000", "incomeBeforeTax": "332000000", "incomeTaxExpense": "104000000", "interestAndDebtExpense": "None", "netIncomeFromContinuingOperations": "228000000", "comprehensiveIncomeNetOfTax": "None", "ebit": "316000000", "ebitda": "390000000", "netIncome": "325000000"}, {"fiscalDateEnding": "2013-10-31", "reportedCurrency": "USD", "grossProfit": "777000000", "totalRevenue": "2165000000", "costOfRevenue": "1388000000", "costofGoodsAndServicesSold": "1388000000", "operatingIncome": "337000000", "sellingGeneralAndAdministrative": "148000000", "researchAndDevelopment": "31000000", "operatingExpenses": "440000000", "investmentIncomeNet": "None", "netInterestIncome": "None", "interestIncome": "None", "interestExpense": "31000000", "nonInterestIncome": "None", "otherNonOperatingIncome": "1000000", "depreciation": "None", "depreciationAndAmortization": "74000000", "incomeBeforeTax": "275000000", "incomeTaxExpense": "95000000", "interestAndDebtExpense": "None", "netIncomeFromContinuingOperations": "180000000", "comprehensiveIncomeNetOfTax": "None", "ebit": "284000000", "ebitda": "358000000", "netIncome": "172000000"}, {"fiscalDateEnding": "2013-07-31", "reportedCurrency": "USD", "grossProfit": "623000000", "totalRevenue": "1723000000", "costOfRevenue": "1100000000", "costofGoodsAndServicesSold": "1100000000", "operatingIncome": "133000000", "sellingGeneralAndAdministrative": "195000000", "researchAndDevelopment": "34000000", "operatingExpenses": "420000000", "investmentIncomeNet": "None", "netInterestIncome": "None", "interestIncome": "None", "interestExpense": "33000000", "nonInterestIncome": "None", "otherNonOperatingIncome": "3000000", "depreciation": "None", "depreciationAndAmortization": "89000000", "incomeBeforeTax": "92000000", "incomeTaxExpense": "33000000", "interestAndDebtExpense": "None", "netIncomeFromContinuingOperations": "71000000", "comprehensiveIncomeNetOfTax": "None", "ebit": "134000000", "ebitda": "223000000", "netIncome": "-158000000"}, {"fiscalDateEnding": "2013-04-30", "reportedCurrency": "USD", "grossProfit": "748000000", "totalRevenue": "2094000000", "costOfRevenue": "1346000000", "costofGoodsAndServicesSold": "1346000000", "operatingIncome": "277000000", "sellingGeneralAndAdministrative": "172000000", "researchAndDevelopment": "37000000", "operatingExpenses": "471000000", "investmentIncomeNet": "None", "netInterestIncome": "None", "interestIncome": "None", "interestExpense": "33000000", "nonInterestIncome": "None", "otherNonOperatingIncome": "2000000", "depreciation": "None", "depreciationAndAmortization": "99000000", "incomeBeforeTax": "241000000", "incomeTaxExpense": "62000000", "interestAndDebtExpense": "None", "netIncomeFromContinuingOperations": "179000000", "comprehensiveIncomeNetOfTax": "None", "ebit": "179000000", "ebitda": "278000000", "netIncome": "181000000"}, {"fiscalDateEnding": "2013-01-31", "reportedCurrency": "USD", "grossProfit": "819000000", "totalRevenue": "2333000000", "costOfRevenue": "1514000000", "costofGoodsAndServicesSold": "1514000000", "operatingIncome": "316000000", "sellingGeneralAndAdministrative": "172000000", "researchAndDevelopment": "34000000", "operatingExpenses": "503000000", "investmentIncomeNet": "None", "netInterestIncome": "None", "interestIncome": "None", "interestExpense": "33000000", "nonInterestIncome": "None", "otherNonOperatingIncome": "2000000", "depreciation": "None", "depreciationAndAmortization": "121000000", "incomeBeforeTax": "270000000", "incomeTaxExpense": "83000000", "interestAndDebtExpense": "None", "netIncomeFromContinuingOperations": "187000000", "comprehensiveIncomeNetOfTax": "None", "ebit": "203000000", "ebitda": "324000000", "netIncome": "190000000"}, {"fiscalDateEnding": "2012-10-31", "reportedCurrency": "USD", "grossProfit": "865000000", "totalRevenue": "2336000000", "costOfRevenue": "1471000000", "costofGoodsAndServicesSold": "1471000000", "operatingIncome": "374000000", "sellingGeneralAndAdministrative": "162000000", "researchAndDevelopment": "29000000", "operatingExpenses": "458000000", "investmentIncomeNet": "None", "netInterestIncome": "None", "interestIncome": "None", "interestExpense": "36000000", "nonInterestIncome": "None", "otherNonOperatingIncome": "3000000", "depreciation": "None", "depreciationAndAmortization": "98000000", "incomeBeforeTax": "352000000", "incomeTaxExpense": "109000000", "interestAndDebtExpense": "None", "netIncomeFromContinuingOperations": "243000000", "comprehensiveIncomeNetOfTax": "None", "ebit": "331000000", "ebitda": "429000000", "netIncome": "245000000"}, {"fiscalDateEnding": "2012-07-31", "reportedCurrency": "USD", "grossProfit": "621000000", "totalRevenue": "1613000000", "costOfRevenue": "992000000", "costofGoodsAndServicesSold": "992000000", "operatingIncome": "213000000", "sellingGeneralAndAdministrative": "170000000", "researchAndDevelopment": "34000000", "operatingExpenses": "417000000", "investmentIncomeNet": "None", "netInterestIncome": "None", "interestIncome": "None", "interestExpense": "25000000", "nonInterestIncome": "None", "otherNonOperatingIncome": "2000000", "depreciation": "None", "depreciationAndAmortization": "73000000", "incomeBeforeTax": "178000000", "incomeTaxExpense": "53000000", "interestAndDebtExpense": "None", "netIncomeFromContinuingOperations": "125000000", "comprehensiveIncomeNetOfTax": "None", "ebit": "131000000", "ebitda": "204000000", "netIncome": "127000000"}, {"fiscalDateEnding": "2012-04-30", "reportedCurrency": "USD", "grossProfit": "706000000", "totalRevenue": "1821000000", "costOfRevenue": "1115000000", "costofGoodsAndServicesSold": "1115000000", "operatingIncome": "268000000", "sellingGeneralAndAdministrative": "144000000", "researchAndDevelopment": "32000000", "operatingExpenses": "438000000", "investmentIncomeNet": "None", "netInterestIncome": "None", "interestIncome": "None", "interestExpense": "27000000", "nonInterestIncome": "None", "otherNonOperatingIncome": "2000000", "depreciation": "None", "depreciationAndAmortization": "65000000", "incomeBeforeTax": "237000000", "incomeTaxExpense": "62000000", "interestAndDebtExpense": "None", "netIncomeFromContinuingOperations": "175000000", "comprehensiveIncomeNetOfTax": "None", "ebit": "203000000", "ebitda": "268000000", "netIncome": "177000000"}, {"fiscalDateEnding": "2012-01-31", "reportedCurrency": "USD", "grossProfit": "811000000", "totalRevenue": "2112000000", "costOfRevenue": "1301000000", "costofGoodsAndServicesSold": "1301000000", "operatingIncome": "332000000", "sellingGeneralAndAdministrative": "152000000", "researchAndDevelopment": "29000000", "operatingExpenses": "479000000", "investmentIncomeNet": "None", "netInterestIncome": "None", "interestIncome": "None", "interestExpense": "26000000", "nonInterestIncome": "None", "otherNonOperatingIncome": "2000000", "depreciation": "None", "depreciationAndAmortization": "61000000", "incomeBeforeTax": "303000000", "incomeTaxExpense": "102000000", "interestAndDebtExpense": "None", "netIncomeFromContinuingOperations": "201000000", "comprehensiveIncomeNetOfTax": "None", "ebit": "271000000", "ebitda": "332000000", "netIncome": "205000000"}, {"fiscalDateEnding": "2011-10-31", "reportedCurrency": "USD", "grossProfit": "854000000", "totalRevenue": "2161000000", "costOfRevenue": "1307000000", "costofGoodsAndServicesSold": "1307000000", "operatingIncome": "418000000", "sellingGeneralAndAdministrative": "145000000", "researchAndDevelopment": "30000000", "operatingExpenses": "436000000", "investmentIncomeNet": "None", "netInterestIncome": "None", "interestIncome": "None", "interestExpense": "30000000", "nonInterestIncome": "None", "otherNonOperatingIncome": "2000000", "depreciation": "None", "depreciationAndAmortization": "63000000", "incomeBeforeTax": "388000000", "incomeTaxExpense": "125000000", "interestAndDebtExpense": "None", "netIncomeFromContinuingOperations": "263000000", "comprehensiveIncomeNetOfTax": "None", "ebit": "357000000", "ebitda": "420000000", "netIncome": "265000000"}, {"fiscalDateEnding": "2011-07-31", "reportedCurrency": "USD", "grossProfit": "639000000", "totalRevenue": "1607000000", "costOfRevenue": "968000000", "costofGoodsAndServicesSold": "968000000", "operatingIncome": "242000000", "sellingGeneralAndAdministrative": "170000000", "researchAndDevelopment": "34000000", "operatingExpenses": "397000000", "investmentIncomeNet": "None", "netInterestIncome": "None", "interestIncome": "None", "interestExpense": "29000000", "nonInterestIncome": "None", "otherNonOperatingIncome": "3000000", "depreciation": "None", "depreciationAndAmortization": "74000000", "incomeBeforeTax": "143000000", "incomeTaxExpense": "45000000", "interestAndDebtExpense": "None", "netIncomeFromContinuingOperations": "98000000", "comprehensiveIncomeNetOfTax": "None", "ebit": "240000000", "ebitda": "314000000", "netIncome": "100000000"}, {"fiscalDateEnding": "2011-04-30", "reportedCurrency": "USD", "grossProfit": "732000000", "totalRevenue": "1813000000", "costOfRevenue": "1081000000", "costofGoodsAndServicesSold": "1081000000", "operatingIncome": "307000000", "sellingGeneralAndAdministrative": "148000000", "researchAndDevelopment": "33000000", "operatingExpenses": "425000000", "investmentIncomeNet": "None", "netInterestIncome": "None", "interestIncome": "None", "interestExpense": "24000000", "nonInterestIncome": "None", "otherNonOperatingIncome": "3000000", "depreciation": "None", "depreciationAndAmortization": "65000000", "incomeBeforeTax": "283000000", "incomeTaxExpense": "97000000", "interestAndDebtExpense": "None", "netIncomeFromContinuingOperations": "186000000", "comprehensiveIncomeNetOfTax": "None", "ebit": "242000000", "ebitda": "307000000", "netIncome": "187000000"}, {"fiscalDateEnding": "2011-01-31", "reportedCurrency": "USD", "grossProfit": "838000000", "totalRevenue": "2127000000", "costOfRevenue": "1289000000", "costofGoodsAndServicesSold": "1289000000", "operatingIncome": "359000000", "sellingGeneralAndAdministrative": "154000000", "researchAndDevelopment": "31000000", "operatingExpenses": "479000000", "investmentIncomeNet": "None", "netInterestIncome": "None", "interestIncome": "None", "interestExpense": "34000000", "nonInterestIncome": "None", "otherNonOperatingIncome": "3000000", "depreciation": "None", "depreciationAndAmortization": "64000000", "incomeBeforeTax": "328000000", "incomeTaxExpense": "89000000", "interestAndDebtExpense": "None", "netIncomeFromContinuingOperations": "239000000", "comprehensiveIncomeNetOfTax": "None", "ebit": "362000000", "ebitda": "426000000", "netIncome": "239000000"}, {"fiscalDateEnding": "2010-10-31", "reportedCurrency": "USD", "grossProfit": "894000000", "totalRevenue": "2172000000", "costOfRevenue": "1278000000", "costofGoodsAndServicesSold": "1278000000", "operatingIncome": "444000000", "sellingGeneralAndAdministrative": "140000000", "researchAndDevelopment": "31000000", "operatingExpenses": "450000000", "investmentIncomeNet": "None", "netInterestIncome": "None", "interestIncome": "None", "interestExpense": "32000000", "nonInterestIncome": "None", "otherNonOperatingIncome": "2000000", "depreciation": "None", "depreciationAndAmortization": "65000000", "incomeBeforeTax": "414000000", "incomeTaxExpense": "135000000", "interestAndDebtExpense": "None", "netIncomeFromContinuingOperations": "279000000", "comprehensiveIncomeNetOfTax": "None", "ebit": "381000000", "ebitda": "446000000", "netIncome": "279000000"}, {"fiscalDateEnding": "2010-07-31", "reportedCurrency": "USD", "grossProfit": "613000000", "totalRevenue": "1518000000", "costOfRevenue": "905000000", "costofGoodsAndServicesSold": "905000000", "operatingIncome": "164000000", "sellingGeneralAndAdministrative": "167000000", "researchAndDevelopment": "35000000", "operatingExpenses": "423000000", "investmentIncomeNet": "None", "netInterestIncome": "None", "interestIncome": "None", "interestExpense": "28000000", "nonInterestIncome": "None", "otherNonOperatingIncome": "2000000", "depreciation": "None", "depreciationAndAmortization": "66000000", "incomeBeforeTax": "161000000", "incomeTaxExpense": "48000000", "interestAndDebtExpense": "None", "netIncomeFromContinuingOperations": "113000000", "comprehensiveIncomeNetOfTax": "None", "ebit": "190000000", "ebitda": "256000000", "netIncome": "113000000"}, {"fiscalDateEnding": "2010-04-30", "reportedCurrency": "USD", "grossProfit": "743000000", "totalRevenue": "1802000000", "costOfRevenue": "1059000000", "costofGoodsAndServicesSold": "1059000000", "operatingIncome": "304000000", "sellingGeneralAndAdministrative": "252000000", "researchAndDevelopment": "31000000", "operatingExpenses": "439000000", "investmentIncomeNet": "None", "netInterestIncome": "None", "interestIncome": "None", "interestExpense": "29000000", "nonInterestIncome": "None", "otherNonOperatingIncome": "2000000", "depreciation": "None", "depreciationAndAmortization": "63000000", "incomeBeforeTax": "265000000", "incomeTaxExpense": "97000000", "interestAndDebtExpense": "None", "netIncomeFromContinuingOperations": "168000000", "comprehensiveIncomeNetOfTax": "None", "ebit": "253000000", "ebitda": "316000000", "netIncome": "168000000"}, {"fiscalDateEnding": "2010-01-31", "reportedCurrency": "USD", "grossProfit": "871000000", "totalRevenue": "2153000000", "costOfRevenue": "1282000000", "costofGoodsAndServicesSold": "1282000000", "operatingIncome": "393000000", "sellingGeneralAndAdministrative": "301000000", "researchAndDevelopment": "28000000", "operatingExpenses": "480000000", "investmentIncomeNet": "None", "netInterestIncome": "None", "interestIncome": "None", "interestExpense": "27000000", "nonInterestIncome": "None", "otherNonOperatingIncome": "1000000", "depreciation": "None", "depreciationAndAmortization": "62000000", "incomeBeforeTax": "365000000", "incomeTaxExpense": "106000000", "interestAndDebtExpense": "None", "netIncomeFromContinuingOperations": "259000000", "comprehensiveIncomeNetOfTax": "None", "ebit": "329000000", "ebitda": "391000000", "netIncome": "259000000"}, {"fiscalDateEnding": "2009-10-31", "reportedCurrency": "USD", "grossProfit": "923000000", "totalRevenue": "2203000000", "costOfRevenue": "1280000000", "costofGoodsAndServicesSold": "1280000000", "operatingIncome": "477000000", "sellingGeneralAndAdministrative": "284000000", "researchAndDevelopment": "29000000", "operatingExpenses": "445000000", "investmentIncomeNet": "None", "netInterestIncome": "None", "interestIncome": "None", "interestExpense": "27000000", "nonInterestIncome": "None", "otherNonOperatingIncome": "1000000", "depreciation": "None", "depreciationAndAmortization": "60000000", "incomeBeforeTax": "451000000", "incomeTaxExpense": "147000000", "interestAndDebtExpense": "None", "netIncomeFromContinuingOperations": "304000000", "comprehensiveIncomeNetOfTax": "None", "ebit": "418000000", "ebitda": "478000000", "netIncome": "304000000"}, {"fiscalDateEnding": "2009-07-31", "reportedCurrency": "USD", "grossProfit": "635000000", "totalRevenue": "1528000000", "costOfRevenue": "893000000", "costofGoodsAndServicesSold": "893000000", "operatingIncome": "184000000", "sellingGeneralAndAdministrative": "184000000", "researchAndDevelopment": "31000000", "operatingExpenses": "424000000", "investmentIncomeNet": "None", "netInterestIncome": "None", "interestIncome": "None", "interestExpense": "27000000", "nonInterestIncome": "None", "otherNonOperatingIncome": "None", "depreciation": "None", "depreciationAndAmortization": "69000000", "incomeBeforeTax": "122000000", "incomeTaxExpense": "53000000", "interestAndDebtExpense": "None", "netIncomeFromContinuingOperations": "0", "comprehensiveIncomeNetOfTax": "None", "ebit": "149000000", "ebitda": "218000000", "netIncome": "69000000"}, {"fiscalDateEnding": "2009-04-30", "reportedCurrency": "USD", "grossProfit": "685000000", "totalRevenue": "1686000000", "costOfRevenue": "1001000000", "costofGoodsAndServicesSold": "1001000000", "operatingIncome": "283000000", "sellingGeneralAndAdministrative": "129000000", "researchAndDevelopment": "27000000", "operatingExpenses": "402000000", "investmentIncomeNet": "None", "netInterestIncome": "None", "interestIncome": "None", "interestExpense": "26000000", "nonInterestIncome": "None", "otherNonOperatingIncome": "None", "depreciation": "None", "depreciationAndAmortization": "62000000", "incomeBeforeTax": "260000000", "incomeTaxExpense": "86000000", "interestAndDebtExpense": "None", "netIncomeFromContinuingOperations": "0", "comprehensiveIncomeNetOfTax": "None", "ebit": "286000000", "ebitda": "348000000", "netIncome": "174000000"}, {"fiscalDateEnding": "2009-01-31", "reportedCurrency": "USD", "grossProfit": "837000000", "totalRevenue": "2122000000", "costOfRevenue": "1285000000", "costofGoodsAndServicesSold": "1285000000", "operatingIncome": "357000000", "sellingGeneralAndAdministrative": "138000000", "researchAndDevelopment": "27000000", "operatingExpenses": "480000000", "investmentIncomeNet": "None", "netInterestIncome": "None", "interestIncome": "None", "interestExpense": "25000000", "nonInterestIncome": "None", "otherNonOperatingIncome": "None", "depreciation": "None", "depreciationAndAmortization": "67000000", "incomeBeforeTax": "330000000", "incomeTaxExpense": "101000000", "interestAndDebtExpense": "None", "netIncomeFromContinuingOperations": "0", "comprehensiveIncomeNetOfTax": "None", "ebit": "359000000", "ebitda": "426000000", "netIncome": "233000000"}, {"fiscalDateEnding": "2008-10-31", "reportedCurrency": "USD", "grossProfit": "871000000", "totalRevenue": "2250000000", "costOfRevenue": "1379000000", "costofGoodsAndServicesSold": "1379000000", "operatingIncome": "395000000", "sellingGeneralAndAdministrative": "140000000", "researchAndDevelopment": "29000000", "operatingExpenses": "476000000", "investmentIncomeNet": "None", "netInterestIncome": "None", "interestIncome": "None", "interestExpense": "32000000", "nonInterestIncome": "None", "otherNonOperatingIncome": "None", "depreciation": "None", "depreciationAndAmortization": "66000000", "incomeBeforeTax": "367000000", "incomeTaxExpense": "107000000", "interestAndDebtExpense": "None", "netIncomeFromContinuingOperations": "0", "comprehensiveIncomeNetOfTax": "None", "ebit": "391000000", "ebitda": "457000000", "netIncome": "260000000"}, {"fiscalDateEnding": "2008-07-31", "reportedCurrency": "USD", "grossProfit": "664000000", "totalRevenue": "1715000000", "costOfRevenue": "1051000000", "costofGoodsAndServicesSold": "1051000000", "operatingIncome": "200000000", "sellingGeneralAndAdministrative": "168000000", "researchAndDevelopment": "33000000", "operatingExpenses": "464000000", "investmentIncomeNet": "None", "netInterestIncome": "None", "interestIncome": "None", "interestExpense": "167000000", "nonInterestIncome": "None", "otherNonOperatingIncome": "None", "depreciation": "None", "depreciationAndAmortization": "86000000", "incomeBeforeTax": "150000000", "incomeTaxExpense": "61000000", "interestAndDebtExpense": "None", "netIncomeFromContinuingOperations": "0", "comprehensiveIncomeNetOfTax": "None", "ebit": "212000000", "ebitda": "298000000", "netIncome": "89000000"}, {"fiscalDateEnding": "2008-04-30", "reportedCurrency": "USD", "grossProfit": "726000000", "totalRevenue": "1880000000", "costOfRevenue": "1154000000", "costofGoodsAndServicesSold": "1154000000", "operatingIncome": "254000000", "sellingGeneralAndAdministrative": "158000000", "researchAndDevelopment": "30000000", "operatingExpenses": "472000000", "investmentIncomeNet": "None", "netInterestIncome": "None", "interestIncome": "None", "interestExpense": "37000000", "nonInterestIncome": "None", "otherNonOperatingIncome": "None", "depreciation": "None", "depreciationAndAmortization": "70000000", "incomeBeforeTax": "45000000", "incomeTaxExpense": "-9000000", "interestAndDebtExpense": "None", "netIncomeFromContinuingOperations": "0", "comprehensiveIncomeNetOfTax": "None", "ebit": "426000000", "ebitda": "496000000", "netIncome": "532000000"}, {"fiscalDateEnding": "2008-01-31", "reportedCurrency": "USD", "grossProfit": "889000000", "totalRevenue": "2218000000", "costOfRevenue": "1329000000", "costofGoodsAndServicesSold": "1329000000", "operatingIncome": "404000000", "sellingGeneralAndAdministrative": "193000000", "researchAndDevelopment": "25000000", "operatingExpenses": "485000000", "investmentIncomeNet": "None", "netInterestIncome": "None", "interestIncome": "None", "interestExpense": "42000000", "nonInterestIncome": "None", "otherNonOperatingIncome": "None", "depreciation": "None", "depreciationAndAmortization": "70000000", "incomeBeforeTax": "358000000", "incomeTaxExpense": "98000000", "interestAndDebtExpense": "None", "netIncomeFromContinuingOperations": "0", "comprehensiveIncomeNetOfTax": "None", "ebit": "408000000", "ebitda": "478000000", "netIncome": "274000000"}, {"fiscalDateEnding": "2007-10-31", "reportedCurrency": "USD", "grossProfit": "954000000", "totalRevenue": "2298000000", "costOfRevenue": "1344000000", "costofGoodsAndServicesSold": "1344000000", "operatingIncome": "427000000", "sellingGeneralAndAdministrative": "152000000", "researchAndDevelopment": "27000000", "operatingExpenses": "527000000", "investmentIncomeNet": "None", "netInterestIncome": "None", "interestIncome": "None", "interestExpense": "42000000", "nonInterestIncome": "None", "otherNonOperatingIncome": "None", "depreciation": "None", "depreciationAndAmortization": "68000000", "incomeBeforeTax": "431000000", "incomeTaxExpense": "119000000", "interestAndDebtExpense": "None", "netIncomeFromContinuingOperations": "0", "comprehensiveIncomeNetOfTax": "None", "ebit": "423000000", "ebitda": "491000000", "netIncome": "270000000"}, {"fiscalDateEnding": "2007-07-31", "reportedCurrency": "USD", "grossProfit": "639000000", "totalRevenue": "1594000000", "costOfRevenue": "955000000", "costofGoodsAndServicesSold": "955000000", "operatingIncome": "116000000", "sellingGeneralAndAdministrative": "122000000", "researchAndDevelopment": "35000000", "operatingExpenses": "523000000", "investmentIncomeNet": "None", "netInterestIncome": "None", "interestIncome": "None", "interestExpense": "163000000", "nonInterestIncome": "None", "otherNonOperatingIncome": "None", "depreciation": "None", "depreciationAndAmortization": "82000000", "incomeBeforeTax": "92000000", "incomeTaxExpense": "39000000", "interestAndDebtExpense": "None", "netIncomeFromContinuingOperations": "0", "comprehensiveIncomeNetOfTax": "None", "ebit": "103000000", "ebitda": "185000000", "netIncome": "61000000"}, {"fiscalDateEnding": "2007-04-30", "reportedCurrency": "USD", "grossProfit": "774000000", "totalRevenue": "1868000000", "costOfRevenue": "1094000000", "costofGoodsAndServicesSold": "1094000000", "operatingIncome": "277000000", "sellingGeneralAndAdministrative": "135000000", "researchAndDevelopment": "26000000", "operatingExpenses": "497000000", "investmentIncomeNet": "None", "netInterestIncome": "None", "interestIncome": "None", "interestExpense": "27000000", "nonInterestIncome": "None", "otherNonOperatingIncome": "None", "depreciation": "None", "depreciationAndAmortization": "69000000", "incomeBeforeTax": "254000000", "incomeTaxExpense": "37000000", "interestAndDebtExpense": "None", "netIncomeFromContinuingOperations": "0", "comprehensiveIncomeNetOfTax": "None", "ebit": "273000000", "ebitda": "342000000", "netIncome": "217000000"}, {"fiscalDateEnding": "2007-01-31", "reportedCurrency": "USD", "grossProfit": "966000000", "totalRevenue": "2252000000", "costOfRevenue": "1286000000", "costofGoodsAndServicesSold": "1286000000", "operatingIncome": "425000000", "sellingGeneralAndAdministrative": "84000000", "researchAndDevelopment": "25000000", "operatingExpenses": "541000000", "investmentIncomeNet": "None", "netInterestIncome": "None", "interestIncome": "None", "interestExpense": "38000000", "nonInterestIncome": "None", "otherNonOperatingIncome": "None", "depreciation": "None", "depreciationAndAmortization": "68000000", "incomeBeforeTax": "406000000", "incomeTaxExpense": "122000000", "interestAndDebtExpense": "None", "netIncomeFromContinuingOperations": "0", "comprehensiveIncomeNetOfTax": "None", "ebit": "405000000", "ebitda": "473000000", "netIncome": "285000000"}, {"fiscalDateEnding": "2006-10-31", "reportedCurrency": "USD", "grossProfit": "917000000", "totalRevenue": "2153000000", "costOfRevenue": "1236000000", "costofGoodsAndServicesSold": "1236000000", "operatingIncome": "440000000", "sellingGeneralAndAdministrative": "135000000", "researchAndDevelopment": "26000000", "operatingExpenses": "477000000", "investmentIncomeNet": "None", "netInterestIncome": "None", "interestIncome": "None", "interestExpense": "41000000", "nonInterestIncome": "None", "otherNonOperatingIncome": "None", "depreciation": "None", "depreciationAndAmortization": "64000000", "incomeBeforeTax": "397000000", "incomeTaxExpense": "128000000", "interestAndDebtExpense": "None", "netIncomeFromContinuingOperations": "0", "comprehensiveIncomeNetOfTax": "None", "ebit": "442000000", "ebitda": "506000000", "netIncome": "291000000"}, {"fiscalDateEnding": "2006-07-31", "reportedCurrency": "USD", "grossProfit": "499000000", "totalRevenue": "1116000000", "costOfRevenue": "617000000", "costofGoodsAndServicesSold": "617000000", "operatingIncome": "76000000", "sellingGeneralAndAdministrative": "202000000", "researchAndDevelopment": "26000000", "operatingExpenses": "423000000", "investmentIncomeNet": "None", "netInterestIncome": "None", "interestIncome": "None", "interestExpense": "165000000", "nonInterestIncome": "None", "otherNonOperatingIncome": "None", "depreciation": "None", "depreciationAndAmortization": "77000000", "incomeBeforeTax": "32000000", "incomeTaxExpense": "-1000000", "interestAndDebtExpense": "None", "netIncomeFromContinuingOperations": "0", "comprehensiveIncomeNetOfTax": "None", "ebit": "80000000", "ebitda": "157000000", "netIncome": "44000000"}, {"fiscalDateEnding": "2006-04-30", "reportedCurrency": "USD", "grossProfit": "747000000", "totalRevenue": "1836000000", "costOfRevenue": "1089000000", "costofGoodsAndServicesSold": "1089000000", "operatingIncome": "277000000", "sellingGeneralAndAdministrative": "445000000", "researchAndDevelopment": "25000000", "operatingExpenses": "470000000", "investmentIncomeNet": "None", "netInterestIncome": "None", "interestIncome": "None", "interestExpense": "40000000", "nonInterestIncome": "None", "otherNonOperatingIncome": "None", "depreciation": "None", "depreciationAndAmortization": "75000000", "incomeBeforeTax": "234000000", "incomeTaxExpense": "68000000", "interestAndDebtExpense": "None", "netIncomeFromContinuingOperations": "0", "comprehensiveIncomeNetOfTax": "None", "ebit": "279000000", "ebitda": "354000000", "netIncome": "166000000"}, {"fiscalDateEnding": "2006-01-31", "reportedCurrency": "USD", "grossProfit": "947000000", "totalRevenue": "2281000000", "costOfRevenue": "1334000000", "costofGoodsAndServicesSold": "1334000000", "operatingIncome": "403000000", "sellingGeneralAndAdministrative": "136000000", "researchAndDevelopment": "24000000", "operatingExpenses": "544000000", "investmentIncomeNet": "None", "netInterestIncome": "None", "interestIncome": "None", "interestExpense": "43000000", "nonInterestIncome": "None", "otherNonOperatingIncome": "None", "depreciation": "None", "depreciationAndAmortization": "68000000", "incomeBeforeTax": "360000000", "incomeTaxExpense": "106000000", "interestAndDebtExpense": "None", "netIncomeFromContinuingOperations": "0", "comprehensiveIncomeNetOfTax": "None", "ebit": "403000000", "ebitda": "471000000", "netIncome": "254000000"}, {"fiscalDateEnding": "2005-10-31", "reportedCurrency": "USD", "grossProfit": "882000000", "totalRevenue": "2110000000", "costOfRevenue": "1228000000", "costofGoodsAndServicesSold": "1228000000", "operatingIncome": "400000000", "sellingGeneralAndAdministrative": "123000000", "researchAndDevelopment": "24000000", "operatingExpenses": "482000000", "investmentIncomeNet": "None", "netInterestIncome": "None", "interestIncome": "None", "interestExpense": "26000000", "nonInterestIncome": "None", "otherNonOperatingIncome": "None", "depreciation": "None", "depreciationAndAmortization": "69000000", "incomeBeforeTax": "375000000", "incomeTaxExpense": "73000000", "interestAndDebtExpense": "None", "netIncomeFromContinuingOperations": "0", "comprehensiveIncomeNetOfTax": "None", "ebit": "399000000", "ebitda": "468000000", "netIncome": "302000000"}, {"fiscalDateEnding": "2005-07-31", "reportedCurrency": "USD", "grossProfit": "608000000", "totalRevenue": "1498000000", "costOfRevenue": "890000000", "costofGoodsAndServicesSold": "890000000", "operatingIncome": "177000000", "sellingGeneralAndAdministrative": "402000000", "researchAndDevelopment": "27000000", "operatingExpenses": "431000000", "investmentIncomeNet": "None", "netInterestIncome": "None", "interestIncome": "None", "interestExpense": "46000000", "nonInterestIncome": "None", "otherNonOperatingIncome": "None", "depreciation": "None", "depreciationAndAmortization": "72000000", "incomeBeforeTax": "135000000", "incomeTaxExpense": "39000000", "interestAndDebtExpense": "None", "netIncomeFromContinuingOperations": "0", "comprehensiveIncomeNetOfTax": "None", "ebit": "173000000", "ebitda": "245000000", "netIncome": "96000000"}, {"fiscalDateEnding": "2005-04-30", "reportedCurrency": "USD", "grossProfit": "701000000", "totalRevenue": "1736000000", "costOfRevenue": "1035000000", "costofGoodsAndServicesSold": "1035000000", "operatingIncome": "257000000", "sellingGeneralAndAdministrative": "83000000", "researchAndDevelopment": "24000000", "operatingExpenses": "444000000", "investmentIncomeNet": "None", "netInterestIncome": "None", "interestIncome": "None", "interestExpense": "45000000", "nonInterestIncome": "None", "otherNonOperatingIncome": "None", "depreciation": "None", "depreciationAndAmortization": "71000000", "incomeBeforeTax": "214000000", "incomeTaxExpense": "68000000", "interestAndDebtExpense": "None", "netIncomeFromContinuingOperations": "0", "comprehensiveIncomeNetOfTax": "None", "ebit": "255000000", "ebitda": "326000000", "netIncome": "146000000"}, {"fiscalDateEnding": "2005-01-31", "reportedCurrency": "USD", "grossProfit": "902000000", "totalRevenue": "2223000000", "costOfRevenue": "1321000000", "costofGoodsAndServicesSold": "1321000000", "operatingIncome": "387000000", "sellingGeneralAndAdministrative": "129000000", "researchAndDevelopment": "24000000", "operatingExpenses": "515000000", "investmentIncomeNet": "None", "netInterestIncome": "None", "interestIncome": "None", "interestExpense": "45000000", "nonInterestIncome": "None", "otherNonOperatingIncome": "None", "depreciation": "None", "depreciationAndAmortization": "68000000", "incomeBeforeTax": "344000000", "incomeTaxExpense": "109000000", "interestAndDebtExpense": "None", "netIncomeFromContinuingOperations": "0", "comprehensiveIncomeNetOfTax": "None", "ebit": "385000000", "ebitda": "453000000", "netIncome": "235000000"}]}