{"symbol": "MDLZ", "annualReports": [{"fiscalDateEnding": "2024-12-31", "reportedCurrency": "USD", "grossProfit": "14257000000", "totalRevenue": "36441000000", "costOfRevenue": "22184000000", "costofGoodsAndServicesSold": "22184000000", "operatingIncome": "6345000000", "sellingGeneralAndAdministrative": "7439000000", "researchAndDevelopment": "None", "operatingExpenses": "7912000000", "investmentIncomeNet": "None", "netInterestIncome": "-180000000", "interestIncome": "328000000", "interestExpense": "508000000", "nonInterestIncome": "None", "otherNonOperatingIncome": "None", "depreciation": "None", "depreciationAndAmortization": "1302000000", "incomeBeforeTax": "6261000000", "incomeTaxExpense": "1469000000", "interestAndDebtExpense": "None", "netIncomeFromContinuingOperations": "4623000000", "comprehensiveIncomeNetOfTax": "None", "ebit": "6769000000", "ebitda": "8071000000", "netIncome": "4611000000"}, {"fiscalDateEnding": "2023-12-31", "reportedCurrency": "USD", "grossProfit": "13764000000", "totalRevenue": "36016000000", "costOfRevenue": "22252000000", "costofGoodsAndServicesSold": "22252000000", "operatingIncome": "5502000000", "sellingGeneralAndAdministrative": "8002000000", "researchAndDevelopment": "380000000", "operatingExpenses": "8002000000", "investmentIncomeNet": "None", "netInterestIncome": "-309000000", "interestIncome": "241000000", "interestExpense": "310000000", "nonInterestIncome": "None", "otherNonOperatingIncome": "None", "depreciation": "None", "depreciationAndAmortization": "1215000000", "incomeBeforeTax": "5880000000", "incomeTaxExpense": "-1537000000", "interestAndDebtExpense": "None", "netIncomeFromContinuingOperations": "4968000000", "comprehensiveIncomeNetOfTax": "None", "ebit": "5502000000", "ebitda": "5502000000", "netIncome": "4959000000"}, {"fiscalDateEnding": "2022-12-31", "reportedCurrency": "USD", "grossProfit": "11312000000", "totalRevenue": "31496000000", "costOfRevenue": "20184000000", "costofGoodsAndServicesSold": "20184000000", "operatingIncome": "3534000000", "sellingGeneralAndAdministrative": "5714000000", "researchAndDevelopment": "346000000", "operatingExpenses": "7778000000", "investmentIncomeNet": "None", "netInterestIncome": "-423000000", "interestIncome": "134000000", "interestExpense": "428000000", "nonInterestIncome": "None", "otherNonOperatingIncome": "None", "depreciation": "None", "depreciationAndAmortization": "1107000000", "incomeBeforeTax": "3228000000", "incomeTaxExpense": "865000000", "interestAndDebtExpense": "None", "netIncomeFromContinuingOperations": "2726000000", "comprehensiveIncomeNetOfTax": "None", "ebit": "3656000000", "ebitda": "4763000000", "netIncome": "2717000000"}, {"fiscalDateEnding": "2021-12-31", "reportedCurrency": "USD", "grossProfit": "11254000000", "totalRevenue": "28720000000", "costOfRevenue": "17466000000", "costofGoodsAndServicesSold": "17466000000", "operatingIncome": "4653000000", "sellingGeneralAndAdministrative": "4699000000", "researchAndDevelopment": "347000000", "operatingExpenses": "6601000000", "investmentIncomeNet": "None", "netInterestIncome": "-447000000", "interestIncome": "55000000", "interestExpense": "365000000", "nonInterestIncome": "None", "otherNonOperatingIncome": "None", "depreciation": "None", "depreciationAndAmortization": "1113000000", "incomeBeforeTax": "4369000000", "incomeTaxExpense": "1190000000", "interestAndDebtExpense": "None", "netIncomeFromContinuingOperations": "4314000000", "comprehensiveIncomeNetOfTax": "None", "ebit": "4734000000", "ebitda": "5847000000", "netIncome": "4300000000"}, {"fiscalDateEnding": "2020-12-31", "reportedCurrency": "USD", "grossProfit": "10446000000", "totalRevenue": "26581000000", "costOfRevenue": "16135000000", "costofGoodsAndServicesSold": "16135000000", "operatingIncome": "3853000000", "sellingGeneralAndAdministrative": "4722000000", "researchAndDevelopment": "332000000", "operatingExpenses": "6593000000", "investmentIncomeNet": "None", "netInterestIncome": "-608000000", "interestIncome": "None", "interestExpense": "423000000", "nonInterestIncome": "None", "otherNonOperatingIncome": "None", "depreciation": "None", "depreciationAndAmortization": "1116000000", "incomeBeforeTax": "3383000000", "incomeTaxExpense": "1224000000", "interestAndDebtExpense": "None", "netIncomeFromContinuingOperations": "3569000000", "comprehensiveIncomeNetOfTax": "None", "ebit": "3806000000", "ebitda": "4922000000", "netIncome": "3555000000"}, {"fiscalDateEnding": "2019-12-31", "reportedCurrency": "USD", "grossProfit": "10337000000", "totalRevenue": "25868000000", "costOfRevenue": "15531000000", "costofGoodsAndServicesSold": "15531000000", "operatingIncome": "3843000000", "sellingGeneralAndAdministrative": "4928000000", "researchAndDevelopment": "351000000", "operatingExpenses": "6494000000", "investmentIncomeNet": "None", "netInterestIncome": "-484000000", "interestIncome": "498000000", "interestExpense": "484000000", "nonInterestIncome": "None", "otherNonOperatingIncome": "None", "depreciation": "None", "depreciationAndAmortization": "1047000000", "incomeBeforeTax": "3447000000", "incomeTaxExpense": "2000000", "interestAndDebtExpense": "None", "netIncomeFromContinuingOperations": "3885000000", "comprehensiveIncomeNetOfTax": "None", "ebit": "3931000000", "ebitda": "4978000000", "netIncome": "3929000000"}, {"fiscalDateEnding": "2018-12-31", "reportedCurrency": "USD", "grossProfit": "10352000000", "totalRevenue": "25938000000", "costOfRevenue": "15586000000", "costofGoodsAndServicesSold": "15586000000", "operatingIncome": "3312000000", "sellingGeneralAndAdministrative": "5302000000", "researchAndDevelopment": "362000000", "operatingExpenses": "7040000000", "investmentIncomeNet": "None", "netInterestIncome": "-462000000", "interestIncome": "358000000", "interestExpense": "462000000", "nonInterestIncome": "None", "otherNonOperatingIncome": "None", "depreciation": "None", "depreciationAndAmortization": "811000000", "incomeBeforeTax": "2842000000", "incomeTaxExpense": "773000000", "interestAndDebtExpense": "None", "netIncomeFromContinuingOperations": "3395000000", "comprehensiveIncomeNetOfTax": "None", "ebit": "3304000000", "ebitda": "4115000000", "netIncome": "3317000000"}, {"fiscalDateEnding": "2017-12-31", "reportedCurrency": "USD", "grossProfit": "10034000000", "totalRevenue": "25896000000", "costOfRevenue": "15862000000", "costofGoodsAndServicesSold": "15862000000", "operatingIncome": "3462000000", "sellingGeneralAndAdministrative": "4663000000", "researchAndDevelopment": "366000000", "operatingExpenses": "6572000000", "investmentIncomeNet": "None", "netInterestIncome": "-396000000", "interestIncome": "385000000", "interestExpense": "396000000", "nonInterestIncome": "None", "otherNonOperatingIncome": "118000000", "depreciation": "None", "depreciationAndAmortization": "816000000", "incomeBeforeTax": "3124000000", "incomeTaxExpense": "666000000", "interestAndDebtExpense": "None", "netIncomeFromContinuingOperations": "2936000000", "comprehensiveIncomeNetOfTax": "None", "ebit": "3520000000", "ebitda": "4336000000", "netIncome": "2828000000"}, {"fiscalDateEnding": "2016-12-31", "reportedCurrency": "USD", "grossProfit": "10104000000", "totalRevenue": "25923000000", "costOfRevenue": "15819000000", "costofGoodsAndServicesSold": "15819000000", "operatingIncome": "2554000000", "sellingGeneralAndAdministrative": "5144000000", "researchAndDevelopment": "376000000", "operatingExpenses": "7550000000", "investmentIncomeNet": "None", "netInterestIncome": "-515000000", "interestIncome": "580000000", "interestExpense": "515000000", "nonInterestIncome": "None", "otherNonOperatingIncome": "None", "depreciation": "None", "depreciationAndAmortization": "823000000", "incomeBeforeTax": "1454000000", "incomeTaxExpense": "114000000", "interestAndDebtExpense": "None", "netIncomeFromContinuingOperations": "1669000000", "comprehensiveIncomeNetOfTax": "None", "ebit": "1969000000", "ebitda": "2792000000", "netIncome": "1635000000"}, {"fiscalDateEnding": "2015-12-31", "reportedCurrency": "USD", "grossProfit": "11512000000", "totalRevenue": "29636000000", "costOfRevenue": "18124000000", "costofGoodsAndServicesSold": "18124000000", "operatingIncome": "8897000000", "sellingGeneralAndAdministrative": "6035000000", "researchAndDevelopment": "409000000", "operatingExpenses": "2615000000", "investmentIncomeNet": "None", "netInterestIncome": "None", "interestIncome": "1013000000", "interestExpense": "609000000", "nonInterestIncome": "None", "otherNonOperatingIncome": "-1013000000", "depreciation": "None", "depreciationAndAmortization": "894000000", "incomeBeforeTax": "7884000000", "incomeTaxExpense": "593000000", "interestAndDebtExpense": "None", "netIncomeFromContinuingOperations": "7291000000", "comprehensiveIncomeNetOfTax": "None", "ebit": "8493000000", "ebitda": "9387000000", "netIncome": "7267000000"}, {"fiscalDateEnding": "2014-12-31", "reportedCurrency": "USD", "grossProfit": "12597000000", "totalRevenue": "34244000000", "costOfRevenue": "21647000000", "costofGoodsAndServicesSold": "21647000000", "operatingIncome": "3242000000", "sellingGeneralAndAdministrative": "6905000000", "researchAndDevelopment": "455000000", "operatingExpenses": "9355000000", "investmentIncomeNet": "None", "netInterestIncome": "None", "interestIncome": "None", "interestExpense": "778000000", "nonInterestIncome": "None", "otherNonOperatingIncome": "-688000000", "depreciation": "None", "depreciationAndAmortization": "1059000000", "incomeBeforeTax": "2554000000", "incomeTaxExpense": "353000000", "interestAndDebtExpense": "None", "netIncomeFromContinuingOperations": "2201000000", "comprehensiveIncomeNetOfTax": "None", "ebit": "3332000000", "ebitda": "4391000000", "netIncome": "2184000000"}, {"fiscalDateEnding": "2013-12-31", "reportedCurrency": "USD", "grossProfit": "13110000000", "totalRevenue": "35299000000", "costOfRevenue": "22189000000", "costofGoodsAndServicesSold": "22189000000", "operatingIncome": "3971000000", "sellingGeneralAndAdministrative": "6958000000", "researchAndDevelopment": "471000000", "operatingExpenses": "9139000000", "investmentIncomeNet": "None", "netInterestIncome": "None", "interestIncome": "None", "interestExpense": "1017000000", "nonInterestIncome": "None", "otherNonOperatingIncome": "-1579000000", "depreciation": "None", "depreciationAndAmortization": "1077000000", "incomeBeforeTax": "2392000000", "incomeTaxExpense": "60000000", "interestAndDebtExpense": "None", "netIncomeFromContinuingOperations": "2332000000", "comprehensiveIncomeNetOfTax": "None", "ebit": "3409000000", "ebitda": "4486000000", "netIncome": "3915000000"}, {"fiscalDateEnding": "2012-12-31", "reportedCurrency": "USD", "grossProfit": "13076000000", "totalRevenue": "35015000000", "costOfRevenue": "21939000000", "costofGoodsAndServicesSold": "21939000000", "operatingIncome": "3637000000", "sellingGeneralAndAdministrative": "7361000000", "researchAndDevelopment": "462000000", "operatingExpenses": "9439000000", "investmentIncomeNet": "None", "netInterestIncome": "None", "interestIncome": "None", "interestExpense": "1177000000", "nonInterestIncome": "None", "otherNonOperatingIncome": "None", "depreciation": "None", "depreciationAndAmortization": "1345000000", "incomeBeforeTax": "1774000000", "incomeTaxExpense": "168000000", "interestAndDebtExpense": "None", "netIncomeFromContinuingOperations": "1567000000", "comprehensiveIncomeNetOfTax": "None", "ebit": "2951000000", "ebitda": "4296000000", "netIncome": "3067000000"}, {"fiscalDateEnding": "2011-12-31", "reportedCurrency": "USD", "grossProfit": "13100000000", "totalRevenue": "35810000000", "costOfRevenue": "22710000000", "costofGoodsAndServicesSold": "22710000000", "operatingIncome": "3498000000", "sellingGeneralAndAdministrative": "12140000000", "researchAndDevelopment": "702000000", "operatingExpenses": "9602000000", "investmentIncomeNet": "None", "netInterestIncome": "None", "interestIncome": "None", "interestExpense": "1383000000", "nonInterestIncome": "None", "otherNonOperatingIncome": "None", "depreciation": "None", "depreciationAndAmortization": "1485000000", "incomeBeforeTax": "1880000000", "incomeTaxExpense": "116000000", "interestAndDebtExpense": "None", "netIncomeFromContinuingOperations": "3547000000", "comprehensiveIncomeNetOfTax": "None", "ebit": "3263000000", "ebitda": "4748000000", "netIncome": "3554000000"}, {"fiscalDateEnding": "2010-12-31", "reportedCurrency": "USD", "grossProfit": "11872000000", "totalRevenue": "31489000000", "costOfRevenue": "19617000000", "costofGoodsAndServicesSold": "19617000000", "operatingIncome": "2496000000", "sellingGeneralAndAdministrative": "12001000000", "researchAndDevelopment": "583000000", "operatingExpenses": "9376000000", "investmentIncomeNet": "None", "netInterestIncome": "None", "interestIncome": "None", "interestExpense": "1540000000", "nonInterestIncome": "None", "otherNonOperatingIncome": "None", "depreciation": "None", "depreciationAndAmortization": "1440000000", "incomeBeforeTax": "726000000", "incomeTaxExpense": "54000000", "interestAndDebtExpense": "None", "netIncomeFromContinuingOperations": "2495000000", "comprehensiveIncomeNetOfTax": "None", "ebit": "2266000000", "ebitda": "3706000000", "netIncome": "4114000000"}, {"fiscalDateEnding": "2009-12-31", "reportedCurrency": "USD", "grossProfit": "13935000000", "totalRevenue": "38754000000", "costOfRevenue": "24819000000", "costofGoodsAndServicesSold": "24819000000", "operatingIncome": "5183000000", "sellingGeneralAndAdministrative": "9108000000", "researchAndDevelopment": "477000000", "operatingExpenses": "8752000000", "investmentIncomeNet": "None", "netInterestIncome": "None", "interestIncome": "None", "interestExpense": "1260000000", "nonInterestIncome": "None", "otherNonOperatingIncome": "None", "depreciation": "None", "depreciationAndAmortization": "931000000", "incomeBeforeTax": "3946000000", "incomeTaxExpense": "1136000000", "interestAndDebtExpense": "None", "netIncomeFromContinuingOperations": "3028000000", "comprehensiveIncomeNetOfTax": "None", "ebit": "5206000000", "ebitda": "6137000000", "netIncome": "3021000000"}, {"fiscalDateEnding": "2008-12-31", "reportedCurrency": "USD", "grossProfit": "13328000000", "totalRevenue": "40492000000", "costOfRevenue": "27164000000", "costofGoodsAndServicesSold": "27164000000", "operatingIncome": "3576000000", "sellingGeneralAndAdministrative": "9059000000", "researchAndDevelopment": "499000000", "operatingExpenses": "9752000000", "investmentIncomeNet": "None", "netInterestIncome": "None", "interestIncome": "None", "interestExpense": "1272000000", "nonInterestIncome": "None", "otherNonOperatingIncome": "None", "depreciation": "None", "depreciationAndAmortization": "986000000", "incomeBeforeTax": "2336000000", "incomeTaxExpense": "658000000", "interestAndDebtExpense": "None", "netIncomeFromContinuingOperations": "None", "comprehensiveIncomeNetOfTax": "None", "ebit": "3608000000", "ebitda": "4594000000", "netIncome": "2884000000"}, {"fiscalDateEnding": "2007-12-31", "reportedCurrency": "USD", "grossProfit": "12077000000", "totalRevenue": "36134000000", "costOfRevenue": "24057000000", "costofGoodsAndServicesSold": "24057000000", "operatingIncome": "3966000000", "sellingGeneralAndAdministrative": "7809000000", "researchAndDevelopment": "447000000", "operatingExpenses": "8111000000", "investmentIncomeNet": "None", "netInterestIncome": "None", "interestIncome": "None", "interestExpense": "604000000", "nonInterestIncome": "None", "otherNonOperatingIncome": "None", "depreciation": "None", "depreciationAndAmortization": "886000000", "incomeBeforeTax": "3362000000", "incomeTaxExpense": "1002000000", "interestAndDebtExpense": "None", "netIncomeFromContinuingOperations": "None", "comprehensiveIncomeNetOfTax": "None", "ebit": "3966000000", "ebitda": "4852000000", "netIncome": "2590000000"}, {"fiscalDateEnding": "2006-12-31", "reportedCurrency": "USD", "grossProfit": "11912000000", "totalRevenue": "33256000000", "costOfRevenue": "21344000000", "costofGoodsAndServicesSold": "21344000000", "operatingIncome": "4154000000", "sellingGeneralAndAdministrative": "7249000000", "researchAndDevelopment": "419000000", "operatingExpenses": "7758000000", "investmentIncomeNet": "None", "netInterestIncome": "None", "interestIncome": "None", "interestExpense": "515000000", "nonInterestIncome": "None", "otherNonOperatingIncome": "None", "depreciation": "None", "depreciationAndAmortization": "891000000", "incomeBeforeTax": "3644000000", "incomeTaxExpense": "816000000", "interestAndDebtExpense": "None", "netIncomeFromContinuingOperations": "None", "comprehensiveIncomeNetOfTax": "None", "ebit": "4154000000", "ebitda": "5045000000", "netIncome": "3060000000"}, {"fiscalDateEnding": "2005-12-31", "reportedCurrency": "USD", "grossProfit": "12268000000", "totalRevenue": "34113000000", "costOfRevenue": "21845000000", "costofGoodsAndServicesSold": "21845000000", "operatingIncome": "4749000000", "sellingGeneralAndAdministrative": "7135000000", "researchAndDevelopment": "385000000", "operatingExpenses": "7519000000", "investmentIncomeNet": "None", "netInterestIncome": "None", "interestIncome": "None", "interestExpense": "911000000", "nonInterestIncome": "None", "otherNonOperatingIncome": "None", "depreciation": "None", "depreciationAndAmortization": "879000000", "incomeBeforeTax": "4113000000", "incomeTaxExpense": "1209000000", "interestAndDebtExpense": "None", "netIncomeFromContinuingOperations": "None", "comprehensiveIncomeNetOfTax": "None", "ebit": "4749000000", "ebitda": "5628000000", "netIncome": "2632000000"}], "quarterlyReports": [{"fiscalDateEnding": "2024-12-31", "reportedCurrency": "USD", "grossProfit": "3711000000", "totalRevenue": "9604000000", "costOfRevenue": "5893000000", "costofGoodsAndServicesSold": "5893000000", "operatingIncome": "1611000000", "sellingGeneralAndAdministrative": "1980000000", "researchAndDevelopment": "None", "operatingExpenses": "2100000000", "investmentIncomeNet": "None", "netInterestIncome": "-34000000", "interestIncome": "93000000", "interestExpense": "127000000", "nonInterestIncome": "None", "otherNonOperatingIncome": "None", "depreciation": "None", "depreciationAndAmortization": "331000000", "incomeBeforeTax": "1597000000", "incomeTaxExpense": "216000000", "interestAndDebtExpense": "None", "netIncomeFromContinuingOperations": "1748000000", "comprehensiveIncomeNetOfTax": "None", "ebit": "1724000000", "ebitda": "2055000000", "netIncome": "1745000000"}, {"fiscalDateEnding": "2024-09-30", "reportedCurrency": "USD", "grossProfit": "2999000000", "totalRevenue": "9204000000", "costOfRevenue": "6205000000", "costofGoodsAndServicesSold": "6205000000", "operatingIncome": "1153000000", "sellingGeneralAndAdministrative": "1630000000", "researchAndDevelopment": "None", "operatingExpenses": "1846000000", "investmentIncomeNet": "None", "netInterestIncome": "-46000000", "interestIncome": "83000000", "interestExpense": "129000000", "nonInterestIncome": "None", "otherNonOperatingIncome": "None", "depreciation": "None", "depreciationAndAmortization": "335000000", "incomeBeforeTax": "1132000000", "incomeTaxExpense": "326000000", "interestAndDebtExpense": "None", "netIncomeFromContinuingOperations": "856000000", "comprehensiveIncomeNetOfTax": "None", "ebit": "1261000000", "ebitda": "1596000000", "netIncome": "853000000"}, {"fiscalDateEnding": "2024-06-30", "reportedCurrency": "USD", "grossProfit": "2797000000", "totalRevenue": "8343000000", "costOfRevenue": "5546000000", "costofGoodsAndServicesSold": "5546000000", "operatingIncome": "854000000", "sellingGeneralAndAdministrative": "1891000000", "researchAndDevelopment": "None", "operatingExpenses": "1943000000", "investmentIncomeNet": "None", "netInterestIncome": "-32000000", "interestIncome": "98000000", "interestExpense": "130000000", "nonInterestIncome": "None", "otherNonOperatingIncome": "None", "depreciation": "None", "depreciationAndAmortization": "317000000", "incomeBeforeTax": "850000000", "incomeTaxExpense": "295000000", "interestAndDebtExpense": "None", "netIncomeFromContinuingOperations": "603000000", "comprehensiveIncomeNetOfTax": "None", "ebit": "980000000", "ebitda": "1297000000", "netIncome": "601000000"}, {"fiscalDateEnding": "2024-03-31", "reportedCurrency": "USD", "grossProfit": "4750000000", "totalRevenue": "9290000000", "costOfRevenue": "4540000000", "costofGoodsAndServicesSold": "4540000000", "operatingIncome": "2727000000", "sellingGeneralAndAdministrative": "1938000000", "researchAndDevelopment": "None", "operatingExpenses": "2023000000", "investmentIncomeNet": "None", "netInterestIncome": "-122000000", "interestIncome": "54000000", "interestExpense": "122000000", "nonInterestIncome": "None", "otherNonOperatingIncome": "None", "depreciation": "None", "depreciationAndAmortization": "319000000", "incomeBeforeTax": "2682000000", "incomeTaxExpense": "632000000", "interestAndDebtExpense": "None", "netIncomeFromContinuingOperations": "1416000000", "comprehensiveIncomeNetOfTax": "None", "ebit": "2804000000", "ebitda": "3123000000", "netIncome": "1412000000"}, {"fiscalDateEnding": "2023-12-31", "reportedCurrency": "USD", "grossProfit": "3470000000", "totalRevenue": "9314000000", "costOfRevenue": "5844000000", "costofGoodsAndServicesSold": "5844000000", "operatingIncome": "1193000000", "sellingGeneralAndAdministrative": "202000000", "researchAndDevelopment": "380000000", "operatingExpenses": "2277000000", "investmentIncomeNet": "None", "netInterestIncome": "-52000000", "interestIncome": "66000000", "interestExpense": "118000000", "nonInterestIncome": "None", "otherNonOperatingIncome": "None", "depreciation": "None", "depreciationAndAmortization": "313000000", "incomeBeforeTax": "1163000000", "incomeTaxExpense": "257000000", "interestAndDebtExpense": "None", "netIncomeFromContinuingOperations": "950000000", "comprehensiveIncomeNetOfTax": "None", "ebit": "1281000000", "ebitda": "1594000000", "netIncome": "950000000"}, {"fiscalDateEnding": "2023-09-30", "reportedCurrency": "USD", "grossProfit": "3494000000", "totalRevenue": "9029000000", "costOfRevenue": "5535000000", "costofGoodsAndServicesSold": "5535000000", "operatingIncome": "1379000000", "sellingGeneralAndAdministrative": "2019000000", "researchAndDevelopment": "None", "operatingExpenses": "2115000000", "investmentIncomeNet": "None", "netInterestIncome": "-66000000", "interestIncome": "68000000", "interestExpense": "134000000", "nonInterestIncome": "None", "otherNonOperatingIncome": "None", "depreciation": "None", "depreciationAndAmortization": "309000000", "incomeBeforeTax": "1331000000", "incomeTaxExpense": "354000000", "interestAndDebtExpense": "None", "netIncomeFromContinuingOperations": "988000000", "comprehensiveIncomeNetOfTax": "None", "ebit": "1465000000", "ebitda": "1774000000", "netIncome": "984000000"}, {"fiscalDateEnding": "2023-06-30", "reportedCurrency": "USD", "grossProfit": "3354000000", "totalRevenue": "8507000000", "costOfRevenue": "5153000000", "costofGoodsAndServicesSold": "5153000000", "operatingIncome": "1425000000", "sellingGeneralAndAdministrative": "1869000000", "researchAndDevelopment": "None", "operatingExpenses": "1929000000", "investmentIncomeNet": "None", "netInterestIncome": "-97000000", "interestIncome": "49000000", "interestExpense": "145000000", "nonInterestIncome": "None", "otherNonOperatingIncome": "None", "depreciation": "None", "depreciationAndAmortization": "290000000", "incomeBeforeTax": "1161000000", "incomeTaxExpense": "268000000", "interestAndDebtExpense": "None", "netIncomeFromContinuingOperations": "941000000", "comprehensiveIncomeNetOfTax": "None", "ebit": "1306000000", "ebitda": "1596000000", "netIncome": "944000000"}, {"fiscalDateEnding": "2023-03-31", "reportedCurrency": "USD", "grossProfit": "3446000000", "totalRevenue": "9166000000", "costOfRevenue": "5720000000", "costofGoodsAndServicesSold": "5720000000", "operatingIncome": "1505000000", "sellingGeneralAndAdministrative": "1855000000", "researchAndDevelopment": "None", "operatingExpenses": "1941000000", "investmentIncomeNet": "None", "netInterestIncome": "-95000000", "interestIncome": "58000000", "interestExpense": "153000000", "nonInterestIncome": "None", "otherNonOperatingIncome": "None", "depreciation": "None", "depreciationAndAmortization": "303000000", "incomeBeforeTax": "2225000000", "incomeTaxExpense": "658000000", "interestAndDebtExpense": "None", "netIncomeFromContinuingOperations": "2089000000", "comprehensiveIncomeNetOfTax": "None", "ebit": "2378000000", "ebitda": "2681000000", "netIncome": "2081000000"}, {"fiscalDateEnding": "2022-12-31", "reportedCurrency": "USD", "grossProfit": "3075000000", "totalRevenue": "8695000000", "costOfRevenue": "5620000000", "costofGoodsAndServicesSold": "5620000000", "operatingIncome": "834000000", "sellingGeneralAndAdministrative": "461000000", "researchAndDevelopment": "346000000", "operatingExpenses": "2241000000", "investmentIncomeNet": "None", "netInterestIncome": "-86000000", "interestIncome": "None", "interestExpense": "134000000", "nonInterestIncome": "None", "otherNonOperatingIncome": "None", "depreciation": "None", "depreciationAndAmortization": "288000000", "incomeBeforeTax": "772000000", "incomeTaxExpense": "270000000", "interestAndDebtExpense": "None", "netIncomeFromContinuingOperations": "584000000", "comprehensiveIncomeNetOfTax": "None", "ebit": "906000000", "ebitda": "1194000000", "netIncome": "583000000"}, {"fiscalDateEnding": "2022-09-30", "reportedCurrency": "USD", "grossProfit": "2613000000", "totalRevenue": "7763000000", "costOfRevenue": "5150000000", "costofGoodsAndServicesSold": "5150000000", "operatingIncome": "679000000", "sellingGeneralAndAdministrative": "1884000000", "researchAndDevelopment": "None", "operatingExpenses": "1934000000", "investmentIncomeNet": "None", "netInterestIncome": "-114000000", "interestIncome": "43000000", "interestExpense": "114000000", "nonInterestIncome": "None", "otherNonOperatingIncome": "None", "depreciation": "None", "depreciationAndAmortization": "271000000", "incomeBeforeTax": "638000000", "incomeTaxExpense": "184000000", "interestAndDebtExpense": "None", "netIncomeFromContinuingOperations": "533000000", "comprehensiveIncomeNetOfTax": "None", "ebit": "752000000", "ebitda": "1023000000", "netIncome": "532000000"}, {"fiscalDateEnding": "2022-06-30", "reportedCurrency": "USD", "grossProfit": "2641000000", "totalRevenue": "7274000000", "costOfRevenue": "4633000000", "costofGoodsAndServicesSold": "4633000000", "operatingIncome": "927000000", "sellingGeneralAndAdministrative": "1676000000", "researchAndDevelopment": "None", "operatingExpenses": "1714000000", "investmentIncomeNet": "None", "netInterestIncome": "-89000000", "interestIncome": "None", "interestExpense": "89000000", "nonInterestIncome": "None", "otherNonOperatingIncome": "None", "depreciation": "None", "depreciationAndAmortization": "273000000", "incomeBeforeTax": "859000000", "incomeTaxExpense": "201000000", "interestAndDebtExpense": "None", "netIncomeFromContinuingOperations": "748000000", "comprehensiveIncomeNetOfTax": "None", "ebit": "948000000", "ebitda": "1221000000", "netIncome": "747000000"}, {"fiscalDateEnding": "2022-03-31", "reportedCurrency": "USD", "grossProfit": "2983000000", "totalRevenue": "7764000000", "costOfRevenue": "4781000000", "costofGoodsAndServicesSold": "4781000000", "operatingIncome": "1094000000", "sellingGeneralAndAdministrative": "1693000000", "researchAndDevelopment": "None", "operatingExpenses": "1889000000", "investmentIncomeNet": "None", "netInterestIncome": "-91000000", "interestIncome": "None", "interestExpense": "91000000", "nonInterestIncome": "None", "otherNonOperatingIncome": "None", "depreciation": "None", "depreciationAndAmortization": "275000000", "incomeBeforeTax": "959000000", "incomeTaxExpense": "210000000", "interestAndDebtExpense": "None", "netIncomeFromContinuingOperations": "861000000", "comprehensiveIncomeNetOfTax": "None", "ebit": "1050000000", "ebitda": "1325000000", "netIncome": "855000000"}, {"fiscalDateEnding": "2021-12-31", "reportedCurrency": "USD", "grossProfit": "2833000000", "totalRevenue": "7658000000", "costOfRevenue": "4825000000", "costofGoodsAndServicesSold": "4825000000", "operatingIncome": "1204000000", "sellingGeneralAndAdministrative": "1670000000", "researchAndDevelopment": "347000000", "operatingExpenses": "1702000000", "investmentIncomeNet": "None", "netInterestIncome": "-89000000", "interestIncome": "None", "interestExpense": "90000000", "nonInterestIncome": "None", "otherNonOperatingIncome": "None", "depreciation": "None", "depreciationAndAmortization": "276000000", "incomeBeforeTax": "1143000000", "incomeTaxExpense": "238000000", "interestAndDebtExpense": "None", "netIncomeFromContinuingOperations": "1005000000", "comprehensiveIncomeNetOfTax": "None", "ebit": "1331000000", "ebitda": "1607000000", "netIncome": "1003000000"}, {"fiscalDateEnding": "2021-09-30", "reportedCurrency": "USD", "grossProfit": "2824000000", "totalRevenue": "7182000000", "costOfRevenue": "4358000000", "costofGoodsAndServicesSold": "4358000000", "operatingIncome": "1294000000", "sellingGeneralAndAdministrative": "1436000000", "researchAndDevelopment": "None", "operatingExpenses": "1530000000", "investmentIncomeNet": "None", "netInterestIncome": "-87000000", "interestIncome": "None", "interestExpense": "87000000", "nonInterestIncome": "None", "otherNonOperatingIncome": "None", "depreciation": "None", "depreciationAndAmortization": "273000000", "incomeBeforeTax": "1249000000", "incomeTaxExpense": "342000000", "interestAndDebtExpense": "None", "netIncomeFromContinuingOperations": "1262000000", "comprehensiveIncomeNetOfTax": "None", "ebit": "1336000000", "ebitda": "1609000000", "netIncome": "1258000000"}, {"fiscalDateEnding": "2021-06-30", "reportedCurrency": "USD", "grossProfit": "2631000000", "totalRevenue": "6642000000", "costOfRevenue": "4011000000", "costofGoodsAndServicesSold": "4011000000", "operatingIncome": "872000000", "sellingGeneralAndAdministrative": "1593000000", "researchAndDevelopment": "None", "operatingExpenses": "1759000000", "investmentIncomeNet": "None", "netInterestIncome": "-90000000", "interestIncome": "None", "interestExpense": "90000000", "nonInterestIncome": "None", "otherNonOperatingIncome": "None", "depreciation": "None", "depreciationAndAmortization": "280000000", "incomeBeforeTax": "868000000", "incomeTaxExpense": "398000000", "interestAndDebtExpense": "None", "netIncomeFromContinuingOperations": "1079000000", "comprehensiveIncomeNetOfTax": "None", "ebit": "958000000", "ebitda": "1238000000", "netIncome": "1078000000"}, {"fiscalDateEnding": "2021-03-31", "reportedCurrency": "USD", "grossProfit": "2966000000", "totalRevenue": "7238000000", "costOfRevenue": "4272000000", "costofGoodsAndServicesSold": "4272000000", "operatingIncome": "1283000000", "sellingGeneralAndAdministrative": "1564000000", "researchAndDevelopment": "None", "operatingExpenses": "1683000000", "investmentIncomeNet": "None", "netInterestIncome": "-98000000", "interestIncome": "None", "interestExpense": "98000000", "nonInterestIncome": "None", "otherNonOperatingIncome": "None", "depreciation": "None", "depreciationAndAmortization": "284000000", "incomeBeforeTax": "1109000000", "incomeTaxExpense": "212000000", "interestAndDebtExpense": "None", "netIncomeFromContinuingOperations": "968000000", "comprehensiveIncomeNetOfTax": "None", "ebit": "1207000000", "ebitda": "1491000000", "netIncome": "961000000"}, {"fiscalDateEnding": "2020-12-31", "reportedCurrency": "USD", "grossProfit": "2872000000", "totalRevenue": "7298000000", "costOfRevenue": "4426000000", "costofGoodsAndServicesSold": "4426000000", "operatingIncome": "1149000000", "sellingGeneralAndAdministrative": "248000000", "researchAndDevelopment": "332000000", "operatingExpenses": "1723000000", "investmentIncomeNet": "None", "netInterestIncome": "-244000000", "interestIncome": "None", "interestExpense": "101000000", "nonInterestIncome": "None", "otherNonOperatingIncome": "None", "depreciation": "None", "depreciationAndAmortization": "303000000", "incomeBeforeTax": "941000000", "incomeTaxExpense": "344000000", "interestAndDebtExpense": "None", "netIncomeFromContinuingOperations": "1159000000", "comprehensiveIncomeNetOfTax": "None", "ebit": "1042000000", "ebitda": "1345000000", "netIncome": "1156000000"}, {"fiscalDateEnding": "2020-09-30", "reportedCurrency": "USD", "grossProfit": "2792000000", "totalRevenue": "6665000000", "costOfRevenue": "3873000000", "costofGoodsAndServicesSold": "3873000000", "operatingIncome": "1135000000", "sellingGeneralAndAdministrative": "1484000000", "researchAndDevelopment": "None", "operatingExpenses": "1657000000", "investmentIncomeNet": "None", "netInterestIncome": "-104000000", "interestIncome": "None", "interestExpense": "104000000", "nonInterestIncome": "None", "otherNonOperatingIncome": "None", "depreciation": "None", "depreciationAndAmortization": "285000000", "incomeBeforeTax": "1084000000", "incomeTaxExpense": "391000000", "interestAndDebtExpense": "None", "netIncomeFromContinuingOperations": "1122000000", "comprehensiveIncomeNetOfTax": "None", "ebit": "1188000000", "ebitda": "1473000000", "netIncome": "1119000000"}, {"fiscalDateEnding": "2020-06-30", "reportedCurrency": "USD", "grossProfit": "2331000000", "totalRevenue": "5911000000", "costOfRevenue": "3580000000", "costofGoodsAndServicesSold": "3580000000", "operatingIncome": "713000000", "sellingGeneralAndAdministrative": "1453000000", "researchAndDevelopment": "None", "operatingExpenses": "1618000000", "investmentIncomeNet": "None", "netInterestIncome": "-108000000", "interestIncome": "None", "interestExpense": "108000000", "nonInterestIncome": "None", "otherNonOperatingIncome": "None", "depreciation": "None", "depreciationAndAmortization": "272000000", "incomeBeforeTax": "659000000", "incomeTaxExpense": "341000000", "interestAndDebtExpense": "None", "netIncomeFromContinuingOperations": "545000000", "comprehensiveIncomeNetOfTax": "None", "ebit": "767000000", "ebitda": "1039000000", "netIncome": "544000000"}, {"fiscalDateEnding": "2020-03-31", "reportedCurrency": "USD", "grossProfit": "2451000000", "totalRevenue": "6707000000", "costOfRevenue": "4256000000", "costofGoodsAndServicesSold": "4256000000", "operatingIncome": "856000000", "sellingGeneralAndAdministrative": "1537000000", "researchAndDevelopment": "None", "operatingExpenses": "1595000000", "investmentIncomeNet": "None", "netInterestIncome": "-110000000", "interestIncome": "285000000", "interestExpense": "110000000", "nonInterestIncome": "None", "otherNonOperatingIncome": "None", "depreciation": "None", "depreciationAndAmortization": "256000000", "incomeBeforeTax": "699000000", "incomeTaxExpense": "148000000", "interestAndDebtExpense": "None", "netIncomeFromContinuingOperations": "760000000", "comprehensiveIncomeNetOfTax": "None", "ebit": "809000000", "ebitda": "1065000000", "netIncome": "736000000"}, {"fiscalDateEnding": "2019-12-31", "reportedCurrency": "USD", "grossProfit": "2759000000", "totalRevenue": "6913000000", "costOfRevenue": "4154000000", "costofGoodsAndServicesSold": "4154000000", "operatingIncome": "906000000", "sellingGeneralAndAdministrative": "542000000", "researchAndDevelopment": "351000000", "operatingExpenses": "1853000000", "investmentIncomeNet": "None", "netInterestIncome": "-113000000", "interestIncome": "85000000", "interestExpense": "113000000", "nonInterestIncome": "None", "otherNonOperatingIncome": "None", "depreciation": "None", "depreciationAndAmortization": "270000000", "incomeBeforeTax": "854000000", "incomeTaxExpense": "230000000", "interestAndDebtExpense": "None", "netIncomeFromContinuingOperations": "729000000", "comprehensiveIncomeNetOfTax": "None", "ebit": "967000000", "ebitda": "1237000000", "netIncome": "726000000"}, {"fiscalDateEnding": "2019-09-30", "reportedCurrency": "USD", "grossProfit": "2516000000", "totalRevenue": "6355000000", "costOfRevenue": "3839000000", "costofGoodsAndServicesSold": "3839000000", "operatingIncome": "876000000", "sellingGeneralAndAdministrative": "1466000000", "researchAndDevelopment": "None", "operatingExpenses": "1640000000", "investmentIncomeNet": "None", "netInterestIncome": "-121000000", "interestIncome": "173000000", "interestExpense": "121000000", "nonInterestIncome": "None", "otherNonOperatingIncome": "None", "depreciation": "None", "depreciationAndAmortization": "260000000", "incomeBeforeTax": "684000000", "incomeTaxExpense": "-633000000", "interestAndDebtExpense": "None", "netIncomeFromContinuingOperations": "1428000000", "comprehensiveIncomeNetOfTax": "None", "ebit": "805000000", "ebitda": "1065000000", "netIncome": "1426000000"}, {"fiscalDateEnding": "2019-06-30", "reportedCurrency": "USD", "grossProfit": "2469000000", "totalRevenue": "6062000000", "costOfRevenue": "3593000000", "costofGoodsAndServicesSold": "3593000000", "operatingIncome": "1025000000", "sellingGeneralAndAdministrative": "1427000000", "researchAndDevelopment": "None", "operatingExpenses": "1444000000", "investmentIncomeNet": "None", "netInterestIncome": "-127000000", "interestIncome": "178000000", "interestExpense": "127000000", "nonInterestIncome": "None", "otherNonOperatingIncome": "None", "depreciation": "None", "depreciationAndAmortization": "259000000", "incomeBeforeTax": "936000000", "incomeTaxExpense": "216000000", "interestAndDebtExpense": "None", "netIncomeFromContinuingOperations": "808000000", "comprehensiveIncomeNetOfTax": "None", "ebit": "1063000000", "ebitda": "1322000000", "netIncome": "803000000"}, {"fiscalDateEnding": "2019-03-31", "reportedCurrency": "USD", "grossProfit": "2593000000", "totalRevenue": "6538000000", "costOfRevenue": "3945000000", "costofGoodsAndServicesSold": "3945000000", "operatingIncome": "1036000000", "sellingGeneralAndAdministrative": "1493000000", "researchAndDevelopment": "None", "operatingExpenses": "1557000000", "investmentIncomeNet": "None", "netInterestIncome": "-123000000", "interestIncome": "None", "interestExpense": "123000000", "nonInterestIncome": "None", "otherNonOperatingIncome": "None", "depreciation": "None", "depreciationAndAmortization": "258000000", "incomeBeforeTax": "973000000", "incomeTaxExpense": "189000000", "interestAndDebtExpense": "None", "netIncomeFromContinuingOperations": "920000000", "comprehensiveIncomeNetOfTax": "None", "ebit": "1096000000", "ebitda": "1354000000", "netIncome": "914000000"}, {"fiscalDateEnding": "2018-12-31", "reportedCurrency": "USD", "grossProfit": "2549000000", "totalRevenue": "6773000000", "costOfRevenue": "4224000000", "costofGoodsAndServicesSold": "4224000000", "operatingIncome": "5754000000", "sellingGeneralAndAdministrative": "363000000", "researchAndDevelopment": "362000000", "operatingExpenses": "-3205000000", "investmentIncomeNet": "None", "netInterestIncome": "None", "interestIncome": "None", "interestExpense": "128000000", "nonInterestIncome": "None", "otherNonOperatingIncome": "None", "depreciation": "None", "depreciationAndAmortization": "198000000", "incomeBeforeTax": "767000000", "incomeTaxExpense": "111000000", "interestAndDebtExpense": "None", "netIncomeFromContinuingOperations": "826000000", "comprehensiveIncomeNetOfTax": "None", "ebit": "895000000", "ebitda": "1093000000", "netIncome": "823000000"}, {"fiscalDateEnding": "2018-09-30", "reportedCurrency": "USD", "grossProfit": "2414000000", "totalRevenue": "6288000000", "costOfRevenue": "3874000000", "costofGoodsAndServicesSold": "3874000000", "operatingIncome": "737000000", "sellingGeneralAndAdministrative": "1508000000", "researchAndDevelopment": "0", "operatingExpenses": "1677000000", "investmentIncomeNet": "None", "netInterestIncome": "None", "interestIncome": "None", "interestExpense": "117000000", "nonInterestIncome": "None", "otherNonOperatingIncome": "None", "depreciation": "None", "depreciationAndAmortization": "206000000", "incomeBeforeTax": "670000000", "incomeTaxExpense": "310000000", "interestAndDebtExpense": "None", "netIncomeFromContinuingOperations": "1197000000", "comprehensiveIncomeNetOfTax": "None", "ebit": "787000000", "ebitda": "993000000", "netIncome": "1194000000"}, {"fiscalDateEnding": "2018-06-30", "reportedCurrency": "USD", "grossProfit": "2540000000", "totalRevenue": "6112000000", "costOfRevenue": "3572000000", "costofGoodsAndServicesSold": "3572000000", "operatingIncome": "481000000", "sellingGeneralAndAdministrative": "1904000000", "researchAndDevelopment": "0", "operatingExpenses": "2059000000", "investmentIncomeNet": "None", "netInterestIncome": "None", "interestIncome": "None", "interestExpense": "115000000", "nonInterestIncome": "None", "otherNonOperatingIncome": "None", "depreciation": "None", "depreciationAndAmortization": "200000000", "incomeBeforeTax": "248000000", "incomeTaxExpense": "15000000", "interestAndDebtExpense": "None", "netIncomeFromContinuingOperations": "428000000", "comprehensiveIncomeNetOfTax": "None", "ebit": "363000000", "ebitda": "563000000", "netIncome": "318000000"}, {"fiscalDateEnding": "2018-03-31", "reportedCurrency": "USD", "grossProfit": "2849000000", "totalRevenue": "6765000000", "costOfRevenue": "3916000000", "costofGoodsAndServicesSold": "3916000000", "operatingIncome": "1224000000", "sellingGeneralAndAdministrative": "1527000000", "researchAndDevelopment": "0", "operatingExpenses": "1625000000", "investmentIncomeNet": "None", "netInterestIncome": "None", "interestIncome": "None", "interestExpense": "102000000", "nonInterestIncome": "None", "otherNonOperatingIncome": "None", "depreciation": "None", "depreciationAndAmortization": "207000000", "incomeBeforeTax": "1157000000", "incomeTaxExpense": "337000000", "interestAndDebtExpense": "None", "netIncomeFromContinuingOperations": "944000000", "comprehensiveIncomeNetOfTax": "None", "ebit": "1259000000", "ebitda": "1466000000", "netIncome": "1046000000"}, {"fiscalDateEnding": "2017-12-31", "reportedCurrency": "USD", "grossProfit": "2664000000", "totalRevenue": "6966000000", "costOfRevenue": "4302000000", "costofGoodsAndServicesSold": "4302000000", "operatingIncome": "844000000", "sellingGeneralAndAdministrative": "409000000", "researchAndDevelopment": "366000000", "operatingExpenses": "1820000000", "investmentIncomeNet": "None", "netInterestIncome": "None", "interestIncome": "None", "interestExpense": "101000000", "nonInterestIncome": "None", "otherNonOperatingIncome": "144000000", "depreciation": "None", "depreciationAndAmortization": "212000000", "incomeBeforeTax": "724000000", "incomeTaxExpense": "178000000", "interestAndDebtExpense": "None", "netIncomeFromContinuingOperations": "546000000", "comprehensiveIncomeNetOfTax": "None", "ebit": "825000000", "ebitda": "1037000000", "netIncome": "802000000"}, {"fiscalDateEnding": "2017-09-30", "reportedCurrency": "USD", "grossProfit": "2549000000", "totalRevenue": "6530000000", "costOfRevenue": "3981000000", "costofGoodsAndServicesSold": "3981000000", "operatingIncome": "-1171000000", "sellingGeneralAndAdministrative": "1330000000", "researchAndDevelopment": "0", "operatingExpenses": "3720000000", "investmentIncomeNet": "None", "netInterestIncome": "None", "interestIncome": "None", "interestExpense": "89000000", "nonInterestIncome": "None", "otherNonOperatingIncome": "84000000", "depreciation": "None", "depreciationAndAmortization": "209000000", "incomeBeforeTax": "1162000000", "incomeTaxExpense": "272000000", "interestAndDebtExpense": "None", "netIncomeFromContinuingOperations": "890000000", "comprehensiveIncomeNetOfTax": "None", "ebit": "1251000000", "ebitda": "1460000000", "netIncome": "981000000"}, {"fiscalDateEnding": "2017-06-30", "reportedCurrency": "USD", "grossProfit": "2314000000", "totalRevenue": "5986000000", "costOfRevenue": "3672000000", "costofGoodsAndServicesSold": "3672000000", "operatingIncome": "636000000", "sellingGeneralAndAdministrative": "1449000000", "researchAndDevelopment": "0", "operatingExpenses": "1678000000", "investmentIncomeNet": "None", "netInterestIncome": "None", "interestIncome": "None", "interestExpense": "103000000", "nonInterestIncome": "None", "otherNonOperatingIncome": "-57000000", "depreciation": "None", "depreciationAndAmortization": "195000000", "incomeBeforeTax": "517000000", "incomeTaxExpense": "84000000", "interestAndDebtExpense": "None", "netIncomeFromContinuingOperations": "433000000", "comprehensiveIncomeNetOfTax": "None", "ebit": "620000000", "ebitda": "815000000", "netIncome": "498000000"}, {"fiscalDateEnding": "2017-03-31", "reportedCurrency": "USD", "grossProfit": "2518000000", "totalRevenue": "6414000000", "costOfRevenue": "3896000000", "costofGoodsAndServicesSold": "3896000000", "operatingIncome": "825000000", "sellingGeneralAndAdministrative": "1475000000", "researchAndDevelopment": "0", "operatingExpenses": "1693000000", "investmentIncomeNet": "None", "netInterestIncome": "None", "interestIncome": "None", "interestExpense": "103000000", "nonInterestIncome": "None", "otherNonOperatingIncome": "-53000000", "depreciation": "None", "depreciationAndAmortization": "200000000", "incomeBeforeTax": "721000000", "incomeTaxExpense": "154000000", "interestAndDebtExpense": "None", "netIncomeFromContinuingOperations": "567000000", "comprehensiveIncomeNetOfTax": "None", "ebit": "824000000", "ebitda": "1024000000", "netIncome": "630000000"}, {"fiscalDateEnding": "2016-12-31", "reportedCurrency": "USD", "grossProfit": "2589000000", "totalRevenue": "6770000000", "costOfRevenue": "4181000000", "costofGoodsAndServicesSold": "4181000000", "operatingIncome": "507000000", "sellingGeneralAndAdministrative": "309000000", "researchAndDevelopment": "376000000", "operatingExpenses": "2082000000", "investmentIncomeNet": "None", "netInterestIncome": "None", "interestIncome": "None", "interestExpense": "115000000", "nonInterestIncome": "None", "otherNonOperatingIncome": "None", "depreciation": "None", "depreciationAndAmortization": "208000000", "incomeBeforeTax": "-68000000", "incomeTaxExpense": "-78000000", "interestAndDebtExpense": "None", "netIncomeFromContinuingOperations": "-371000000", "comprehensiveIncomeNetOfTax": "None", "ebit": "47000000", "ebitda": "255000000", "netIncome": "93000000"}, {"fiscalDateEnding": "2016-09-30", "reportedCurrency": "USD", "grossProfit": "2488000000", "totalRevenue": "6396000000", "costOfRevenue": "3908000000", "costofGoodsAndServicesSold": "3908000000", "operatingIncome": "702000000", "sellingGeneralAndAdministrative": "1552000000", "researchAndDevelopment": "0", "operatingExpenses": "1786000000", "investmentIncomeNet": "None", "netInterestIncome": "None", "interestIncome": "None", "interestExpense": "129000000", "nonInterestIncome": "None", "otherNonOperatingIncome": "-114000000", "depreciation": "None", "depreciationAndAmortization": "207000000", "incomeBeforeTax": "557000000", "incomeTaxExpense": "40000000", "interestAndDebtExpense": "None", "netIncomeFromContinuingOperations": "517000000", "comprehensiveIncomeNetOfTax": "None", "ebit": "686000000", "ebitda": "893000000", "netIncome": "548000000"}, {"fiscalDateEnding": "2016-06-30", "reportedCurrency": "USD", "grossProfit": "2516000000", "totalRevenue": "6302000000", "costOfRevenue": "3786000000", "costofGoodsAndServicesSold": "3786000000", "operatingIncome": "638000000", "sellingGeneralAndAdministrative": "1668000000", "researchAndDevelopment": "0", "operatingExpenses": "1878000000", "investmentIncomeNet": "None", "netInterestIncome": "None", "interestIncome": "None", "interestExpense": "135000000", "nonInterestIncome": "None", "otherNonOperatingIncome": "-49000000", "depreciation": "None", "depreciationAndAmortization": "201000000", "incomeBeforeTax": "487000000", "incomeTaxExpense": "118000000", "interestAndDebtExpense": "None", "netIncomeFromContinuingOperations": "369000000", "comprehensiveIncomeNetOfTax": "None", "ebit": "622000000", "ebitda": "823000000", "netIncome": "464000000"}, {"fiscalDateEnding": "2016-03-31", "reportedCurrency": "USD", "grossProfit": "2535000000", "totalRevenue": "6455000000", "costOfRevenue": "3920000000", "costofGoodsAndServicesSold": "3920000000", "operatingIncome": "722000000", "sellingGeneralAndAdministrative": "1615000000", "researchAndDevelopment": "0", "operatingExpenses": "1813000000", "investmentIncomeNet": "None", "netInterestIncome": "None", "interestIncome": "None", "interestExpense": "136000000", "nonInterestIncome": "None", "otherNonOperatingIncome": "-116000000", "depreciation": "None", "depreciationAndAmortization": "207000000", "incomeBeforeTax": "478000000", "incomeTaxExpense": "49000000", "interestAndDebtExpense": "None", "netIncomeFromContinuingOperations": "429000000", "comprehensiveIncomeNetOfTax": "None", "ebit": "614000000", "ebitda": "821000000", "netIncome": "554000000"}, {"fiscalDateEnding": "2015-12-31", "reportedCurrency": "USD", "grossProfit": "2835000000", "totalRevenue": "7364000000", "costOfRevenue": "4529000000", "costofGoodsAndServicesSold": "4529000000", "operatingIncome": "-557000000", "sellingGeneralAndAdministrative": "360000000", "researchAndDevelopment": "409000000", "operatingExpenses": "3392000000", "investmentIncomeNet": "None", "netInterestIncome": "None", "interestIncome": "None", "interestExpense": "148000000", "nonInterestIncome": "None", "otherNonOperatingIncome": "-127000000", "depreciation": "None", "depreciationAndAmortization": "231000000", "incomeBeforeTax": "-756000000", "incomeTaxExpense": "32000000", "interestAndDebtExpense": "None", "netIncomeFromContinuingOperations": "-788000000", "comprehensiveIncomeNetOfTax": "None", "ebit": "-608000000", "ebitda": "-377000000", "netIncome": "-729000000"}, {"fiscalDateEnding": "2015-09-30", "reportedCurrency": "USD", "grossProfit": "2670000000", "totalRevenue": "6849000000", "costOfRevenue": "4179000000", "costofGoodsAndServicesSold": "4179000000", "operatingIncome": "7802000000", "sellingGeneralAndAdministrative": "1790000000", "researchAndDevelopment": "0", "operatingExpenses": "-5132000000", "investmentIncomeNet": "None", "netInterestIncome": "None", "interestIncome": "None", "interestExpense": "139000000", "nonInterestIncome": "None", "otherNonOperatingIncome": "-186000000", "depreciation": "None", "depreciationAndAmortization": "206000000", "incomeBeforeTax": "7688000000", "incomeTaxExpense": "348000000", "interestAndDebtExpense": "None", "netIncomeFromContinuingOperations": "7340000000", "comprehensiveIncomeNetOfTax": "None", "ebit": "7827000000", "ebitda": "8033000000", "netIncome": "7266000000"}, {"fiscalDateEnding": "2015-06-30", "reportedCurrency": "USD", "grossProfit": "3066000000", "totalRevenue": "7661000000", "costOfRevenue": "4595000000", "costofGoodsAndServicesSold": "4595000000", "operatingIncome": "841000000", "sellingGeneralAndAdministrative": "1961000000", "researchAndDevelopment": "0", "operatingExpenses": "2225000000", "investmentIncomeNet": "None", "netInterestIncome": "None", "interestIncome": "None", "interestExpense": "147000000", "nonInterestIncome": "None", "otherNonOperatingIncome": "-314000000", "depreciation": "None", "depreciationAndAmortization": "225000000", "incomeBeforeTax": "527000000", "incomeTaxExpense": "100000000", "interestAndDebtExpense": "None", "netIncomeFromContinuingOperations": "427000000", "comprehensiveIncomeNetOfTax": "None", "ebit": "674000000", "ebitda": "899000000", "netIncome": "406000000"}, {"fiscalDateEnding": "2015-03-31", "reportedCurrency": "USD", "grossProfit": "2941000000", "totalRevenue": "7762000000", "costOfRevenue": "4821000000", "costofGoodsAndServicesSold": "4821000000", "operatingIncome": "811000000", "sellingGeneralAndAdministrative": "1924000000", "researchAndDevelopment": "0", "operatingExpenses": "2130000000", "investmentIncomeNet": "None", "netInterestIncome": "None", "interestIncome": "None", "interestExpense": "175000000", "nonInterestIncome": "None", "otherNonOperatingIncome": "-386000000", "depreciation": "None", "depreciationAndAmortization": "232000000", "incomeBeforeTax": "425000000", "incomeTaxExpense": "113000000", "interestAndDebtExpense": "None", "netIncomeFromContinuingOperations": "312000000", "comprehensiveIncomeNetOfTax": "None", "ebit": "600000000", "ebitda": "832000000", "netIncome": "324000000"}, {"fiscalDateEnding": "2014-12-31", "reportedCurrency": "USD", "grossProfit": "3146000000", "totalRevenue": "8830000000", "costOfRevenue": "5684000000", "costofGoodsAndServicesSold": "5684000000", "operatingIncome": "589000000", "sellingGeneralAndAdministrative": "549000000", "researchAndDevelopment": "455000000", "operatingExpenses": "2557000000", "investmentIncomeNet": "None", "netInterestIncome": "None", "interestIncome": "None", "interestExpense": "196000000", "nonInterestIncome": "None", "otherNonOperatingIncome": "29000000", "depreciation": "None", "depreciationAndAmortization": "262000000", "incomeBeforeTax": "618000000", "incomeTaxExpense": "111000000", "interestAndDebtExpense": "None", "netIncomeFromContinuingOperations": "507000000", "comprehensiveIncomeNetOfTax": "None", "ebit": "814000000", "ebitda": "1076000000", "netIncome": "500000000"}, {"fiscalDateEnding": "2014-09-30", "reportedCurrency": "USD", "grossProfit": "3142000000", "totalRevenue": "8337000000", "costOfRevenue": "5195000000", "costofGoodsAndServicesSold": "5195000000", "operatingIncome": "853000000", "sellingGeneralAndAdministrative": "2053000000", "researchAndDevelopment": "0", "operatingExpenses": "2289000000", "investmentIncomeNet": "None", "netInterestIncome": "None", "interestIncome": "None", "interestExpense": "188000000", "nonInterestIncome": "None", "otherNonOperatingIncome": "227000000", "depreciation": "None", "depreciationAndAmortization": "264000000", "incomeBeforeTax": "1080000000", "incomeTaxExpense": "178000000", "interestAndDebtExpense": "None", "netIncomeFromContinuingOperations": "902000000", "comprehensiveIncomeNetOfTax": "None", "ebit": "1268000000", "ebitda": "1532000000", "netIncome": "899000000"}, {"fiscalDateEnding": "2014-06-30", "reportedCurrency": "USD", "grossProfit": "3105000000", "totalRevenue": "8436000000", "costOfRevenue": "5331000000", "costofGoodsAndServicesSold": "5331000000", "operatingIncome": "957000000", "sellingGeneralAndAdministrative": "2038000000", "researchAndDevelopment": "0", "operatingExpenses": "2148000000", "investmentIncomeNet": "None", "netInterestIncome": "None", "interestIncome": "None", "interestExpense": "192000000", "nonInterestIncome": "None", "otherNonOperatingIncome": "-224000000", "depreciation": "None", "depreciationAndAmortization": "271000000", "incomeBeforeTax": "733000000", "incomeTaxExpense": "91000000", "interestAndDebtExpense": "None", "netIncomeFromContinuingOperations": "642000000", "comprehensiveIncomeNetOfTax": "None", "ebit": "925000000", "ebitda": "1196000000", "netIncome": "622000000"}, {"fiscalDateEnding": "2014-03-31", "reportedCurrency": "USD", "grossProfit": "3204000000", "totalRevenue": "8641000000", "costOfRevenue": "5437000000", "costofGoodsAndServicesSold": "5437000000", "operatingIncome": "843000000", "sellingGeneralAndAdministrative": "2265000000", "researchAndDevelopment": "0", "operatingExpenses": "2361000000", "investmentIncomeNet": "None", "netInterestIncome": "None", "interestIncome": "None", "interestExpense": "202000000", "nonInterestIncome": "None", "otherNonOperatingIncome": "-720000000", "depreciation": "None", "depreciationAndAmortization": "262000000", "incomeBeforeTax": "123000000", "incomeTaxExpense": "-27000000", "interestAndDebtExpense": "None", "netIncomeFromContinuingOperations": "150000000", "comprehensiveIncomeNetOfTax": "None", "ebit": "325000000", "ebitda": "587000000", "netIncome": "163000000"}, {"fiscalDateEnding": "2013-12-31", "reportedCurrency": "USD", "grossProfit": "3493000000", "totalRevenue": "9488000000", "costOfRevenue": "5995000000", "costofGoodsAndServicesSold": "5995000000", "operatingIncome": "1010000000", "sellingGeneralAndAdministrative": "2294000000", "researchAndDevelopment": "471000000", "operatingExpenses": "2483000000", "investmentIncomeNet": "None", "netInterestIncome": "None", "interestIncome": "None", "interestExpense": "285000000", "nonInterestIncome": "None", "otherNonOperatingIncome": "-1579000000", "depreciation": "None", "depreciationAndAmortization": "269000000", "incomeBeforeTax": "163000000", "incomeTaxExpense": "52000000", "interestAndDebtExpense": "None", "netIncomeFromContinuingOperations": "111000000", "comprehensiveIncomeNetOfTax": "None", "ebit": "448000000", "ebitda": "717000000", "netIncome": "1707000000"}, {"fiscalDateEnding": "2013-09-30", "reportedCurrency": "USD", "grossProfit": "3144000000", "totalRevenue": "8472000000", "costOfRevenue": "5328000000", "costofGoodsAndServicesSold": "5328000000", "operatingIncome": "1262000000", "sellingGeneralAndAdministrative": "1784000000", "researchAndDevelopment": "0", "operatingExpenses": "1882000000", "investmentIncomeNet": "None", "netInterestIncome": "None", "interestIncome": "None", "interestExpense": "257000000", "nonInterestIncome": "None", "otherNonOperatingIncome": "None", "depreciation": "None", "depreciationAndAmortization": "276000000", "incomeBeforeTax": "1044000000", "incomeTaxExpense": "26000000", "interestAndDebtExpense": "None", "netIncomeFromContinuingOperations": "1030000000", "comprehensiveIncomeNetOfTax": "None", "ebit": "1301000000", "ebitda": "1577000000", "netIncome": "1012000000"}, {"fiscalDateEnding": "2013-06-30", "reportedCurrency": "USD", "grossProfit": "3231000000", "totalRevenue": "8595000000", "costOfRevenue": "5364000000", "costofGoodsAndServicesSold": "5364000000", "operatingIncome": "865000000", "sellingGeneralAndAdministrative": "2269000000", "researchAndDevelopment": "0", "operatingExpenses": "2366000000", "investmentIncomeNet": "None", "netInterestIncome": "None", "interestIncome": "None", "interestExpense": "235000000", "nonInterestIncome": "None", "otherNonOperatingIncome": "None", "depreciation": "None", "depreciationAndAmortization": "266000000", "incomeBeforeTax": "630000000", "incomeTaxExpense": "28000000", "interestAndDebtExpense": "None", "netIncomeFromContinuingOperations": "617000000", "comprehensiveIncomeNetOfTax": "None", "ebit": "865000000", "ebitda": "1131000000", "netIncome": "601000000"}, {"fiscalDateEnding": "2013-03-31", "reportedCurrency": "USD", "grossProfit": "3242000000", "totalRevenue": "8744000000", "costOfRevenue": "5502000000", "costofGoodsAndServicesSold": "5502000000", "operatingIncome": "834000000", "sellingGeneralAndAdministrative": "2332000000", "researchAndDevelopment": "0", "operatingExpenses": "2408000000", "investmentIncomeNet": "None", "netInterestIncome": "None", "interestIncome": "None", "interestExpense": "279000000", "nonInterestIncome": "None", "otherNonOperatingIncome": "None", "depreciation": "None", "depreciationAndAmortization": "266000000", "incomeBeforeTax": "555000000", "incomeTaxExpense": "13000000", "interestAndDebtExpense": "None", "netIncomeFromContinuingOperations": "574000000", "comprehensiveIncomeNetOfTax": "None", "ebit": "834000000", "ebitda": "1100000000", "netIncome": "536000000"}, {"fiscalDateEnding": "2012-12-31", "reportedCurrency": "USD", "grossProfit": "-1179000000", "totalRevenue": "-4273000000", "costOfRevenue": "-3094000000", "costofGoodsAndServicesSold": "-3094000000", "operatingIncome": "-1585000000", "sellingGeneralAndAdministrative": "545000000", "researchAndDevelopment": "462000000", "operatingExpenses": "406000000", "investmentIncomeNet": "None", "netInterestIncome": "None", "interestIncome": "None", "interestExpense": "669000000", "nonInterestIncome": "None", "otherNonOperatingIncome": "None", "depreciation": "None", "depreciationAndAmortization": "280000000", "incomeBeforeTax": "-1602000000", "incomeTaxExpense": "-657000000", "interestAndDebtExpense": "None", "netIncomeFromContinuingOperations": "-945000000", "comprehensiveIncomeNetOfTax": "None", "ebit": "-2271000000", "ebitda": "-1991000000", "netIncome": "534000000"}, {"fiscalDateEnding": "2012-09-30", "reportedCurrency": "USD", "grossProfit": "3120000000", "totalRevenue": "8326000000", "costOfRevenue": "5206000000", "costofGoodsAndServicesSold": "5206000000", "operatingIncome": "838000000", "sellingGeneralAndAdministrative": "2955000000", "researchAndDevelopment": "0", "operatingExpenses": "2282000000", "investmentIncomeNet": "None", "netInterestIncome": "None", "interestIncome": "None", "interestExpense": "737000000", "nonInterestIncome": "None", "otherNonOperatingIncome": "None", "depreciation": "None", "depreciationAndAmortization": "356000000", "incomeBeforeTax": "101000000", "incomeTaxExpense": "-76000000", "interestAndDebtExpense": "None", "netIncomeFromContinuingOperations": "659000000", "comprehensiveIncomeNetOfTax": "None", "ebit": "838000000", "ebitda": "1194000000", "netIncome": "652000000"}, {"fiscalDateEnding": "2012-06-30", "reportedCurrency": "USD", "grossProfit": "3211000000", "totalRevenue": "8527000000", "costOfRevenue": "5316000000", "costofGoodsAndServicesSold": "5316000000", "operatingIncome": "937000000", "sellingGeneralAndAdministrative": "2854000000", "researchAndDevelopment": "0", "operatingExpenses": "2274000000", "investmentIncomeNet": "None", "netInterestIncome": "None", "interestIncome": "None", "interestExpense": "344000000", "nonInterestIncome": "None", "otherNonOperatingIncome": "None", "depreciation": "None", "depreciationAndAmortization": "352000000", "incomeBeforeTax": "593000000", "incomeTaxExpense": "103000000", "interestAndDebtExpense": "None", "netIncomeFromContinuingOperations": "1034000000", "comprehensiveIncomeNetOfTax": "None", "ebit": "937000000", "ebitda": "1289000000", "netIncome": "1029000000"}, {"fiscalDateEnding": "2012-03-31", "reportedCurrency": "USD", "grossProfit": "3195000000", "totalRevenue": "8667000000", "costOfRevenue": "5472000000", "costofGoodsAndServicesSold": "5472000000", "operatingIncome": "903000000", "sellingGeneralAndAdministrative": "2822000000", "researchAndDevelopment": "0", "operatingExpenses": "2292000000", "investmentIncomeNet": "None", "netInterestIncome": "None", "interestIncome": "None", "interestExpense": "487000000", "nonInterestIncome": "None", "otherNonOperatingIncome": "None", "depreciation": "None", "depreciationAndAmortization": "357000000", "incomeBeforeTax": "416000000", "incomeTaxExpense": "77000000", "interestAndDebtExpense": "None", "netIncomeFromContinuingOperations": "819000000", "comprehensiveIncomeNetOfTax": "None", "ebit": "903000000", "ebitda": "1260000000", "netIncome": "813000000"}, {"fiscalDateEnding": "2011-12-31", "reportedCurrency": "USD", "grossProfit": "4893000000", "totalRevenue": "14688000000", "costOfRevenue": "9795000000", "costofGoodsAndServicesSold": "9795000000", "operatingIncome": "1507000000", "sellingGeneralAndAdministrative": "3333000000", "researchAndDevelopment": "702000000", "operatingExpenses": "3386000000", "investmentIncomeNet": "None", "netInterestIncome": "None", "interestIncome": "None", "interestExpense": "333000000", "nonInterestIncome": "None", "otherNonOperatingIncome": "None", "depreciation": "None", "depreciationAndAmortization": "368000000", "incomeBeforeTax": "934000000", "incomeTaxExpense": "92000000", "interestAndDebtExpense": "None", "netIncomeFromContinuingOperations": "842000000", "comprehensiveIncomeNetOfTax": "None", "ebit": "1267000000", "ebitda": "1635000000", "netIncome": "830000000"}, {"fiscalDateEnding": "2011-09-30", "reportedCurrency": "USD", "grossProfit": "4615000000", "totalRevenue": "13226000000", "costOfRevenue": "8611000000", "costofGoodsAndServicesSold": "8611000000", "operatingIncome": "1698000000", "sellingGeneralAndAdministrative": "2866000000", "researchAndDevelopment": "0", "operatingExpenses": "2917000000", "investmentIncomeNet": "None", "netInterestIncome": "None", "interestIncome": "None", "interestExpense": "425000000", "nonInterestIncome": "None", "otherNonOperatingIncome": "None", "depreciation": "None", "depreciationAndAmortization": "375000000", "incomeBeforeTax": "1273000000", "incomeTaxExpense": "346000000", "interestAndDebtExpense": "None", "netIncomeFromContinuingOperations": "927000000", "comprehensiveIncomeNetOfTax": "None", "ebit": "1698000000", "ebitda": "2073000000", "netIncome": "922000000"}, {"fiscalDateEnding": "2011-06-30", "reportedCurrency": "USD", "grossProfit": "4871000000", "totalRevenue": "13878000000", "costOfRevenue": "9007000000", "costofGoodsAndServicesSold": "9007000000", "operatingIncome": "1806000000", "sellingGeneralAndAdministrative": "3008000000", "researchAndDevelopment": "0", "operatingExpenses": "3065000000", "investmentIncomeNet": "None", "netInterestIncome": "None", "interestIncome": "None", "interestExpense": "441000000", "nonInterestIncome": "None", "otherNonOperatingIncome": "None", "depreciation": "None", "depreciationAndAmortization": "370000000", "incomeBeforeTax": "1365000000", "incomeTaxExpense": "389000000", "interestAndDebtExpense": "None", "netIncomeFromContinuingOperations": "976000000", "comprehensiveIncomeNetOfTax": "None", "ebit": "1806000000", "ebitda": "2176000000", "netIncome": "976000000"}, {"fiscalDateEnding": "2011-03-31", "reportedCurrency": "USD", "grossProfit": "4636000000", "totalRevenue": "12573000000", "costOfRevenue": "7937000000", "costofGoodsAndServicesSold": "7937000000", "operatingIncome": "1646000000", "sellingGeneralAndAdministrative": "2933000000", "researchAndDevelopment": "0", "operatingExpenses": "2990000000", "investmentIncomeNet": "None", "netInterestIncome": "None", "interestIncome": "None", "interestExpense": "446000000", "nonInterestIncome": "None", "otherNonOperatingIncome": "None", "depreciation": "None", "depreciationAndAmortization": "372000000", "incomeBeforeTax": "1200000000", "incomeTaxExpense": "398000000", "interestAndDebtExpense": "None", "netIncomeFromContinuingOperations": "802000000", "comprehensiveIncomeNetOfTax": "None", "ebit": "1646000000", "ebitda": "2018000000", "netIncome": "799000000"}, {"fiscalDateEnding": "2010-12-31", "reportedCurrency": "USD", "grossProfit": "4798000000", "totalRevenue": "13773000000", "costOfRevenue": "8975000000", "costofGoodsAndServicesSold": "8975000000", "operatingIncome": "1240000000", "sellingGeneralAndAdministrative": "3460000000", "researchAndDevelopment": "583000000", "operatingExpenses": "3558000000", "investmentIncomeNet": "None", "netInterestIncome": "None", "interestIncome": "None", "interestExpense": "294000000", "nonInterestIncome": "None", "otherNonOperatingIncome": "None", "depreciation": "None", "depreciationAndAmortization": "421000000", "incomeBeforeTax": "712000000", "incomeTaxExpense": "165000000", "interestAndDebtExpense": "None", "netIncomeFromContinuingOperations": "547000000", "comprehensiveIncomeNetOfTax": "None", "ebit": "1006000000", "ebitda": "1427000000", "netIncome": "540000000"}, {"fiscalDateEnding": "2010-09-30", "reportedCurrency": "USD", "grossProfit": "4321000000", "totalRevenue": "11863000000", "costOfRevenue": "7542000000", "costofGoodsAndServicesSold": "7542000000", "operatingIncome": "1519000000", "sellingGeneralAndAdministrative": "2758000000", "researchAndDevelopment": "0", "operatingExpenses": "2802000000", "investmentIncomeNet": "None", "netInterestIncome": "None", "interestIncome": "None", "interestExpense": "433000000", "nonInterestIncome": "None", "otherNonOperatingIncome": "None", "depreciation": "None", "depreciationAndAmortization": "340000000", "incomeBeforeTax": "1086000000", "incomeTaxExpense": "326000000", "interestAndDebtExpense": "None", "netIncomeFromContinuingOperations": "760000000", "comprehensiveIncomeNetOfTax": "None", "ebit": "1519000000", "ebitda": "1859000000", "netIncome": "754000000"}, {"fiscalDateEnding": "2010-06-30", "reportedCurrency": "USD", "grossProfit": "4694000000", "totalRevenue": "12253000000", "costOfRevenue": "7559000000", "costofGoodsAndServicesSold": "7559000000", "operatingIncome": "1701000000", "sellingGeneralAndAdministrative": "2933000000", "researchAndDevelopment": "0", "operatingExpenses": "2993000000", "investmentIncomeNet": "None", "netInterestIncome": "None", "interestIncome": "None", "interestExpense": "439000000", "nonInterestIncome": "None", "otherNonOperatingIncome": "None", "depreciation": "None", "depreciationAndAmortization": "366000000", "incomeBeforeTax": "1262000000", "incomeTaxExpense": "323000000", "interestAndDebtExpense": "None", "netIncomeFromContinuingOperations": "939000000", "comprehensiveIncomeNetOfTax": "None", "ebit": "1701000000", "ebitda": "2067000000", "netIncome": "937000000"}, {"fiscalDateEnding": "2010-03-31", "reportedCurrency": "USD", "grossProfit": "4089000000", "totalRevenue": "11318000000", "costOfRevenue": "7229000000", "costofGoodsAndServicesSold": "7229000000", "operatingIncome": "1206000000", "sellingGeneralAndAdministrative": "2850000000", "researchAndDevelopment": "0", "operatingExpenses": "2883000000", "investmentIncomeNet": "None", "netInterestIncome": "None", "interestIncome": "None", "interestExpense": "624000000", "nonInterestIncome": "None", "otherNonOperatingIncome": "None", "depreciation": "None", "depreciationAndAmortization": "313000000", "incomeBeforeTax": "582000000", "incomeTaxExpense": "333000000", "interestAndDebtExpense": "None", "netIncomeFromContinuingOperations": "249000000", "comprehensiveIncomeNetOfTax": "None", "ebit": "1206000000", "ebitda": "1519000000", "netIncome": "1883000000"}, {"fiscalDateEnding": "2009-12-31", "reportedCurrency": "USD", "grossProfit": "4129000000", "totalRevenue": "11025000000", "costOfRevenue": "6896000000", "costofGoodsAndServicesSold": "6896000000", "operatingIncome": "1306000000", "sellingGeneralAndAdministrative": "2861000000", "researchAndDevelopment": "466000000", "operatingExpenses": "2823000000", "investmentIncomeNet": "None", "netInterestIncome": "None", "interestIncome": "None", "interestExpense": "345000000", "nonInterestIncome": "None", "otherNonOperatingIncome": "None", "depreciation": "None", "depreciationAndAmortization": "272000000", "incomeBeforeTax": "984000000", "incomeTaxExpense": "273000000", "interestAndDebtExpense": "None", "netIncomeFromContinuingOperations": "0", "comprehensiveIncomeNetOfTax": "None", "ebit": "1329000000", "ebitda": "1601000000", "netIncome": "710000000"}, {"fiscalDateEnding": "2009-09-30", "reportedCurrency": "USD", "grossProfit": "3378000000", "totalRevenue": "9397000000", "costOfRevenue": "6019000000", "costofGoodsAndServicesSold": "6019000000", "operatingIncome": "1339000000", "sellingGeneralAndAdministrative": "2116000000", "researchAndDevelopment": "0", "operatingExpenses": "2039000000", "investmentIncomeNet": "None", "netInterestIncome": "None", "interestIncome": "None", "interestExpense": "323000000", "nonInterestIncome": "None", "otherNonOperatingIncome": "None", "depreciation": "None", "depreciationAndAmortization": "227000000", "incomeBeforeTax": "1016000000", "incomeTaxExpense": "242000000", "interestAndDebtExpense": "None", "netIncomeFromContinuingOperations": "826000000", "comprehensiveIncomeNetOfTax": "None", "ebit": "1339000000", "ebitda": "1566000000", "netIncome": "824000000"}, {"fiscalDateEnding": "2009-06-30", "reportedCurrency": "USD", "grossProfit": "3512000000", "totalRevenue": "9781000000", "costOfRevenue": "6269000000", "costofGoodsAndServicesSold": "6269000000", "operatingIncome": "1456000000", "sellingGeneralAndAdministrative": "2140000000", "researchAndDevelopment": "0", "operatingExpenses": "2056000000", "investmentIncomeNet": "None", "netInterestIncome": "None", "interestIncome": "None", "interestExpense": "309000000", "nonInterestIncome": "None", "otherNonOperatingIncome": "None", "depreciation": "None", "depreciationAndAmortization": "217000000", "incomeBeforeTax": "1144000000", "incomeTaxExpense": "363000000", "interestAndDebtExpense": "None", "netIncomeFromContinuingOperations": "829000000", "comprehensiveIncomeNetOfTax": "None", "ebit": "1453000000", "ebitda": "1670000000", "netIncome": "827000000"}, {"fiscalDateEnding": "2009-03-31", "reportedCurrency": "USD", "grossProfit": "3100000000", "totalRevenue": "8979000000", "costOfRevenue": "5879000000", "costofGoodsAndServicesSold": "5879000000", "operatingIncome": "1175000000", "sellingGeneralAndAdministrative": "1991000000", "researchAndDevelopment": "0", "operatingExpenses": "1925000000", "investmentIncomeNet": "None", "netInterestIncome": "None", "interestIncome": "None", "interestExpense": "305000000", "nonInterestIncome": "None", "otherNonOperatingIncome": "None", "depreciation": "None", "depreciationAndAmortization": "215000000", "incomeBeforeTax": "895000000", "incomeTaxExpense": "292000000", "interestAndDebtExpense": "None", "netIncomeFromContinuingOperations": "0", "comprehensiveIncomeNetOfTax": "None", "ebit": "1200000000", "ebitda": "1415000000", "netIncome": "660000000"}, {"fiscalDateEnding": "2008-12-31", "reportedCurrency": "USD", "grossProfit": "3394000000", "totalRevenue": "10767000000", "costOfRevenue": "7373000000", "costofGoodsAndServicesSold": "7373000000", "operatingIncome": "302000000", "sellingGeneralAndAdministrative": "2370000000", "researchAndDevelopment": "498000000", "operatingExpenses": "3092000000", "investmentIncomeNet": "None", "netInterestIncome": "None", "interestIncome": "None", "interestExpense": "305000000", "nonInterestIncome": "None", "otherNonOperatingIncome": "None", "depreciation": "None", "depreciationAndAmortization": "234000000", "incomeBeforeTax": "-4000000", "incomeTaxExpense": "-90000000", "interestAndDebtExpense": "None", "netIncomeFromContinuingOperations": "0", "comprehensiveIncomeNetOfTax": "None", "ebit": "301000000", "ebitda": "535000000", "netIncome": "163000000"}, {"fiscalDateEnding": "2008-09-30", "reportedCurrency": "USD", "grossProfit": "3305000000", "totalRevenue": "10401000000", "costOfRevenue": "7096000000", "costofGoodsAndServicesSold": "7096000000", "operatingIncome": "1023000000", "sellingGeneralAndAdministrative": "2199000000", "researchAndDevelopment": "0", "operatingExpenses": "2282000000", "investmentIncomeNet": "None", "netInterestIncome": "None", "interestIncome": "None", "interestExpense": "298000000", "nonInterestIncome": "None", "otherNonOperatingIncome": "None", "depreciation": "None", "depreciationAndAmortization": "245000000", "incomeBeforeTax": "725000000", "incomeTaxExpense": "205000000", "interestAndDebtExpense": "None", "netIncomeFromContinuingOperations": "0", "comprehensiveIncomeNetOfTax": "None", "ebit": "1023000000", "ebitda": "1268000000", "netIncome": "1362000000"}, {"fiscalDateEnding": "2008-06-30", "reportedCurrency": "USD", "grossProfit": "3868000000", "totalRevenue": "10804000000", "costOfRevenue": "6936000000", "costofGoodsAndServicesSold": "6936000000", "operatingIncome": "1423000000", "sellingGeneralAndAdministrative": "2353000000", "researchAndDevelopment": "0", "operatingExpenses": "2445000000", "investmentIncomeNet": "None", "netInterestIncome": "None", "interestIncome": "None", "interestExpense": "331000000", "nonInterestIncome": "None", "otherNonOperatingIncome": "None", "depreciation": "None", "depreciationAndAmortization": "259000000", "incomeBeforeTax": "1092000000", "incomeTaxExpense": "414000000", "interestAndDebtExpense": "None", "netIncomeFromContinuingOperations": "0", "comprehensiveIncomeNetOfTax": "None", "ebit": "1423000000", "ebitda": "1682000000", "netIncome": "745000000"}, {"fiscalDateEnding": "2008-03-31", "reportedCurrency": "USD", "grossProfit": "3301000000", "totalRevenue": "10046000000", "costOfRevenue": "6745000000", "costofGoodsAndServicesSold": "6745000000", "operatingIncome": "1067000000", "sellingGeneralAndAdministrative": "2211000000", "researchAndDevelopment": "0", "operatingExpenses": "2234000000", "investmentIncomeNet": "None", "netInterestIncome": "None", "interestIncome": "None", "interestExpense": "305000000", "nonInterestIncome": "None", "otherNonOperatingIncome": "None", "depreciation": "None", "depreciationAndAmortization": "248000000", "incomeBeforeTax": "762000000", "incomeTaxExpense": "215000000", "interestAndDebtExpense": "None", "netIncomeFromContinuingOperations": "0", "comprehensiveIncomeNetOfTax": "None", "ebit": "1067000000", "ebitda": "1315000000", "netIncome": "599000000"}, {"fiscalDateEnding": "2007-12-31", "reportedCurrency": "USD", "grossProfit": "3220000000", "totalRevenue": "10396000000", "costOfRevenue": "7176000000", "costofGoodsAndServicesSold": "7176000000", "operatingIncome": "1040000000", "sellingGeneralAndAdministrative": "2067000000", "researchAndDevelopment": "442000000", "operatingExpenses": "2180000000", "investmentIncomeNet": "None", "netInterestIncome": "None", "interestIncome": "None", "interestExpense": "246000000", "nonInterestIncome": "None", "otherNonOperatingIncome": "None", "depreciation": "None", "depreciationAndAmortization": "224000000", "incomeBeforeTax": "814000000", "incomeTaxExpense": "229000000", "interestAndDebtExpense": "None", "netIncomeFromContinuingOperations": "0", "comprehensiveIncomeNetOfTax": "None", "ebit": "1060000000", "ebitda": "1284000000", "netIncome": "585000000"}, {"fiscalDateEnding": "2007-09-30", "reportedCurrency": "USD", "grossProfit": "2925000000", "totalRevenue": "8760000000", "costOfRevenue": "5835000000", "costofGoodsAndServicesSold": "5835000000", "operatingIncome": "885000000", "sellingGeneralAndAdministrative": "1901000000", "researchAndDevelopment": "0", "operatingExpenses": "2040000000", "investmentIncomeNet": "None", "netInterestIncome": "None", "interestIncome": "None", "interestExpense": "165000000", "nonInterestIncome": "None", "otherNonOperatingIncome": "None", "depreciation": "None", "depreciationAndAmortization": "220000000", "incomeBeforeTax": "720000000", "incomeTaxExpense": "185000000", "interestAndDebtExpense": "None", "netIncomeFromContinuingOperations": "0", "comprehensiveIncomeNetOfTax": "None", "ebit": "885000000", "ebitda": "1105000000", "netIncome": "596000000"}, {"fiscalDateEnding": "2007-06-30", "reportedCurrency": "USD", "grossProfit": "3260000000", "totalRevenue": "9205000000", "costOfRevenue": "5945000000", "costofGoodsAndServicesSold": "5945000000", "operatingIncome": "1188000000", "sellingGeneralAndAdministrative": "1969000000", "researchAndDevelopment": "0", "operatingExpenses": "2072000000", "investmentIncomeNet": "None", "netInterestIncome": "None", "interestIncome": "None", "interestExpense": "149000000", "nonInterestIncome": "None", "otherNonOperatingIncome": "None", "depreciation": "None", "depreciationAndAmortization": "222000000", "incomeBeforeTax": "1039000000", "incomeTaxExpense": "332000000", "interestAndDebtExpense": "None", "netIncomeFromContinuingOperations": "0", "comprehensiveIncomeNetOfTax": "None", "ebit": "1188000000", "ebitda": "1410000000", "netIncome": "707000000"}, {"fiscalDateEnding": "2007-03-31", "reportedCurrency": "USD", "grossProfit": "3051000000", "totalRevenue": "8586000000", "costOfRevenue": "5535000000", "costofGoodsAndServicesSold": "5535000000", "operatingIncome": "1122000000", "sellingGeneralAndAdministrative": "1872000000", "researchAndDevelopment": "0", "operatingExpenses": "1929000000", "investmentIncomeNet": "None", "netInterestIncome": "None", "interestIncome": "None", "interestExpense": "64000000", "nonInterestIncome": "None", "otherNonOperatingIncome": "None", "depreciation": "None", "depreciationAndAmortization": "220000000", "incomeBeforeTax": "1058000000", "incomeTaxExpense": "356000000", "interestAndDebtExpense": "None", "netIncomeFromContinuingOperations": "0", "comprehensiveIncomeNetOfTax": "None", "ebit": "1122000000", "ebitda": "1342000000", "netIncome": "702000000"}, {"fiscalDateEnding": "2006-12-31", "reportedCurrency": "USD", "grossProfit": "3300000000", "totalRevenue": "9371000000", "costOfRevenue": "6071000000", "costofGoodsAndServicesSold": "6071000000", "operatingIncome": "974000000", "sellingGeneralAndAdministrative": "2007000000", "researchAndDevelopment": "419000000", "operatingExpenses": "2326000000", "investmentIncomeNet": "None", "netInterestIncome": "None", "interestIncome": "None", "interestExpense": "134000000", "nonInterestIncome": "None", "otherNonOperatingIncome": "None", "depreciation": "None", "depreciationAndAmortization": "237000000", "incomeBeforeTax": "841000000", "incomeTaxExpense": "216000000", "interestAndDebtExpense": "None", "netIncomeFromContinuingOperations": "0", "comprehensiveIncomeNetOfTax": "None", "ebit": "960000000", "ebitda": "1197000000", "netIncome": "624000000"}, {"fiscalDateEnding": "2006-09-30", "reportedCurrency": "USD", "grossProfit": "3000000000", "totalRevenue": "8243000000", "costOfRevenue": "5243000000", "costofGoodsAndServicesSold": "5243000000", "operatingIncome": "1355000000", "sellingGeneralAndAdministrative": "1765000000", "researchAndDevelopment": "0", "operatingExpenses": "1645000000", "investmentIncomeNet": "None", "netInterestIncome": "None", "interestIncome": "None", "interestExpense": "136000000", "nonInterestIncome": "None", "otherNonOperatingIncome": "None", "depreciation": "None", "depreciationAndAmortization": "221000000", "incomeBeforeTax": "1223000000", "incomeTaxExpense": "473000000", "interestAndDebtExpense": "None", "netIncomeFromContinuingOperations": "0", "comprehensiveIncomeNetOfTax": "None", "ebit": "1358000000", "ebitda": "1579000000", "netIncome": "748000000"}, {"fiscalDateEnding": "2006-06-30", "reportedCurrency": "USD", "grossProfit": "3184000000", "totalRevenue": "8619000000", "costOfRevenue": "5435000000", "costofGoodsAndServicesSold": "5435000000", "operatingIncome": "1177000000", "sellingGeneralAndAdministrative": "1770000000", "researchAndDevelopment": "0", "operatingExpenses": "2007000000", "investmentIncomeNet": "None", "netInterestIncome": "None", "interestIncome": "None", "interestExpense": "148000000", "nonInterestIncome": "None", "otherNonOperatingIncome": "None", "depreciation": "None", "depreciationAndAmortization": "217000000", "incomeBeforeTax": "1029000000", "incomeTaxExpense": "347000000", "interestAndDebtExpense": "None", "netIncomeFromContinuingOperations": "0", "comprehensiveIncomeNetOfTax": "None", "ebit": "1403000000", "ebitda": "1620000000", "netIncome": "682000000"}, {"fiscalDateEnding": "2006-03-31", "reportedCurrency": "USD", "grossProfit": "2932000000", "totalRevenue": "8123000000", "costOfRevenue": "5191000000", "costofGoodsAndServicesSold": "5191000000", "operatingIncome": "1018000000", "sellingGeneralAndAdministrative": "1707000000", "researchAndDevelopment": "0", "operatingExpenses": "1914000000", "investmentIncomeNet": "None", "netInterestIncome": "None", "interestIncome": "None", "interestExpense": "97000000", "nonInterestIncome": "None", "otherNonOperatingIncome": "None", "depreciation": "None", "depreciationAndAmortization": "216000000", "incomeBeforeTax": "922000000", "incomeTaxExpense": "-85000000", "interestAndDebtExpense": "None", "netIncomeFromContinuingOperations": "0", "comprehensiveIncomeNetOfTax": "None", "ebit": "1018000000", "ebitda": "1234000000", "netIncome": "1006000000"}, {"fiscalDateEnding": "2005-12-31", "reportedCurrency": "USD", "grossProfit": "3398000000", "totalRevenue": "9663000000", "costOfRevenue": "6265000000", "costofGoodsAndServicesSold": "6265000000", "operatingIncome": "1197000000", "sellingGeneralAndAdministrative": "1919000000", "researchAndDevelopment": "385000000", "operatingExpenses": "2201000000", "investmentIncomeNet": "None", "netInterestIncome": "None", "interestIncome": "None", "interestExpense": "147000000", "nonInterestIncome": "None", "otherNonOperatingIncome": "None", "depreciation": "None", "depreciationAndAmortization": "228000000", "incomeBeforeTax": "1050000000", "incomeTaxExpense": "277000000", "interestAndDebtExpense": "None", "netIncomeFromContinuingOperations": "0", "comprehensiveIncomeNetOfTax": "None", "ebit": "1197000000", "ebitda": "1425000000", "netIncome": "773000000"}, {"fiscalDateEnding": "2005-09-30", "reportedCurrency": "USD", "grossProfit": "2856000000", "totalRevenue": "8057000000", "costOfRevenue": "5201000000", "costofGoodsAndServicesSold": "5201000000", "operatingIncome": "1148000000", "sellingGeneralAndAdministrative": "1678000000", "researchAndDevelopment": "0", "operatingExpenses": "1708000000", "investmentIncomeNet": "None", "netInterestIncome": "None", "interestIncome": "None", "interestExpense": "140000000", "nonInterestIncome": "None", "otherNonOperatingIncome": "None", "depreciation": "None", "depreciationAndAmortization": "215000000", "incomeBeforeTax": "1009000000", "incomeTaxExpense": "334000000", "interestAndDebtExpense": "None", "netIncomeFromContinuingOperations": "0", "comprehensiveIncomeNetOfTax": "None", "ebit": "1148000000", "ebitda": "1363000000", "netIncome": "674000000"}, {"fiscalDateEnding": "2005-06-30", "reportedCurrency": "USD", "grossProfit": "3059000000", "totalRevenue": "8334000000", "costOfRevenue": "5275000000", "costofGoodsAndServicesSold": "5275000000", "operatingIncome": "1250000000", "sellingGeneralAndAdministrative": "1777000000", "researchAndDevelopment": "0", "operatingExpenses": "1809000000", "investmentIncomeNet": "None", "netInterestIncome": "None", "interestIncome": "None", "interestExpense": "174000000", "nonInterestIncome": "None", "otherNonOperatingIncome": "None", "depreciation": "None", "depreciationAndAmortization": "218000000", "incomeBeforeTax": "1076000000", "incomeTaxExpense": "316000000", "interestAndDebtExpense": "None", "netIncomeFromContinuingOperations": "0", "comprehensiveIncomeNetOfTax": "None", "ebit": "1250000000", "ebitda": "1468000000", "netIncome": "472000000"}, {"fiscalDateEnding": "2005-03-31", "reportedCurrency": "USD", "grossProfit": "2955000000", "totalRevenue": "8059000000", "costOfRevenue": "5104000000", "costofGoodsAndServicesSold": "5104000000", "operatingIncome": "1157000000", "sellingGeneralAndAdministrative": "1761000000", "researchAndDevelopment": "0", "operatingExpenses": "1798000000", "investmentIncomeNet": "None", "netInterestIncome": "None", "interestIncome": "None", "interestExpense": "162000000", "nonInterestIncome": "None", "otherNonOperatingIncome": "None", "depreciation": "None", "depreciationAndAmortization": "218000000", "incomeBeforeTax": "981000000", "incomeTaxExpense": "282000000", "interestAndDebtExpense": "None", "netIncomeFromContinuingOperations": "0", "comprehensiveIncomeNetOfTax": "None", "ebit": "1157000000", "ebitda": "1375000000", "netIncome": "713000000"}, {"fiscalDateEnding": "2004-12-31", "reportedCurrency": "USD", "grossProfit": "3006000000", "totalRevenue": "8439000000", "costOfRevenue": "5433000000", "costofGoodsAndServicesSold": "5433000000", "operatingIncome": "1128000000", "sellingGeneralAndAdministrative": "1759000000", "researchAndDevelopment": "388000000", "operatingExpenses": "1878000000", "investmentIncomeNet": "None", "netInterestIncome": "None", "interestIncome": "None", "interestExpense": "182000000", "nonInterestIncome": "None", "otherNonOperatingIncome": "None", "depreciation": "None", "depreciationAndAmortization": "246000000", "incomeBeforeTax": "969000000", "incomeTaxExpense": "318000000", "interestAndDebtExpense": "None", "netIncomeFromContinuingOperations": "0", "comprehensiveIncomeNetOfTax": "None", "ebit": "1128000000", "ebitda": "1374000000", "netIncome": "628000000"}]}