{"symbol": "HIG", "annualReports": [{"fiscalDateEnding": "2024-12-31", "reportedCurrency": "USD", "grossProfit": "26535000000", "totalRevenue": "26384000000", "costOfRevenue": "-151000000", "costofGoodsAndServicesSold": "-151000000", "operatingIncome": "3849000000", "sellingGeneralAndAdministrative": "None", "researchAndDevelopment": "None", "operatingExpenses": "22535000000", "investmentIncomeNet": "None", "netInterestIncome": "-199000000", "interestIncome": "None", "interestExpense": "199000000", "nonInterestIncome": "None", "otherNonOperatingIncome": "None", "depreciation": "None", "depreciationAndAmortization": "356000000", "incomeBeforeTax": "3849000000", "incomeTaxExpense": "738000000", "interestAndDebtExpense": "None", "netIncomeFromContinuingOperations": "3111000000", "comprehensiveIncomeNetOfTax": "None", "ebit": "4048000000", "ebitda": "4404000000", "netIncome": "3111000000"}, {"fiscalDateEnding": "2023-12-31", "reportedCurrency": "USD", "grossProfit": "24527000000", "totalRevenue": "24527000000", "costOfRevenue": "None", "costofGoodsAndServicesSold": "None", "operatingIncome": "3307000000", "sellingGeneralAndAdministrative": "None", "researchAndDevelopment": "None", "operatingExpenses": "21240000000", "investmentIncomeNet": "None", "netInterestIncome": "-200000000", "interestIncome": "None", "interestExpense": "199000000", "nonInterestIncome": "None", "otherNonOperatingIncome": "None", "depreciation": "None", "depreciationAndAmortization": "510000000", "incomeBeforeTax": "3088000000", "incomeTaxExpense": "584000000", "interestAndDebtExpense": "None", "netIncomeFromContinuingOperations": "2321000000", "comprehensiveIncomeNetOfTax": "None", "ebit": "3287000000", "ebitda": "3797000000", "netIncome": "2504000000"}, {"fiscalDateEnding": "2022-12-31", "reportedCurrency": "USD", "grossProfit": "17532000000", "totalRevenue": "22362000000", "costOfRevenue": "4830000000", "costofGoodsAndServicesSold": "4830000000", "operatingIncome": "3025000000", "sellingGeneralAndAdministrative": "None", "researchAndDevelopment": "None", "operatingExpenses": "-14507000000", "investmentIncomeNet": "None", "netInterestIncome": "-213000000", "interestIncome": "213000000", "interestExpense": "213000000", "nonInterestIncome": "None", "otherNonOperatingIncome": "None", "depreciation": "None", "depreciationAndAmortization": "625000000", "incomeBeforeTax": "2258000000", "incomeTaxExpense": "443000000", "interestAndDebtExpense": "None", "netIncomeFromContinuingOperations": "1815000000", "comprehensiveIncomeNetOfTax": "None", "ebit": "2471000000", "ebitda": "3096000000", "netIncome": "1819000000"}, {"fiscalDateEnding": "2021-12-31", "reportedCurrency": "USD", "grossProfit": "17611000000", "totalRevenue": "22390000000", "costOfRevenue": "4779000000", "costofGoodsAndServicesSold": "4779000000", "operatingIncome": "2815000000", "sellingGeneralAndAdministrative": "None", "researchAndDevelopment": "None", "operatingExpenses": "-19575000000", "investmentIncomeNet": "None", "netInterestIncome": "-236000000", "interestIncome": "234000000", "interestExpense": "234000000", "nonInterestIncome": "None", "otherNonOperatingIncome": "None", "depreciation": "None", "depreciationAndAmortization": "680000000", "incomeBeforeTax": "2896000000", "incomeTaxExpense": "531000000", "interestAndDebtExpense": "None", "netIncomeFromContinuingOperations": "1737000000", "comprehensiveIncomeNetOfTax": "None", "ebit": "3130000000", "ebitda": "3810000000", "netIncome": "2371000000"}, {"fiscalDateEnding": "2020-12-31", "reportedCurrency": "USD", "grossProfit": "16043000000", "totalRevenue": "20523000000", "costOfRevenue": "4480000000", "costofGoodsAndServicesSold": "4480000000", "operatingIncome": "1994000000", "sellingGeneralAndAdministrative": "None", "researchAndDevelopment": "None", "operatingExpenses": "-18529000000", "investmentIncomeNet": "None", "netInterestIncome": "-236000000", "interestIncome": "236000000", "interestExpense": "236000000", "nonInterestIncome": "None", "otherNonOperatingIncome": "None", "depreciation": "None", "depreciationAndAmortization": "562000000", "incomeBeforeTax": "2120000000", "incomeTaxExpense": "383000000", "interestAndDebtExpense": "None", "netIncomeFromContinuingOperations": "1737000000", "comprehensiveIncomeNetOfTax": "None", "ebit": "2356000000", "ebitda": "2918000000", "netIncome": "1737000000"}, {"fiscalDateEnding": "2019-12-31", "reportedCurrency": "USD", "grossProfit": "16160000000", "totalRevenue": "20740000000", "costOfRevenue": "4580000000", "costofGoodsAndServicesSold": "4580000000", "operatingIncome": "2390000000", "sellingGeneralAndAdministrative": "4472000000", "researchAndDevelopment": "None", "operatingExpenses": "-18350000000", "investmentIncomeNet": "None", "netInterestIncome": "-259000000", "interestIncome": "259000000", "interestExpense": "259000000", "nonInterestIncome": "None", "otherNonOperatingIncome": "None", "depreciation": "None", "depreciationAndAmortization": "451000000", "incomeBeforeTax": "2560000000", "incomeTaxExpense": "475000000", "interestAndDebtExpense": "None", "netIncomeFromContinuingOperations": "2085000000", "comprehensiveIncomeNetOfTax": "None", "ebit": "2819000000", "ebitda": "3270000000", "netIncome": "2085000000"}, {"fiscalDateEnding": "2018-12-31", "reportedCurrency": "USD", "grossProfit": "14674000000", "totalRevenue": "18955000000", "costOfRevenue": "4281000000", "costofGoodsAndServicesSold": "4281000000", "operatingIncome": "2373000000", "sellingGeneralAndAdministrative": "4234000000", "researchAndDevelopment": "None", "operatingExpenses": "16898000000", "investmentIncomeNet": "None", "netInterestIncome": "-298000000", "interestIncome": "298000000", "interestExpense": "298000000", "nonInterestIncome": "None", "otherNonOperatingIncome": "None", "depreciation": "None", "depreciationAndAmortization": "300000000", "incomeBeforeTax": "1753000000", "incomeTaxExpense": "268000000", "interestAndDebtExpense": "None", "netIncomeFromContinuingOperations": "1485000000", "comprehensiveIncomeNetOfTax": "None", "ebit": "2051000000", "ebitda": "2351000000", "netIncome": "1807000000"}, {"fiscalDateEnding": "2017-12-31", "reportedCurrency": "USD", "grossProfit": "12599000000", "totalRevenue": "16974000000", "costOfRevenue": "4375000000", "costofGoodsAndServicesSold": "4375000000", "operatingIncome": "-262000000", "sellingGeneralAndAdministrative": "4546000000", "researchAndDevelopment": "0", "operatingExpenses": "16123000000", "investmentIncomeNet": "None", "netInterestIncome": "-316000000", "interestIncome": "316000000", "interestExpense": "316000000", "nonInterestIncome": "None", "otherNonOperatingIncome": "None", "depreciation": "None", "depreciationAndAmortization": "211000000", "incomeBeforeTax": "723000000", "incomeTaxExpense": "985000000", "interestAndDebtExpense": "None", "netIncomeFromContinuingOperations": "-262000000", "comprehensiveIncomeNetOfTax": "None", "ebit": "1039000000", "ebitda": "1250000000", "netIncome": "-3131000000"}, {"fiscalDateEnding": "2016-12-31", "reportedCurrency": "USD", "grossProfit": "14667000000", "totalRevenue": "18300000000", "costOfRevenue": "3633000000", "costofGoodsAndServicesSold": "3633000000", "operatingIncome": "1143000000", "sellingGeneralAndAdministrative": "3523000000", "researchAndDevelopment": "0", "operatingExpenses": "14867000000", "investmentIncomeNet": "None", "netInterestIncome": "-339000000", "interestIncome": "327000000", "interestExpense": "339000000", "nonInterestIncome": "None", "otherNonOperatingIncome": "-650000000", "depreciation": "None", "depreciationAndAmortization": "406000000", "incomeBeforeTax": "804000000", "incomeTaxExpense": "-92000000", "interestAndDebtExpense": "None", "netIncomeFromContinuingOperations": "896000000", "comprehensiveIncomeNetOfTax": "None", "ebit": "774000000", "ebitda": "1180000000", "netIncome": "896000000"}, {"fiscalDateEnding": "2015-12-31", "reportedCurrency": "USD", "grossProfit": "14605000000", "totalRevenue": "18377000000", "costOfRevenue": "3772000000", "costofGoodsAndServicesSold": "3772000000", "operatingIncome": "9000000", "sellingGeneralAndAdministrative": "3439000000", "researchAndDevelopment": "0", "operatingExpenses": "14152000000", "investmentIncomeNet": "None", "netInterestIncome": "None", "interestIncome": "346000000", "interestExpense": "357000000", "nonInterestIncome": "None", "otherNonOperatingIncome": "28000000", "depreciation": "None", "depreciationAndAmortization": "373000000", "incomeBeforeTax": "1978000000", "incomeTaxExpense": "305000000", "interestAndDebtExpense": "None", "netIncomeFromContinuingOperations": "1673000000", "comprehensiveIncomeNetOfTax": "None", "ebit": "2126000000", "ebitda": "2499000000", "netIncome": "1682000000"}, {"fiscalDateEnding": "2014-12-31", "reportedCurrency": "USD", "grossProfit": "14586000000", "totalRevenue": "18614000000", "costOfRevenue": "4028000000", "costofGoodsAndServicesSold": "4028000000", "operatingIncome": "-551000000", "sellingGeneralAndAdministrative": "3962000000", "researchAndDevelopment": "0", "operatingExpenses": "16562000000", "investmentIncomeNet": "None", "netInterestIncome": "None", "interestIncome": "None", "interestExpense": "376000000", "nonInterestIncome": "None", "otherNonOperatingIncome": "23000000", "depreciation": "None", "depreciationAndAmortization": "276000000", "incomeBeforeTax": "1699000000", "incomeTaxExpense": "350000000", "interestAndDebtExpense": "None", "netIncomeFromContinuingOperations": "1349000000", "comprehensiveIncomeNetOfTax": "None", "ebit": "1997000000", "ebitda": "2273000000", "netIncome": "798000000"}, {"fiscalDateEnding": "2013-12-31", "reportedCurrency": "USD", "grossProfit": "21956000000", "totalRevenue": "26236000000", "costOfRevenue": "4280000000", "costofGoodsAndServicesSold": "4280000000", "operatingIncome": "310000000", "sellingGeneralAndAdministrative": "0", "researchAndDevelopment": "0", "operatingExpenses": "17018000000", "investmentIncomeNet": "None", "netInterestIncome": "None", "interestIncome": "None", "interestExpense": "397000000", "nonInterestIncome": "None", "otherNonOperatingIncome": "None", "depreciation": "None", "depreciationAndAmortization": "189000000", "incomeBeforeTax": "63000000", "incomeTaxExpense": "-247000000", "interestAndDebtExpense": "None", "netIncomeFromContinuingOperations": "310000000", "comprehensiveIncomeNetOfTax": "None", "ebit": "1853000000", "ebitda": "2042000000", "netIncome": "176000000"}, {"fiscalDateEnding": "2012-12-31", "reportedCurrency": "USD", "grossProfit": "21175000000", "totalRevenue": "26412000000", "costOfRevenue": "5237000000", "costofGoodsAndServicesSold": "5237000000", "operatingIncome": "-33000000", "sellingGeneralAndAdministrative": "0", "researchAndDevelopment": "0", "operatingExpenses": "20275000000", "investmentIncomeNet": "None", "netInterestIncome": "None", "interestIncome": "None", "interestExpense": "457000000", "nonInterestIncome": "None", "otherNonOperatingIncome": "None", "depreciation": "None", "depreciationAndAmortization": "467000000", "incomeBeforeTax": "-527000000", "incomeTaxExpense": "-494000000", "interestAndDebtExpense": "None", "netIncomeFromContinuingOperations": "-33000000", "comprehensiveIncomeNetOfTax": "None", "ebit": "-75000000", "ebitda": "392000000", "netIncome": "-38000000"}, {"fiscalDateEnding": "2011-12-31", "reportedCurrency": "USD", "grossProfit": "17461000000", "totalRevenue": "21859000000", "costOfRevenue": "4398000000", "costofGoodsAndServicesSold": "4398000000", "operatingIncome": "576000000", "sellingGeneralAndAdministrative": "4398000000", "researchAndDevelopment": "0", "operatingExpenses": "21025000000", "investmentIncomeNet": "None", "netInterestIncome": "None", "interestIncome": "None", "interestExpense": "508000000", "nonInterestIncome": "None", "otherNonOperatingIncome": "None", "depreciation": "None", "depreciationAndAmortization": "668000000", "incomeBeforeTax": "230000000", "incomeTaxExpense": "-346000000", "interestAndDebtExpense": "None", "netIncomeFromContinuingOperations": "None", "comprehensiveIncomeNetOfTax": "None", "ebit": "357000000", "ebitda": "1025000000", "netIncome": "712000000"}, {"fiscalDateEnding": "2010-12-31", "reportedCurrency": "USD", "grossProfit": "17720000000", "totalRevenue": "22383000000", "costOfRevenue": "4663000000", "costofGoodsAndServicesSold": "4663000000", "operatingIncome": "2772000000", "sellingGeneralAndAdministrative": "4663000000", "researchAndDevelopment": "None", "operatingExpenses": "19269000000", "investmentIncomeNet": "None", "netInterestIncome": "None", "interestIncome": "None", "interestExpense": "508000000", "nonInterestIncome": "None", "otherNonOperatingIncome": "None", "depreciation": "None", "depreciationAndAmortization": "596000000", "incomeBeforeTax": "2264000000", "incomeTaxExpense": "584000000", "interestAndDebtExpense": "None", "netIncomeFromContinuingOperations": "1680000000", "comprehensiveIncomeNetOfTax": "None", "ebit": "2864000000", "ebitda": "3460000000", "netIncome": "1680000000"}, {"fiscalDateEnding": "2009-12-31", "reportedCurrency": "USD", "grossProfit": "20952000000", "totalRevenue": "24701000000", "costOfRevenue": "3749000000", "costofGoodsAndServicesSold": "3749000000", "operatingIncome": "-1252000000", "sellingGeneralAndAdministrative": "3749000000", "researchAndDevelopment": "0", "operatingExpenses": "25678000000", "investmentIncomeNet": "None", "netInterestIncome": "None", "interestIncome": "None", "interestExpense": "476000000", "nonInterestIncome": "None", "otherNonOperatingIncome": "None", "depreciation": "None", "depreciationAndAmortization": "470000000", "incomeBeforeTax": "-1728000000", "incomeTaxExpense": "-841000000", "interestAndDebtExpense": "None", "netIncomeFromContinuingOperations": "None", "comprehensiveIncomeNetOfTax": "None", "ebit": "-1252000000", "ebitda": "-782000000", "netIncome": "-887000000"}, {"fiscalDateEnding": "2008-12-31", "reportedCurrency": "USD", "grossProfit": "5226000000", "totalRevenue": "9219000000", "costOfRevenue": "3993000000", "costofGoodsAndServicesSold": "3993000000", "operatingIncome": "-4248000000", "sellingGeneralAndAdministrative": "None", "researchAndDevelopment": "None", "operatingExpenses": "13467000000", "investmentIncomeNet": "None", "netInterestIncome": "None", "interestIncome": "None", "interestExpense": "343000000", "nonInterestIncome": "None", "otherNonOperatingIncome": "None", "depreciation": "None", "depreciationAndAmortization": "361000000", "incomeBeforeTax": "-4591000000", "incomeTaxExpense": "-1842000000", "interestAndDebtExpense": "None", "netIncomeFromContinuingOperations": "None", "comprehensiveIncomeNetOfTax": "None", "ebit": "-4248000000", "ebitda": "-3887000000", "netIncome": "-2749000000"}, {"fiscalDateEnding": "2007-12-31", "reportedCurrency": "USD", "grossProfit": "22022000000", "totalRevenue": "25916000000", "costOfRevenue": "3894000000", "costofGoodsAndServicesSold": "3894000000", "operatingIncome": "4268000000", "sellingGeneralAndAdministrative": "None", "researchAndDevelopment": "None", "operatingExpenses": "21648000000", "investmentIncomeNet": "None", "netInterestIncome": "None", "interestIncome": "None", "interestExpense": "263000000", "nonInterestIncome": "None", "otherNonOperatingIncome": "None", "depreciation": "None", "depreciationAndAmortization": "794000000", "incomeBeforeTax": "4005000000", "incomeTaxExpense": "1056000000", "interestAndDebtExpense": "None", "netIncomeFromContinuingOperations": "None", "comprehensiveIncomeNetOfTax": "None", "ebit": "4268000000", "ebitda": "5062000000", "netIncome": "2949000000"}, {"fiscalDateEnding": "2006-12-31", "reportedCurrency": "USD", "grossProfit": "23248000000", "totalRevenue": "26500000000", "costOfRevenue": "3252000000", "costofGoodsAndServicesSold": "3252000000", "operatingIncome": "3879000000", "sellingGeneralAndAdministrative": "None", "researchAndDevelopment": "None", "operatingExpenses": "22621000000", "investmentIncomeNet": "None", "netInterestIncome": "None", "interestIncome": "None", "interestExpense": "277000000", "nonInterestIncome": "None", "otherNonOperatingIncome": "None", "depreciation": "None", "depreciationAndAmortization": "606000000", "incomeBeforeTax": "3602000000", "incomeTaxExpense": "857000000", "interestAndDebtExpense": "None", "netIncomeFromContinuingOperations": "None", "comprehensiveIncomeNetOfTax": "None", "ebit": "3879000000", "ebitda": "4485000000", "netIncome": "2745000000"}, {"fiscalDateEnding": "2005-12-31", "reportedCurrency": "USD", "grossProfit": "23856000000", "totalRevenue": "27083000000", "costOfRevenue": "3227000000", "costofGoodsAndServicesSold": "3227000000", "operatingIncome": "3237000000", "sellingGeneralAndAdministrative": "None", "researchAndDevelopment": "None", "operatingExpenses": "23846000000", "investmentIncomeNet": "None", "netInterestIncome": "None", "interestIncome": "None", "interestExpense": "252000000", "nonInterestIncome": "None", "otherNonOperatingIncome": "None", "depreciation": "None", "depreciationAndAmortization": "561000000", "incomeBeforeTax": "2985000000", "incomeTaxExpense": "711000000", "interestAndDebtExpense": "None", "netIncomeFromContinuingOperations": "None", "comprehensiveIncomeNetOfTax": "None", "ebit": "3237000000", "ebitda": "3798000000", "netIncome": "2274000000"}], "quarterlyReports": [{"fiscalDateEnding": "2024-12-31", "reportedCurrency": "USD", "grossProfit": "2909000000", "totalRevenue": "6800000000", "costOfRevenue": "3891000000", "costofGoodsAndServicesSold": "3891000000", "operatingIncome": "1074000000", "sellingGeneralAndAdministrative": "None", "researchAndDevelopment": "None", "operatingExpenses": "5726000000", "investmentIncomeNet": "None", "netInterestIncome": "-50000000", "interestIncome": "None", "interestExpense": "50000000", "nonInterestIncome": "None", "otherNonOperatingIncome": "None", "depreciation": "None", "depreciationAndAmortization": "-272000000", "incomeBeforeTax": "1074000000", "incomeTaxExpense": "221000000", "interestAndDebtExpense": "None", "netIncomeFromContinuingOperations": "853000000", "comprehensiveIncomeNetOfTax": "None", "ebit": "1124000000", "ebitda": "852000000", "netIncome": "853000000"}, {"fiscalDateEnding": "2024-09-30", "reportedCurrency": "USD", "grossProfit": "5391000000", "totalRevenue": "6714000000", "costOfRevenue": "1323000000", "costofGoodsAndServicesSold": "1323000000", "operatingIncome": "1002000000", "sellingGeneralAndAdministrative": "None", "researchAndDevelopment": "None", "operatingExpenses": "6714000000", "investmentIncomeNet": "None", "netInterestIncome": "-49000000", "interestIncome": "None", "interestExpense": "49000000", "nonInterestIncome": "None", "otherNonOperatingIncome": "None", "depreciation": "None", "depreciationAndAmortization": "85000000", "incomeBeforeTax": "952000000", "incomeTaxExpense": "185000000", "interestAndDebtExpense": "None", "netIncomeFromContinuingOperations": "767000000", "comprehensiveIncomeNetOfTax": "None", "ebit": "1001000000", "ebitda": "1086000000", "netIncome": "767000000"}, {"fiscalDateEnding": "2024-06-30", "reportedCurrency": "USD", "grossProfit": "5201000000", "totalRevenue": "6486000000", "costOfRevenue": "1285000000", "costofGoodsAndServicesSold": "1285000000", "operatingIncome": "967000000", "sellingGeneralAndAdministrative": "None", "researchAndDevelopment": "None", "operatingExpenses": "578000000", "investmentIncomeNet": "None", "netInterestIncome": "-50000000", "interestIncome": "None", "interestExpense": "50000000", "nonInterestIncome": "None", "otherNonOperatingIncome": "None", "depreciation": "None", "depreciationAndAmortization": "60000000", "incomeBeforeTax": "912000000", "incomeTaxExpense": "174000000", "interestAndDebtExpense": "None", "netIncomeFromContinuingOperations": "738000000", "comprehensiveIncomeNetOfTax": "None", "ebit": "962000000", "ebitda": "1022000000", "netIncome": "738000000"}, {"fiscalDateEnding": "2024-03-31", "reportedCurrency": "USD", "grossProfit": "5136000000", "totalRevenue": "6419000000", "costOfRevenue": "1283000000", "costofGoodsAndServicesSold": "1283000000", "operatingIncome": "971000000", "sellingGeneralAndAdministrative": "None", "researchAndDevelopment": "None", "operatingExpenses": "563000000", "investmentIncomeNet": "None", "netInterestIncome": "-50000000", "interestIncome": "None", "interestExpense": "50000000", "nonInterestIncome": "None", "otherNonOperatingIncome": "None", "depreciation": "None", "depreciationAndAmortization": "127000000", "incomeBeforeTax": "911000000", "incomeTaxExpense": "158000000", "interestAndDebtExpense": "None", "netIncomeFromContinuingOperations": "753000000", "comprehensiveIncomeNetOfTax": "None", "ebit": "961000000", "ebitda": "1088000000", "netIncome": "753000000"}, {"fiscalDateEnding": "2023-12-31", "reportedCurrency": "USD", "grossProfit": "6400000000", "totalRevenue": "6400000000", "costOfRevenue": "None", "costofGoodsAndServicesSold": "None", "operatingIncome": "1001000000", "sellingGeneralAndAdministrative": "None", "researchAndDevelopment": "None", "operatingExpenses": "1766000000", "investmentIncomeNet": "None", "netInterestIncome": "-49000000", "interestIncome": "None", "interestExpense": "49000000", "nonInterestIncome": "None", "otherNonOperatingIncome": "None", "depreciation": "None", "depreciationAndAmortization": "457000000", "incomeBeforeTax": "950000000", "incomeTaxExpense": "179000000", "interestAndDebtExpense": "None", "netIncomeFromContinuingOperations": "771000000", "comprehensiveIncomeNetOfTax": "None", "ebit": "999000000", "ebitda": "1456000000", "netIncome": "771000000"}, {"fiscalDateEnding": "2023-09-30", "reportedCurrency": "USD", "grossProfit": "4942000000", "totalRevenue": "6168000000", "costOfRevenue": "1226000000", "costofGoodsAndServicesSold": "1226000000", "operatingIncome": "813000000", "sellingGeneralAndAdministrative": "None", "researchAndDevelopment": "None", "operatingExpenses": "-4129000000", "investmentIncomeNet": "None", "netInterestIncome": "-50000000", "interestIncome": "50000000", "interestExpense": "50000000", "nonInterestIncome": "None", "otherNonOperatingIncome": "None", "depreciation": "None", "depreciationAndAmortization": "128000000", "incomeBeforeTax": "813000000", "incomeTaxExpense": "162000000", "interestAndDebtExpense": "None", "netIncomeFromContinuingOperations": "651000000", "comprehensiveIncomeNetOfTax": "None", "ebit": "863000000", "ebitda": "991000000", "netIncome": "651000000"}, {"fiscalDateEnding": "2023-06-30", "reportedCurrency": "USD", "grossProfit": "4792000000", "totalRevenue": "6017000000", "costOfRevenue": "1225000000", "costofGoodsAndServicesSold": "1225000000", "operatingIncome": "672000000", "sellingGeneralAndAdministrative": "None", "researchAndDevelopment": "None", "operatingExpenses": "-4152000000", "investmentIncomeNet": "None", "netInterestIncome": "-50000000", "interestIncome": "50000000", "interestExpense": "50000000", "nonInterestIncome": "None", "otherNonOperatingIncome": "None", "depreciation": "None", "depreciationAndAmortization": "129000000", "incomeBeforeTax": "672000000", "incomeTaxExpense": "125000000", "interestAndDebtExpense": "None", "netIncomeFromContinuingOperations": "547000000", "comprehensiveIncomeNetOfTax": "None", "ebit": "722000000", "ebitda": "851000000", "netIncome": "547000000"}, {"fiscalDateEnding": "2023-03-31", "reportedCurrency": "USD", "grossProfit": "4694000000", "totalRevenue": "5910000000", "costOfRevenue": "1216000000", "costofGoodsAndServicesSold": "1216000000", "operatingIncome": "703000000", "sellingGeneralAndAdministrative": "None", "researchAndDevelopment": "None", "operatingExpenses": "-3991000000", "investmentIncomeNet": "None", "netInterestIncome": "-50000000", "interestIncome": "50000000", "interestExpense": "50000000", "nonInterestIncome": "None", "otherNonOperatingIncome": "None", "depreciation": "None", "depreciationAndAmortization": "129000000", "incomeBeforeTax": "653000000", "incomeTaxExpense": "118000000", "interestAndDebtExpense": "None", "netIncomeFromContinuingOperations": "535000000", "comprehensiveIncomeNetOfTax": "None", "ebit": "703000000", "ebitda": "832000000", "netIncome": "535000000"}, {"fiscalDateEnding": "2022-12-31", "reportedCurrency": "USD", "grossProfit": "2548000000", "totalRevenue": "6016000000", "costOfRevenue": "3468000000", "costofGoodsAndServicesSold": "3468000000", "operatingIncome": "782000000", "sellingGeneralAndAdministrative": "1198000000", "researchAndDevelopment": "None", "operatingExpenses": "5284000000", "investmentIncomeNet": "None", "netInterestIncome": "-50000000", "interestIncome": "50000000", "interestExpense": "50000000", "nonInterestIncome": "None", "otherNonOperatingIncome": "None", "depreciation": "None", "depreciationAndAmortization": "493000000", "incomeBeforeTax": "732000000", "incomeTaxExpense": "143000000", "interestAndDebtExpense": "None", "netIncomeFromContinuingOperations": "589000000", "comprehensiveIncomeNetOfTax": "None", "ebit": "782000000", "ebitda": "800000000", "netIncome": "589000000"}, {"fiscalDateEnding": "2022-09-30", "reportedCurrency": "USD", "grossProfit": "2100000000", "totalRevenue": "5580000000", "costOfRevenue": "3480000000", "costofGoodsAndServicesSold": "3480000000", "operatingIncome": "431000000", "sellingGeneralAndAdministrative": "1203000000", "researchAndDevelopment": "None", "operatingExpenses": "5149000000", "investmentIncomeNet": "None", "netInterestIncome": "-50000000", "interestIncome": "50000000", "interestExpense": "50000000", "nonInterestIncome": "None", "otherNonOperatingIncome": "None", "depreciation": "None", "depreciationAndAmortization": "485000000", "incomeBeforeTax": "431000000", "incomeTaxExpense": "92000000", "interestAndDebtExpense": "None", "netIncomeFromContinuingOperations": "339000000", "comprehensiveIncomeNetOfTax": "None", "ebit": "475000000", "ebitda": "960000000", "netIncome": "339000000"}, {"fiscalDateEnding": "2022-06-30", "reportedCurrency": "USD", "grossProfit": "2297000000", "totalRevenue": "5373000000", "costOfRevenue": "3076000000", "costofGoodsAndServicesSold": "3076000000", "operatingIncome": "552000000", "sellingGeneralAndAdministrative": "1222000000", "researchAndDevelopment": "None", "operatingExpenses": "4821000000", "investmentIncomeNet": "None", "netInterestIncome": "-51000000", "interestIncome": "51000000", "interestExpense": "51000000", "nonInterestIncome": "None", "otherNonOperatingIncome": "None", "depreciation": "None", "depreciationAndAmortization": "470000000", "incomeBeforeTax": "552000000", "incomeTaxExpense": "110000000", "interestAndDebtExpense": "None", "netIncomeFromContinuingOperations": "442000000", "comprehensiveIncomeNetOfTax": "None", "ebit": "598000000", "ebitda": "930000000", "netIncome": "442000000"}, {"fiscalDateEnding": "2022-03-31", "reportedCurrency": "USD", "grossProfit": "2275000000", "totalRevenue": "5393000000", "costOfRevenue": "3118000000", "costofGoodsAndServicesSold": "3118000000", "operatingIncome": "543000000", "sellingGeneralAndAdministrative": "1207000000", "researchAndDevelopment": "None", "operatingExpenses": "4850000000", "investmentIncomeNet": "None", "netInterestIncome": "-62000000", "interestIncome": "62000000", "interestExpense": "62000000", "nonInterestIncome": "None", "otherNonOperatingIncome": "None", "depreciation": "None", "depreciationAndAmortization": "458000000", "incomeBeforeTax": "543000000", "incomeTaxExpense": "98000000", "interestAndDebtExpense": "None", "netIncomeFromContinuingOperations": "445000000", "comprehensiveIncomeNetOfTax": "None", "ebit": "600000000", "ebitda": "1040000000", "netIncome": "445000000"}, {"fiscalDateEnding": "2021-12-31", "reportedCurrency": "USD", "grossProfit": "2643000000", "totalRevenue": "5816000000", "costOfRevenue": "3173000000", "costofGoodsAndServicesSold": "3173000000", "operatingIncome": "900000000", "sellingGeneralAndAdministrative": "1233000000", "researchAndDevelopment": "None", "operatingExpenses": "4916000000", "investmentIncomeNet": "None", "netInterestIncome": "-62000000", "interestIncome": "62000000", "interestExpense": "62000000", "nonInterestIncome": "None", "otherNonOperatingIncome": "None", "depreciation": "None", "depreciationAndAmortization": "446000000", "incomeBeforeTax": "900000000", "incomeTaxExpense": "171000000", "interestAndDebtExpense": "None", "netIncomeFromContinuingOperations": "729000000", "comprehensiveIncomeNetOfTax": "None", "ebit": "962000000", "ebitda": "1127000000", "netIncome": "729000000"}, {"fiscalDateEnding": "2021-09-30", "reportedCurrency": "USD", "grossProfit": "2266000000", "totalRevenue": "5686000000", "costOfRevenue": "3420000000", "costofGoodsAndServicesSold": "3420000000", "operatingIncome": "583000000", "sellingGeneralAndAdministrative": "1200000000", "researchAndDevelopment": "None", "operatingExpenses": "5103000000", "investmentIncomeNet": "None", "netInterestIncome": "-58000000", "interestIncome": "58000000", "interestExpense": "58000000", "nonInterestIncome": "None", "otherNonOperatingIncome": "None", "depreciation": "None", "depreciationAndAmortization": "437000000", "incomeBeforeTax": "583000000", "incomeTaxExpense": "101000000", "interestAndDebtExpense": "None", "netIncomeFromContinuingOperations": "482000000", "comprehensiveIncomeNetOfTax": "None", "ebit": "641000000", "ebitda": "809000000", "netIncome": "482000000"}, {"fiscalDateEnding": "2021-06-30", "reportedCurrency": "USD", "grossProfit": "2803000000", "totalRevenue": "5589000000", "costOfRevenue": "2786000000", "costofGoodsAndServicesSold": "2786000000", "operatingIncome": "1110000000", "sellingGeneralAndAdministrative": "1202000000", "researchAndDevelopment": "None", "operatingExpenses": "4479000000", "investmentIncomeNet": "None", "netInterestIncome": "-57000000", "interestIncome": "57000000", "interestExpense": "57000000", "nonInterestIncome": "None", "otherNonOperatingIncome": "None", "depreciation": "None", "depreciationAndAmortization": "434000000", "incomeBeforeTax": "1110000000", "incomeTaxExpense": "205000000", "interestAndDebtExpense": "None", "netIncomeFromContinuingOperations": "905000000", "comprehensiveIncomeNetOfTax": "None", "ebit": "1167000000", "ebitda": "1340000000", "netIncome": "905000000"}, {"fiscalDateEnding": "2021-03-31", "reportedCurrency": "USD", "grossProfit": "1949000000", "totalRevenue": "5299000000", "costOfRevenue": "3350000000", "costofGoodsAndServicesSold": "3350000000", "operatingIncome": "303000000", "sellingGeneralAndAdministrative": "1144000000", "researchAndDevelopment": "None", "operatingExpenses": "4996000000", "investmentIncomeNet": "None", "netInterestIncome": "-57000000", "interestIncome": "57000000", "interestExpense": "57000000", "nonInterestIncome": "None", "otherNonOperatingIncome": "None", "depreciation": "None", "depreciationAndAmortization": "434000000", "incomeBeforeTax": "303000000", "incomeTaxExpense": "54000000", "interestAndDebtExpense": "None", "netIncomeFromContinuingOperations": "249000000", "comprehensiveIncomeNetOfTax": "None", "ebit": "360000000", "ebitda": "534000000", "netIncome": "249000000"}, {"fiscalDateEnding": "2020-12-31", "reportedCurrency": "USD", "grossProfit": "16043000000", "totalRevenue": "5328000000", "costOfRevenue": "-10715000000", "costofGoodsAndServicesSold": "-10715000000", "operatingIncome": "20591000000", "sellingGeneralAndAdministrative": "None", "researchAndDevelopment": "None", "operatingExpenses": "-4548000000", "investmentIncomeNet": "None", "netInterestIncome": "-57000000", "interestIncome": "57000000", "interestExpense": "57000000", "nonInterestIncome": "None", "otherNonOperatingIncome": "None", "depreciation": "None", "depreciationAndAmortization": "151000000", "incomeBeforeTax": "652000000", "incomeTaxExpense": "115000000", "interestAndDebtExpense": "None", "netIncomeFromContinuingOperations": "1000000", "comprehensiveIncomeNetOfTax": "None", "ebit": "709000000", "ebitda": "860000000", "netIncome": "532000000"}, {"fiscalDateEnding": "2020-09-30", "reportedCurrency": "USD", "grossProfit": "4078000000", "totalRevenue": "5171000000", "costOfRevenue": "1093000000", "costofGoodsAndServicesSold": "1093000000", "operatingIncome": "590000000", "sellingGeneralAndAdministrative": "None", "researchAndDevelopment": "None", "operatingExpenses": "-3488000000", "investmentIncomeNet": "None", "netInterestIncome": "-58000000", "interestIncome": "58000000", "interestExpense": "58000000", "nonInterestIncome": "None", "otherNonOperatingIncome": "None", "depreciation": "None", "depreciationAndAmortization": "142000000", "incomeBeforeTax": "532000000", "incomeTaxExpense": "73000000", "interestAndDebtExpense": "None", "netIncomeFromContinuingOperations": "605000000", "comprehensiveIncomeNetOfTax": "None", "ebit": "590000000", "ebitda": "732000000", "netIncome": "453000000"}, {"fiscalDateEnding": "2020-06-30", "reportedCurrency": "USD", "grossProfit": "3943000000", "totalRevenue": "5068000000", "costOfRevenue": "1125000000", "costofGoodsAndServicesSold": "1125000000", "operatingIncome": "649000000", "sellingGeneralAndAdministrative": "None", "researchAndDevelopment": "None", "operatingExpenses": "-3294000000", "investmentIncomeNet": "None", "netInterestIncome": "-57000000", "interestIncome": "57000000", "interestExpense": "57000000", "nonInterestIncome": "None", "otherNonOperatingIncome": "None", "depreciation": "None", "depreciationAndAmortization": "135000000", "incomeBeforeTax": "592000000", "incomeTaxExpense": "124000000", "interestAndDebtExpense": "None", "netIncomeFromContinuingOperations": "716000000", "comprehensiveIncomeNetOfTax": "None", "ebit": "649000000", "ebitda": "784000000", "netIncome": "463000000"}, {"fiscalDateEnding": "2020-03-31", "reportedCurrency": "USD", "grossProfit": "3780000000", "totalRevenue": "4956000000", "costOfRevenue": "1176000000", "costofGoodsAndServicesSold": "1176000000", "operatingIncome": "408000000", "sellingGeneralAndAdministrative": "None", "researchAndDevelopment": "None", "operatingExpenses": "4548000000", "investmentIncomeNet": "None", "netInterestIncome": "-64000000", "interestIncome": "64000000", "interestExpense": "64000000", "nonInterestIncome": "None", "otherNonOperatingIncome": "None", "depreciation": "None", "depreciationAndAmortization": "134000000", "incomeBeforeTax": "344000000", "incomeTaxExpense": "71000000", "interestAndDebtExpense": "None", "netIncomeFromContinuingOperations": "415000000", "comprehensiveIncomeNetOfTax": "None", "ebit": "408000000", "ebitda": "542000000", "netIncome": "268000000"}, {"fiscalDateEnding": "2019-12-31", "reportedCurrency": "USD", "grossProfit": "16160000000", "totalRevenue": "5361000000", "costOfRevenue": "-10799000000", "costofGoodsAndServicesSold": "-10799000000", "operatingIncome": "2085000000", "sellingGeneralAndAdministrative": "1132000000", "researchAndDevelopment": "None", "operatingExpenses": "4529000000", "investmentIncomeNet": "None", "netInterestIncome": "-65000000", "interestIncome": "65000000", "interestExpense": "65000000", "nonInterestIncome": "None", "otherNonOperatingIncome": "None", "depreciation": "None", "depreciationAndAmortization": "118000000", "incomeBeforeTax": "676000000", "incomeTaxExpense": "128000000", "interestAndDebtExpense": "None", "netIncomeFromContinuingOperations": "548000000", "comprehensiveIncomeNetOfTax": "None", "ebit": "741000000", "ebitda": "859000000", "netIncome": "543000000"}, {"fiscalDateEnding": "2019-09-30", "reportedCurrency": "USD", "grossProfit": "4180000000", "totalRevenue": "5347000000", "costOfRevenue": "1167000000", "costofGoodsAndServicesSold": "1167000000", "operatingIncome": "720000000", "sellingGeneralAndAdministrative": "1167000000", "researchAndDevelopment": "None", "operatingExpenses": "4537000000", "investmentIncomeNet": "None", "netInterestIncome": "-67000000", "interestIncome": "67000000", "interestExpense": "67000000", "nonInterestIncome": "None", "otherNonOperatingIncome": "None", "depreciation": "None", "depreciationAndAmortization": "112000000", "incomeBeforeTax": "653000000", "incomeTaxExpense": "118000000", "interestAndDebtExpense": "None", "netIncomeFromContinuingOperations": "535000000", "comprehensiveIncomeNetOfTax": "None", "ebit": "720000000", "ebitda": "832000000", "netIncome": "524000000"}, {"fiscalDateEnding": "2019-06-30", "reportedCurrency": "USD", "grossProfit": "3951000000", "totalRevenue": "5092000000", "costOfRevenue": "1141000000", "costofGoodsAndServicesSold": "1141000000", "operatingIncome": "519000000", "sellingGeneralAndAdministrative": "1141000000", "researchAndDevelopment": "None", "operatingExpenses": "4573000000", "investmentIncomeNet": "None", "netInterestIncome": "-63000000", "interestIncome": "63000000", "interestExpense": "63000000", "nonInterestIncome": "None", "otherNonOperatingIncome": "None", "depreciation": "None", "depreciationAndAmortization": "113000000", "incomeBeforeTax": "456000000", "incomeTaxExpense": "84000000", "interestAndDebtExpense": "None", "netIncomeFromContinuingOperations": "372000000", "comprehensiveIncomeNetOfTax": "None", "ebit": "519000000", "ebitda": "632000000", "netIncome": "372000000"}, {"fiscalDateEnding": "2019-03-31", "reportedCurrency": "USD", "grossProfit": "3892000000", "totalRevenue": "4940000000", "costOfRevenue": "1048000000", "costofGoodsAndServicesSold": "1048000000", "operatingIncome": "839000000", "sellingGeneralAndAdministrative": "1038000000", "researchAndDevelopment": "None", "operatingExpenses": "4101000000", "investmentIncomeNet": "None", "netInterestIncome": "-64000000", "interestIncome": "64000000", "interestExpense": "64000000", "nonInterestIncome": "None", "otherNonOperatingIncome": "None", "depreciation": "None", "depreciationAndAmortization": "108000000", "incomeBeforeTax": "775000000", "incomeTaxExpense": "145000000", "interestAndDebtExpense": "None", "netIncomeFromContinuingOperations": "630000000", "comprehensiveIncomeNetOfTax": "None", "ebit": "839000000", "ebitda": "947000000", "netIncome": "625000000"}, {"fiscalDateEnding": "2018-12-31", "reportedCurrency": "USD", "grossProfit": "14674000000", "totalRevenue": "4633000000", "costOfRevenue": "-10041000000", "costofGoodsAndServicesSold": "-10041000000", "operatingIncome": "1485000000", "sellingGeneralAndAdministrative": "1074000000", "researchAndDevelopment": "0", "operatingExpenses": "4396000000", "investmentIncomeNet": "None", "netInterestIncome": "None", "interestIncome": "None", "interestExpense": "70000000", "nonInterestIncome": "None", "otherNonOperatingIncome": "None", "depreciation": "None", "depreciationAndAmortization": "108000000", "incomeBeforeTax": "167000000", "incomeTaxExpense": "-29000000", "interestAndDebtExpense": "None", "netIncomeFromContinuingOperations": "196000000", "comprehensiveIncomeNetOfTax": "None", "ebit": "237000000", "ebitda": "345000000", "netIncome": "196000000"}, {"fiscalDateEnding": "2018-09-30", "reportedCurrency": "USD", "grossProfit": "3751000000", "totalRevenue": "4842000000", "costOfRevenue": "1091000000", "costofGoodsAndServicesSold": "1091000000", "operatingIncome": "604000000", "sellingGeneralAndAdministrative": "1079000000", "researchAndDevelopment": "0", "operatingExpenses": "4243000000", "investmentIncomeNet": "None", "netInterestIncome": "None", "interestIncome": "None", "interestExpense": "69000000", "nonInterestIncome": "None", "otherNonOperatingIncome": "None", "depreciation": "None", "depreciationAndAmortization": "122000000", "incomeBeforeTax": "530000000", "incomeTaxExpense": "103000000", "interestAndDebtExpense": "None", "netIncomeFromContinuingOperations": "427000000", "comprehensiveIncomeNetOfTax": "None", "ebit": "604000000", "ebitda": "726000000", "netIncome": "432000000"}, {"fiscalDateEnding": "2018-06-30", "reportedCurrency": "USD", "grossProfit": "3722000000", "totalRevenue": "4789000000", "costOfRevenue": "1067000000", "costofGoodsAndServicesSold": "1067000000", "operatingIncome": "434000000", "sellingGeneralAndAdministrative": "1056000000", "researchAndDevelopment": "0", "operatingExpenses": "4167000000", "investmentIncomeNet": "None", "netInterestIncome": "None", "interestIncome": "None", "interestExpense": "79000000", "nonInterestIncome": "None", "otherNonOperatingIncome": "None", "depreciation": "None", "depreciationAndAmortization": "121000000", "incomeBeforeTax": "537000000", "incomeTaxExpense": "103000000", "interestAndDebtExpense": "None", "netIncomeFromContinuingOperations": "434000000", "comprehensiveIncomeNetOfTax": "None", "ebit": "616000000", "ebitda": "737000000", "netIncome": "582000000"}, {"fiscalDateEnding": "2018-03-31", "reportedCurrency": "USD", "grossProfit": "3654000000", "totalRevenue": "4691000000", "costOfRevenue": "1037000000", "costofGoodsAndServicesSold": "1037000000", "operatingIncome": "768000000", "sellingGeneralAndAdministrative": "1025000000", "researchAndDevelopment": "0", "operatingExpenses": "4092000000", "investmentIncomeNet": "None", "netInterestIncome": "None", "interestIncome": "None", "interestExpense": "80000000", "nonInterestIncome": "None", "otherNonOperatingIncome": "None", "depreciation": "None", "depreciationAndAmortization": "116000000", "incomeBeforeTax": "519000000", "incomeTaxExpense": "91000000", "interestAndDebtExpense": "None", "netIncomeFromContinuingOperations": "428000000", "comprehensiveIncomeNetOfTax": "None", "ebit": "768000000", "ebitda": "884000000", "netIncome": "597000000"}, {"fiscalDateEnding": "2017-12-31", "reportedCurrency": "USD", "grossProfit": "12599000000", "totalRevenue": "2866000000", "costOfRevenue": "-9733000000", "costofGoodsAndServicesSold": "-9733000000", "operatingIncome": "-262000000", "sellingGeneralAndAdministrative": "4358000000", "researchAndDevelopment": "0", "operatingExpenses": "4087000000", "investmentIncomeNet": "None", "netInterestIncome": "None", "interestIncome": "None", "interestExpense": "70000000", "nonInterestIncome": "None", "otherNonOperatingIncome": "None", "depreciation": "None", "depreciationAndAmortization": "99000000", "incomeBeforeTax": "119000000", "incomeTaxExpense": "953000000", "interestAndDebtExpense": "None", "netIncomeFromContinuingOperations": "-878000000", "comprehensiveIncomeNetOfTax": "None", "ebit": "-210000000", "ebitda": "-111000000", "netIncome": "-3703000000"}, {"fiscalDateEnding": "2017-09-30", "reportedCurrency": "USD", "grossProfit": "3689000000", "totalRevenue": "4684000000", "costOfRevenue": "995000000", "costofGoodsAndServicesSold": "995000000", "operatingIncome": "338000000", "sellingGeneralAndAdministrative": "0", "researchAndDevelopment": "0", "operatingExpenses": "3932000000", "investmentIncomeNet": "None", "netInterestIncome": "None", "interestIncome": "None", "interestExpense": "82000000", "nonInterestIncome": "None", "otherNonOperatingIncome": "None", "depreciation": "None", "depreciationAndAmortization": "109000000", "incomeBeforeTax": "256000000", "incomeTaxExpense": "22000000", "interestAndDebtExpense": "None", "netIncomeFromContinuingOperations": "278000000", "comprehensiveIncomeNetOfTax": "None", "ebit": "338000000", "ebitda": "447000000", "netIncome": "234000000"}, {"fiscalDateEnding": "2017-06-30", "reportedCurrency": "USD", "grossProfit": "3077000000", "totalRevenue": "4769000000", "costOfRevenue": "1692000000", "costofGoodsAndServicesSold": "1692000000", "operatingIncome": "-58000000", "sellingGeneralAndAdministrative": "0", "researchAndDevelopment": "0", "operatingExpenses": "4416000000", "investmentIncomeNet": "None", "netInterestIncome": "None", "interestIncome": "None", "interestExpense": "81000000", "nonInterestIncome": "None", "otherNonOperatingIncome": "None", "depreciation": "None", "depreciationAndAmortization": "95000000", "incomeBeforeTax": "-139000000", "incomeTaxExpense": "-99000000", "interestAndDebtExpense": "None", "netIncomeFromContinuingOperations": "-40000000", "comprehensiveIncomeNetOfTax": "None", "ebit": "-58000000", "ebitda": "37000000", "netIncome": "-40000000"}, {"fiscalDateEnding": "2017-03-31", "reportedCurrency": "USD", "grossProfit": "3690000000", "totalRevenue": "4655000000", "costOfRevenue": "965000000", "costofGoodsAndServicesSold": "965000000", "operatingIncome": "570000000", "sellingGeneralAndAdministrative": "0", "researchAndDevelopment": "0", "operatingExpenses": "3688000000", "investmentIncomeNet": "None", "netInterestIncome": "None", "interestIncome": "None", "interestExpense": "83000000", "nonInterestIncome": "None", "otherNonOperatingIncome": "None", "depreciation": "None", "depreciationAndAmortization": "96000000", "incomeBeforeTax": "487000000", "incomeTaxExpense": "109000000", "interestAndDebtExpense": "None", "netIncomeFromContinuingOperations": "378000000", "comprehensiveIncomeNetOfTax": "None", "ebit": "570000000", "ebitda": "666000000", "netIncome": "378000000"}, {"fiscalDateEnding": "2016-12-31", "reportedCurrency": "USD", "grossProfit": "14667000000", "totalRevenue": "4537000000", "costOfRevenue": "-10130000000", "costofGoodsAndServicesSold": "-10130000000", "operatingIncome": "27152000000", "sellingGeneralAndAdministrative": "3339000000", "researchAndDevelopment": "0", "operatingExpenses": "2382000000", "investmentIncomeNet": "None", "netInterestIncome": "None", "interestIncome": "None", "interestExpense": "82000000", "nonInterestIncome": "None", "otherNonOperatingIncome": "-650000000", "depreciation": "None", "depreciationAndAmortization": "102000000", "incomeBeforeTax": "-275000000", "incomeTaxExpense": "-194000000", "interestAndDebtExpense": "None", "netIncomeFromContinuingOperations": "-105000000", "comprehensiveIncomeNetOfTax": "None", "ebit": "-193000000", "ebitda": "-91000000", "netIncome": "-81000000"}, {"fiscalDateEnding": "2016-09-30", "reportedCurrency": "USD", "grossProfit": "3797000000", "totalRevenue": "4695000000", "costOfRevenue": "898000000", "costofGoodsAndServicesSold": "898000000", "operatingIncome": "614000000", "sellingGeneralAndAdministrative": "0", "researchAndDevelopment": "0", "operatingExpenses": "4101000000", "investmentIncomeNet": "None", "netInterestIncome": "None", "interestIncome": "None", "interestExpense": "86000000", "nonInterestIncome": "None", "otherNonOperatingIncome": "None", "depreciation": "None", "depreciationAndAmortization": "112000000", "incomeBeforeTax": "528000000", "incomeTaxExpense": "90000000", "interestAndDebtExpense": "None", "netIncomeFromContinuingOperations": "438000000", "comprehensiveIncomeNetOfTax": "None", "ebit": "614000000", "ebitda": "726000000", "netIncome": "438000000"}, {"fiscalDateEnding": "2016-06-30", "reportedCurrency": "USD", "grossProfit": "3765000000", "totalRevenue": "4677000000", "costOfRevenue": "912000000", "costofGoodsAndServicesSold": "912000000", "operatingIncome": "255000000", "sellingGeneralAndAdministrative": "0", "researchAndDevelopment": "0", "operatingExpenses": "4441000000", "investmentIncomeNet": "None", "netInterestIncome": "None", "interestIncome": "None", "interestExpense": "85000000", "nonInterestIncome": "None", "otherNonOperatingIncome": "None", "depreciation": "None", "depreciationAndAmortization": "89000000", "incomeBeforeTax": "170000000", "incomeTaxExpense": "-46000000", "interestAndDebtExpense": "None", "netIncomeFromContinuingOperations": "124000000", "comprehensiveIncomeNetOfTax": "None", "ebit": "255000000", "ebitda": "344000000", "netIncome": "216000000"}, {"fiscalDateEnding": "2016-03-31", "reportedCurrency": "USD", "grossProfit": "3482000000", "totalRevenue": "4391000000", "costOfRevenue": "909000000", "costofGoodsAndServicesSold": "909000000", "operatingIncome": "467000000", "sellingGeneralAndAdministrative": "0", "researchAndDevelopment": "0", "operatingExpenses": "3943000000", "investmentIncomeNet": "None", "netInterestIncome": "None", "interestIncome": "None", "interestExpense": "86000000", "nonInterestIncome": "None", "otherNonOperatingIncome": "None", "depreciation": "None", "depreciationAndAmortization": "95000000", "incomeBeforeTax": "381000000", "incomeTaxExpense": "58000000", "interestAndDebtExpense": "None", "netIncomeFromContinuingOperations": "439000000", "comprehensiveIncomeNetOfTax": "None", "ebit": "467000000", "ebitda": "562000000", "netIncome": "323000000"}, {"fiscalDateEnding": "2015-12-31", "reportedCurrency": "USD", "grossProfit": "14605000000", "totalRevenue": "4513000000", "costOfRevenue": "-10092000000", "costofGoodsAndServicesSold": "-10092000000", "operatingIncome": "9000000", "sellingGeneralAndAdministrative": "3439000000", "researchAndDevelopment": "0", "operatingExpenses": "2026000000", "investmentIncomeNet": "None", "netInterestIncome": "None", "interestIncome": "None", "interestExpense": "86000000", "nonInterestIncome": "None", "otherNonOperatingIncome": "49000000", "depreciation": "None", "depreciationAndAmortization": "128000000", "incomeBeforeTax": "504000000", "incomeTaxExpense": "83000000", "interestAndDebtExpense": "None", "netIncomeFromContinuingOperations": "421000000", "comprehensiveIncomeNetOfTax": "None", "ebit": "590000000", "ebitda": "718000000", "netIncome": "421000000"}, {"fiscalDateEnding": "2015-09-30", "reportedCurrency": "USD", "grossProfit": "3591000000", "totalRevenue": "4562000000", "costOfRevenue": "971000000", "costofGoodsAndServicesSold": "971000000", "operatingIncome": "9000000", "sellingGeneralAndAdministrative": "0", "researchAndDevelopment": "0", "operatingExpenses": "4115000000", "investmentIncomeNet": "None", "netInterestIncome": "None", "interestIncome": "None", "interestExpense": "88000000", "nonInterestIncome": "None", "otherNonOperatingIncome": "None", "depreciation": "None", "depreciationAndAmortization": "72000000", "incomeBeforeTax": "379000000", "incomeTaxExpense": "7000000", "interestAndDebtExpense": "None", "netIncomeFromContinuingOperations": "372000000", "comprehensiveIncomeNetOfTax": "None", "ebit": "-63000000", "ebitda": "9000000", "netIncome": "381000000"}, {"fiscalDateEnding": "2015-06-30", "reportedCurrency": "USD", "grossProfit": "3775000000", "totalRevenue": "4685000000", "costOfRevenue": "910000000", "costofGoodsAndServicesSold": "910000000", "operatingIncome": "559000000", "sellingGeneralAndAdministrative": "0", "researchAndDevelopment": "0", "operatingExpenses": "4113000000", "investmentIncomeNet": "None", "netInterestIncome": "None", "interestIncome": "None", "interestExpense": "89000000", "nonInterestIncome": "None", "otherNonOperatingIncome": "-21000000", "depreciation": "None", "depreciationAndAmortization": "72000000", "incomeBeforeTax": "470000000", "incomeTaxExpense": "57000000", "interestAndDebtExpense": "None", "netIncomeFromContinuingOperations": "413000000", "comprehensiveIncomeNetOfTax": "None", "ebit": "559000000", "ebitda": "631000000", "netIncome": "413000000"}, {"fiscalDateEnding": "2015-03-31", "reportedCurrency": "USD", "grossProfit": "3669000000", "totalRevenue": "4617000000", "costOfRevenue": "948000000", "costofGoodsAndServicesSold": "948000000", "operatingIncome": "719000000", "sellingGeneralAndAdministrative": "0", "researchAndDevelopment": "0", "operatingExpenses": "3898000000", "investmentIncomeNet": "None", "netInterestIncome": "None", "interestIncome": "None", "interestExpense": "94000000", "nonInterestIncome": "None", "otherNonOperatingIncome": "None", "depreciation": "None", "depreciationAndAmortization": "101000000", "incomeBeforeTax": "625000000", "incomeTaxExpense": "158000000", "interestAndDebtExpense": "None", "netIncomeFromContinuingOperations": "467000000", "comprehensiveIncomeNetOfTax": "None", "ebit": "719000000", "ebitda": "820000000", "netIncome": "467000000"}, {"fiscalDateEnding": "2014-12-31", "reportedCurrency": "USD", "grossProfit": "14586000000", "totalRevenue": "4768000000", "costOfRevenue": "-9818000000", "costofGoodsAndServicesSold": "-9818000000", "operatingIncome": "-551000000", "sellingGeneralAndAdministrative": "3962000000", "researchAndDevelopment": "0", "operatingExpenses": "4102000000", "investmentIncomeNet": "None", "netInterestIncome": "None", "interestIncome": "None", "interestExpense": "94000000", "nonInterestIncome": "None", "otherNonOperatingIncome": "23000000", "depreciation": "None", "depreciationAndAmortization": "124000000", "incomeBeforeTax": "444000000", "incomeTaxExpense": "99000000", "interestAndDebtExpense": "None", "netIncomeFromContinuingOperations": "316000000", "comprehensiveIncomeNetOfTax": "None", "ebit": "833000000", "ebitda": "957000000", "netIncome": "382000000"}, {"fiscalDateEnding": "2014-09-30", "reportedCurrency": "USD", "grossProfit": "3793000000", "totalRevenue": "4769000000", "costOfRevenue": "976000000", "costofGoodsAndServicesSold": "976000000", "operatingIncome": "589000000", "sellingGeneralAndAdministrative": "0", "researchAndDevelopment": "0", "operatingExpenses": "4180000000", "investmentIncomeNet": "None", "netInterestIncome": "None", "interestIncome": "None", "interestExpense": "93000000", "nonInterestIncome": "None", "otherNonOperatingIncome": "None", "depreciation": "None", "depreciationAndAmortization": "92000000", "incomeBeforeTax": "496000000", "incomeTaxExpense": "108000000", "interestAndDebtExpense": "None", "netIncomeFromContinuingOperations": "388000000", "comprehensiveIncomeNetOfTax": "None", "ebit": "589000000", "ebitda": "681000000", "netIncome": "388000000"}, {"fiscalDateEnding": "2014-06-30", "reportedCurrency": "USD", "grossProfit": "3639000000", "totalRevenue": "4616000000", "costOfRevenue": "977000000", "costofGoodsAndServicesSold": "977000000", "operatingIncome": "-617000000", "sellingGeneralAndAdministrative": "0", "researchAndDevelopment": "0", "operatingExpenses": "4372000000", "investmentIncomeNet": "None", "netInterestIncome": "None", "interestIncome": "None", "interestExpense": "94000000", "nonInterestIncome": "None", "otherNonOperatingIncome": "None", "depreciation": "None", "depreciationAndAmortization": "244000000", "incomeBeforeTax": "150000000", "incomeTaxExpense": "617000000", "interestAndDebtExpense": "None", "netIncomeFromContinuingOperations": "150000000", "comprehensiveIncomeNetOfTax": "None", "ebit": "-617000000", "ebitda": "-373000000", "netIncome": "-467000000"}, {"fiscalDateEnding": "2014-03-31", "reportedCurrency": "USD", "grossProfit": "3514000000", "totalRevenue": "4461000000", "costOfRevenue": "947000000", "costofGoodsAndServicesSold": "947000000", "operatingIncome": "495000000", "sellingGeneralAndAdministrative": "0", "researchAndDevelopment": "0", "operatingExpenses": "3908000000", "investmentIncomeNet": "None", "netInterestIncome": "None", "interestIncome": "None", "interestExpense": "95000000", "nonInterestIncome": "None", "otherNonOperatingIncome": "None", "depreciation": "None", "depreciationAndAmortization": "60000000", "incomeBeforeTax": "655000000", "incomeTaxExpense": "160000000", "interestAndDebtExpense": "None", "netIncomeFromContinuingOperations": "495000000", "comprehensiveIncomeNetOfTax": "None", "ebit": "435000000", "ebitda": "495000000", "netIncome": "495000000"}, {"fiscalDateEnding": "2013-12-31", "reportedCurrency": "USD", "grossProfit": "21956000000", "totalRevenue": "7527000000", "costOfRevenue": "-14429000000", "costofGoodsAndServicesSold": "-14429000000", "operatingIncome": "310000000", "sellingGeneralAndAdministrative": "0", "researchAndDevelopment": "0", "operatingExpenses": "732000000", "investmentIncomeNet": "None", "netInterestIncome": "None", "interestIncome": "None", "interestExpense": "96000000", "nonInterestIncome": "None", "otherNonOperatingIncome": "None", "depreciation": "None", "depreciationAndAmortization": "49000000", "incomeBeforeTax": "377000000", "incomeTaxExpense": "61000000", "interestAndDebtExpense": "None", "netIncomeFromContinuingOperations": "317000000", "comprehensiveIncomeNetOfTax": "None", "ebit": "427000000", "ebitda": "476000000", "netIncome": "314000000"}, {"fiscalDateEnding": "2013-09-30", "reportedCurrency": "USD", "grossProfit": "4648000000", "totalRevenue": "5641000000", "costOfRevenue": "993000000", "costofGoodsAndServicesSold": "993000000", "operatingIncome": "298000000", "sellingGeneralAndAdministrative": "0", "researchAndDevelopment": "0", "operatingExpenses": "4322000000", "investmentIncomeNet": "None", "netInterestIncome": "None", "interestIncome": "None", "interestExpense": "94000000", "nonInterestIncome": "None", "otherNonOperatingIncome": "None", "depreciation": "None", "depreciationAndAmortization": "83000000", "incomeBeforeTax": "343000000", "incomeTaxExpense": "45000000", "interestAndDebtExpense": "None", "netIncomeFromContinuingOperations": "298000000", "comprehensiveIncomeNetOfTax": "None", "ebit": "215000000", "ebitda": "298000000", "netIncome": "293000000"}, {"fiscalDateEnding": "2013-06-30", "reportedCurrency": "USD", "grossProfit": "4345000000", "totalRevenue": "5465000000", "costOfRevenue": "1120000000", "costofGoodsAndServicesSold": "1120000000", "operatingIncome": "-64000000", "sellingGeneralAndAdministrative": "0", "researchAndDevelopment": "0", "operatingExpenses": "4397000000", "investmentIncomeNet": "None", "netInterestIncome": "None", "interestIncome": "None", "interestExpense": "100000000", "nonInterestIncome": "None", "otherNonOperatingIncome": "None", "depreciation": "None", "depreciationAndAmortization": "5000000", "incomeBeforeTax": "-220000000", "incomeTaxExpense": "-156000000", "interestAndDebtExpense": "None", "netIncomeFromContinuingOperations": "-64000000", "comprehensiveIncomeNetOfTax": "None", "ebit": "2000000", "ebitda": "7000000", "netIncome": "-190000000"}, {"fiscalDateEnding": "2013-03-31", "reportedCurrency": "USD", "grossProfit": "8146000000", "totalRevenue": "9178000000", "costOfRevenue": "1032000000", "costofGoodsAndServicesSold": "1032000000", "operatingIncome": "-241000000", "sellingGeneralAndAdministrative": "0", "researchAndDevelopment": "0", "operatingExpenses": "7567000000", "investmentIncomeNet": "None", "netInterestIncome": "None", "interestIncome": "None", "interestExpense": "107000000", "nonInterestIncome": "None", "otherNonOperatingIncome": "None", "depreciation": "None", "depreciationAndAmortization": "52000000", "incomeBeforeTax": "-449000000", "incomeTaxExpense": "-208000000", "interestAndDebtExpense": "None", "netIncomeFromContinuingOperations": "-241000000", "comprehensiveIncomeNetOfTax": "None", "ebit": "-293000000", "ebitda": "-241000000", "netIncome": "-241000000"}, {"fiscalDateEnding": "2012-12-31", "reportedCurrency": "USD", "grossProfit": "21175000000", "totalRevenue": "7735000000", "costOfRevenue": "-13440000000", "costofGoodsAndServicesSold": "-13440000000", "operatingIncome": "-33000000", "sellingGeneralAndAdministrative": "3896000000", "researchAndDevelopment": "0", "operatingExpenses": "3188000000", "investmentIncomeNet": "None", "netInterestIncome": "None", "interestIncome": "None", "interestExpense": "109000000", "nonInterestIncome": "None", "otherNonOperatingIncome": "None", "depreciation": "None", "depreciationAndAmortization": "101000000", "incomeBeforeTax": "-791000000", "incomeTaxExpense": "-358000000", "interestAndDebtExpense": "None", "netIncomeFromContinuingOperations": "0", "comprehensiveIncomeNetOfTax": "None", "ebit": "-1150000000", "ebitda": "-1049000000", "netIncome": "-434000000"}, {"fiscalDateEnding": "2012-09-30", "reportedCurrency": "USD", "grossProfit": "5167000000", "totalRevenue": "6442000000", "costOfRevenue": "1275000000", "costofGoodsAndServicesSold": "1275000000", "operatingIncome": "-2000000", "sellingGeneralAndAdministrative": "1275000000", "researchAndDevelopment": "0", "operatingExpenses": "5738000000", "investmentIncomeNet": "None", "netInterestIncome": "None", "interestIncome": "None", "interestExpense": "109000000", "nonInterestIncome": "None", "otherNonOperatingIncome": "None", "depreciation": "None", "depreciationAndAmortization": "116000000", "incomeBeforeTax": "511000000", "incomeTaxExpense": "108000000", "interestAndDebtExpense": "None", "netIncomeFromContinuingOperations": "15000000", "comprehensiveIncomeNetOfTax": "None", "ebit": "61000000", "ebitda": "177000000", "netIncome": "401000000"}, {"fiscalDateEnding": "2012-06-30", "reportedCurrency": "USD", "grossProfit": "3265000000", "totalRevenue": "4574000000", "costOfRevenue": "1309000000", "costofGoodsAndServicesSold": "1309000000", "operatingIncome": "-100000000", "sellingGeneralAndAdministrative": "1309000000", "researchAndDevelopment": "0", "operatingExpenses": "3814000000", "investmentIncomeNet": "None", "netInterestIncome": "None", "interestIncome": "None", "interestExpense": "115000000", "nonInterestIncome": "None", "otherNonOperatingIncome": "None", "depreciation": "None", "depreciationAndAmortization": "152000000", "incomeBeforeTax": "-249000000", "incomeTaxExpense": "-149000000", "interestAndDebtExpense": "None", "netIncomeFromContinuingOperations": "0", "comprehensiveIncomeNetOfTax": "None", "ebit": "-135000000", "ebitda": "17000000", "netIncome": "-101000000"}, {"fiscalDateEnding": "2012-03-31", "reportedCurrency": "USD", "grossProfit": "6349000000", "totalRevenue": "7661000000", "costOfRevenue": "1312000000", "costofGoodsAndServicesSold": "1312000000", "operatingIncome": "-1000000", "sellingGeneralAndAdministrative": "1312000000", "researchAndDevelopment": "0", "operatingExpenses": "7535000000", "investmentIncomeNet": "None", "netInterestIncome": "None", "interestIncome": "None", "interestExpense": "124000000", "nonInterestIncome": "None", "otherNonOperatingIncome": "None", "depreciation": "None", "depreciationAndAmortization": "98000000", "incomeBeforeTax": "2000000", "incomeTaxExpense": "-95000000", "interestAndDebtExpense": "None", "netIncomeFromContinuingOperations": "0", "comprehensiveIncomeNetOfTax": "None", "ebit": "126000000", "ebitda": "224000000", "netIncome": "86000000"}, {"fiscalDateEnding": "2011-12-31", "reportedCurrency": "USD", "grossProfit": "17469000000", "totalRevenue": "5638000000", "costOfRevenue": "-11831000000", "costofGoodsAndServicesSold": "-11831000000", "operatingIncome": "576000000", "sellingGeneralAndAdministrative": "995000000", "researchAndDevelopment": "0", "operatingExpenses": "5408000000", "investmentIncomeNet": "None", "netInterestIncome": "None", "interestIncome": "None", "interestExpense": "124000000", "nonInterestIncome": "None", "otherNonOperatingIncome": "None", "depreciation": "None", "depreciationAndAmortization": "136000000", "incomeBeforeTax": "92000000", "incomeTaxExpense": "-34000000", "interestAndDebtExpense": "None", "netIncomeFromContinuingOperations": "0", "comprehensiveIncomeNetOfTax": "None", "ebit": "217000000", "ebitda": "353000000", "netIncome": "116000000"}, {"fiscalDateEnding": "2011-09-30", "reportedCurrency": "USD", "grossProfit": "3461000000", "totalRevenue": "4520000000", "costOfRevenue": "1059000000", "costofGoodsAndServicesSold": "1059000000", "operatingIncome": "-3000000", "sellingGeneralAndAdministrative": "1059000000", "researchAndDevelopment": "0", "operatingExpenses": "4409000000", "investmentIncomeNet": "None", "netInterestIncome": "None", "interestIncome": "None", "interestExpense": "128000000", "nonInterestIncome": "None", "otherNonOperatingIncome": "None", "depreciation": "None", "depreciationAndAmortization": "148000000", "incomeBeforeTax": "-104000000", "incomeTaxExpense": "-101000000", "interestAndDebtExpense": "None", "netIncomeFromContinuingOperations": "-3000000", "comprehensiveIncomeNetOfTax": "None", "ebit": "-151000000", "ebitda": "-3000000", "netIncome": "-3000000"}, {"fiscalDateEnding": "2011-06-30", "reportedCurrency": "USD", "grossProfit": "4177000000", "totalRevenue": "5401000000", "costOfRevenue": "1224000000", "costofGoodsAndServicesSold": "1224000000", "operatingIncome": "-80000000", "sellingGeneralAndAdministrative": "1224000000", "researchAndDevelopment": "0", "operatingExpenses": "5423000000", "investmentIncomeNet": "None", "netInterestIncome": "None", "interestIncome": "None", "interestExpense": "128000000", "nonInterestIncome": "None", "otherNonOperatingIncome": "None", "depreciation": "None", "depreciationAndAmortization": "256000000", "incomeBeforeTax": "-165000000", "incomeTaxExpense": "-269000000", "interestAndDebtExpense": "None", "netIncomeFromContinuingOperations": "104000000", "comprehensiveIncomeNetOfTax": "None", "ebit": "-22000000", "ebitda": "234000000", "netIncome": "22000000"}, {"fiscalDateEnding": "2011-03-31", "reportedCurrency": "USD", "grossProfit": "5183000000", "totalRevenue": "6308000000", "costOfRevenue": "1125000000", "costofGoodsAndServicesSold": "1125000000", "operatingIncome": "698000000", "sellingGeneralAndAdministrative": "1125000000", "researchAndDevelopment": "0", "operatingExpenses": "5785000000", "investmentIncomeNet": "None", "netInterestIncome": "None", "interestIncome": "None", "interestExpense": "128000000", "nonInterestIncome": "None", "otherNonOperatingIncome": "None", "depreciation": "None", "depreciationAndAmortization": "128000000", "incomeBeforeTax": "410000000", "incomeTaxExpense": "59000000", "interestAndDebtExpense": "None", "netIncomeFromContinuingOperations": "351000000", "comprehensiveIncomeNetOfTax": "None", "ebit": "698000000", "ebitda": "826000000", "netIncome": "491000000"}, {"fiscalDateEnding": "2010-12-31", "reportedCurrency": "USD", "grossProfit": "17720000000", "totalRevenue": "6055000000", "costOfRevenue": "-11665000000", "costofGoodsAndServicesSold": "-11665000000", "operatingIncome": "14786000000", "sellingGeneralAndAdministrative": "1202000000", "researchAndDevelopment": "0", "operatingExpenses": "5121000000", "investmentIncomeNet": "None", "netInterestIncome": "None", "interestIncome": "None", "interestExpense": "128000000", "nonInterestIncome": "None", "otherNonOperatingIncome": "None", "depreciation": "None", "depreciationAndAmortization": "147000000", "incomeBeforeTax": "814000000", "incomeTaxExpense": "195000000", "interestAndDebtExpense": "None", "netIncomeFromContinuingOperations": "0", "comprehensiveIncomeNetOfTax": "None", "ebit": "942000000", "ebitda": "1089000000", "netIncome": "608000000"}, {"fiscalDateEnding": "2010-09-30", "reportedCurrency": "USD", "grossProfit": "5568000000", "totalRevenue": "6673000000", "costOfRevenue": "1105000000", "costofGoodsAndServicesSold": "1105000000", "operatingIncome": "1046000000", "sellingGeneralAndAdministrative": "1046000000", "researchAndDevelopment": "0", "operatingExpenses": "5557000000", "investmentIncomeNet": "None", "netInterestIncome": "None", "interestIncome": "None", "interestExpense": "128000000", "nonInterestIncome": "None", "otherNonOperatingIncome": "None", "depreciation": "None", "depreciationAndAmortization": "134000000", "incomeBeforeTax": "917000000", "incomeTaxExpense": "252000000", "interestAndDebtExpense": "None", "netIncomeFromContinuingOperations": "0", "comprehensiveIncomeNetOfTax": "None", "ebit": "1045000000", "ebitda": "1179000000", "netIncome": "656000000"}, {"fiscalDateEnding": "2010-06-30", "reportedCurrency": "USD", "grossProfit": "2367000000", "totalRevenue": "3336000000", "costOfRevenue": "969000000", "costofGoodsAndServicesSold": "969000000", "operatingIncome": "125000000", "sellingGeneralAndAdministrative": "969000000", "researchAndDevelopment": "0", "operatingExpenses": "2989000000", "investmentIncomeNet": "None", "netInterestIncome": "None", "interestIncome": "None", "interestExpense": "132000000", "nonInterestIncome": "None", "otherNonOperatingIncome": "None", "depreciation": "None", "depreciationAndAmortization": "171000000", "incomeBeforeTax": "-7000000", "incomeTaxExpense": "-83000000", "interestAndDebtExpense": "None", "netIncomeFromContinuingOperations": "0", "comprehensiveIncomeNetOfTax": "None", "ebit": "125000000", "ebitda": "296000000", "netIncome": "65000000"}, {"fiscalDateEnding": "2010-03-31", "reportedCurrency": "USD", "grossProfit": "5400000000", "totalRevenue": "6319000000", "costOfRevenue": "919000000", "costofGoodsAndServicesSold": "919000000", "operatingIncome": "655000000", "sellingGeneralAndAdministrative": "919000000", "researchAndDevelopment": "0", "operatingExpenses": "5602000000", "investmentIncomeNet": "None", "netInterestIncome": "None", "interestIncome": "None", "interestExpense": "120000000", "nonInterestIncome": "None", "otherNonOperatingIncome": "None", "depreciation": "None", "depreciationAndAmortization": "144000000", "incomeBeforeTax": "535000000", "incomeTaxExpense": "216000000", "interestAndDebtExpense": "None", "netIncomeFromContinuingOperations": "0", "comprehensiveIncomeNetOfTax": "None", "ebit": "655000000", "ebitda": "799000000", "netIncome": "319000000"}, {"fiscalDateEnding": "2009-12-31", "reportedCurrency": "USD", "grossProfit": "20952000000", "totalRevenue": "6440000000", "costOfRevenue": "-14512000000", "costofGoodsAndServicesSold": "-14512000000", "operatingIncome": "23754000000", "sellingGeneralAndAdministrative": "947000000", "researchAndDevelopment": "0", "operatingExpenses": "5318000000", "investmentIncomeNet": "None", "netInterestIncome": "None", "interestIncome": "None", "interestExpense": "119000000", "nonInterestIncome": "None", "otherNonOperatingIncome": "None", "depreciation": "None", "depreciationAndAmortization": "110000000", "incomeBeforeTax": "728000000", "incomeTaxExpense": "171000000", "interestAndDebtExpense": "None", "netIncomeFromContinuingOperations": "0", "comprehensiveIncomeNetOfTax": "None", "ebit": "377000000", "ebitda": "487000000", "netIncome": "495000000"}, {"fiscalDateEnding": "2009-09-30", "reportedCurrency": "USD", "grossProfit": "4285000000", "totalRevenue": "5230000000", "costOfRevenue": "945000000", "costofGoodsAndServicesSold": "945000000", "operatingIncome": "-339000000", "sellingGeneralAndAdministrative": "945000000", "researchAndDevelopment": "0", "operatingExpenses": "5569000000", "investmentIncomeNet": "None", "netInterestIncome": "None", "interestIncome": "None", "interestExpense": "118000000", "nonInterestIncome": "None", "otherNonOperatingIncome": "None", "depreciation": "None", "depreciationAndAmortization": "101000000", "incomeBeforeTax": "-457000000", "incomeTaxExpense": "-237000000", "interestAndDebtExpense": "None", "netIncomeFromContinuingOperations": "0", "comprehensiveIncomeNetOfTax": "None", "ebit": "-339000000", "ebitda": "-238000000", "netIncome": "-220000000"}, {"fiscalDateEnding": "2009-06-30", "reportedCurrency": "USD", "grossProfit": "6678000000", "totalRevenue": "7637000000", "costOfRevenue": "959000000", "costofGoodsAndServicesSold": "959000000", "operatingIncome": "137000000", "sellingGeneralAndAdministrative": "959000000", "researchAndDevelopment": "0", "operatingExpenses": "7500000000", "investmentIncomeNet": "None", "netInterestIncome": "None", "interestIncome": "None", "interestExpense": "119000000", "nonInterestIncome": "None", "otherNonOperatingIncome": "None", "depreciation": "None", "depreciationAndAmortization": "122000000", "incomeBeforeTax": "18000000", "incomeTaxExpense": "33000000", "interestAndDebtExpense": "None", "netIncomeFromContinuingOperations": "0", "comprehensiveIncomeNetOfTax": "None", "ebit": "137000000", "ebitda": "259000000", "netIncome": "-15000000"}, {"fiscalDateEnding": "2009-03-31", "reportedCurrency": "USD", "grossProfit": "4496000000", "totalRevenue": "5394000000", "costOfRevenue": "898000000", "costofGoodsAndServicesSold": "898000000", "operatingIncome": "-1897000000", "sellingGeneralAndAdministrative": "898000000", "researchAndDevelopment": "0", "operatingExpenses": "7291000000", "investmentIncomeNet": "None", "netInterestIncome": "None", "interestIncome": "None", "interestExpense": "120000000", "nonInterestIncome": "None", "otherNonOperatingIncome": "None", "depreciation": "None", "depreciationAndAmortization": "137000000", "incomeBeforeTax": "-2017000000", "incomeTaxExpense": "-808000000", "interestAndDebtExpense": "None", "netIncomeFromContinuingOperations": "0", "comprehensiveIncomeNetOfTax": "None", "ebit": "-1897000000", "ebitda": "-1760000000", "netIncome": "-1209000000"}, {"fiscalDateEnding": "2008-12-31", "reportedCurrency": "USD", "grossProfit": "5226000000", "totalRevenue": "565000000", "costOfRevenue": "-4661000000", "costofGoodsAndServicesSold": "-4661000000", "operatingIncome": "17092000000", "sellingGeneralAndAdministrative": "0", "researchAndDevelopment": "0", "operatingExpenses": "1601000000", "investmentIncomeNet": "None", "netInterestIncome": "None", "interestIncome": "None", "interestExpense": "115000000", "nonInterestIncome": "None", "otherNonOperatingIncome": "None", "depreciation": "None", "depreciationAndAmortization": "98000000", "incomeBeforeTax": "-1151000000", "incomeTaxExpense": "-345000000", "interestAndDebtExpense": "None", "netIncomeFromContinuingOperations": "0", "comprehensiveIncomeNetOfTax": "None", "ebit": "-1397000000", "ebitda": "-1299000000", "netIncome": "-806000000"}, {"fiscalDateEnding": "2008-09-30", "reportedCurrency": "USD", "grossProfit": "-1422000000", "totalRevenue": "-393000000", "costOfRevenue": "1029000000", "costofGoodsAndServicesSold": "1029000000", "operatingIncome": "-4099000000", "sellingGeneralAndAdministrative": "0", "researchAndDevelopment": "0", "operatingExpenses": "3706000000", "investmentIncomeNet": "None", "netInterestIncome": "None", "interestIncome": "None", "interestExpense": "84000000", "nonInterestIncome": "None", "otherNonOperatingIncome": "None", "depreciation": "None", "depreciationAndAmortization": "-213000000", "incomeBeforeTax": "-4183000000", "incomeTaxExpense": "-1552000000", "interestAndDebtExpense": "None", "netIncomeFromContinuingOperations": "0", "comprehensiveIncomeNetOfTax": "None", "ebit": "-4099000000", "ebitda": "-4312000000", "netIncome": "-2631000000"}, {"fiscalDateEnding": "2008-06-30", "reportedCurrency": "USD", "grossProfit": "6456000000", "totalRevenue": "7503000000", "costOfRevenue": "1047000000", "costofGoodsAndServicesSold": "1047000000", "operatingIncome": "729000000", "sellingGeneralAndAdministrative": "0", "researchAndDevelopment": "0", "operatingExpenses": "6774000000", "investmentIncomeNet": "None", "netInterestIncome": "None", "interestIncome": "None", "interestExpense": "77000000", "nonInterestIncome": "None", "otherNonOperatingIncome": "None", "depreciation": "None", "depreciationAndAmortization": "286000000", "incomeBeforeTax": "652000000", "incomeTaxExpense": "109000000", "interestAndDebtExpense": "None", "netIncomeFromContinuingOperations": "0", "comprehensiveIncomeNetOfTax": "None", "ebit": "729000000", "ebitda": "1015000000", "netIncome": "543000000"}, {"fiscalDateEnding": "2008-03-31", "reportedCurrency": "USD", "grossProfit": "594000000", "totalRevenue": "1544000000", "costOfRevenue": "950000000", "costofGoodsAndServicesSold": "950000000", "operatingIncome": "158000000", "sellingGeneralAndAdministrative": "0", "researchAndDevelopment": "0", "operatingExpenses": "1386000000", "investmentIncomeNet": "None", "netInterestIncome": "None", "interestIncome": "None", "interestExpense": "67000000", "nonInterestIncome": "None", "otherNonOperatingIncome": "None", "depreciation": "None", "depreciationAndAmortization": "190000000", "incomeBeforeTax": "91000000", "incomeTaxExpense": "-54000000", "interestAndDebtExpense": "None", "netIncomeFromContinuingOperations": "0", "comprehensiveIncomeNetOfTax": "None", "ebit": "158000000", "ebitda": "348000000", "netIncome": "145000000"}, {"fiscalDateEnding": "2007-12-31", "reportedCurrency": "USD", "grossProfit": "22022000000", "totalRevenue": "5674000000", "costOfRevenue": "-16348000000", "costofGoodsAndServicesSold": "-16348000000", "operatingIncome": "38844000000", "sellingGeneralAndAdministrative": "0", "researchAndDevelopment": "0", "operatingExpenses": "4826000000", "investmentIncomeNet": "None", "netInterestIncome": "None", "interestIncome": "None", "interestExpense": "67000000", "nonInterestIncome": "None", "otherNonOperatingIncome": "None", "depreciation": "None", "depreciationAndAmortization": "310000000", "incomeBeforeTax": "781000000", "incomeTaxExpense": "186000000", "interestAndDebtExpense": "None", "netIncomeFromContinuingOperations": "0", "comprehensiveIncomeNetOfTax": "None", "ebit": "54000000", "ebitda": "364000000", "netIncome": "595000000"}, {"fiscalDateEnding": "2007-09-30", "reportedCurrency": "USD", "grossProfit": "4850000000", "totalRevenue": "5823000000", "costOfRevenue": "973000000", "costofGoodsAndServicesSold": "973000000", "operatingIncome": "1242000000", "sellingGeneralAndAdministrative": "0", "researchAndDevelopment": "0", "operatingExpenses": "4581000000", "investmentIncomeNet": "None", "netInterestIncome": "None", "interestIncome": "None", "interestExpense": "67000000", "nonInterestIncome": "None", "otherNonOperatingIncome": "None", "depreciation": "None", "depreciationAndAmortization": "202000000", "incomeBeforeTax": "1175000000", "incomeTaxExpense": "324000000", "interestAndDebtExpense": "None", "netIncomeFromContinuingOperations": "0", "comprehensiveIncomeNetOfTax": "None", "ebit": "1242000000", "ebitda": "1444000000", "netIncome": "851000000"}, {"fiscalDateEnding": "2007-06-30", "reportedCurrency": "USD", "grossProfit": "6695000000", "totalRevenue": "7660000000", "costOfRevenue": "965000000", "costofGoodsAndServicesSold": "965000000", "operatingIncome": "903000000", "sellingGeneralAndAdministrative": "0", "researchAndDevelopment": "0", "operatingExpenses": "6757000000", "investmentIncomeNet": "None", "netInterestIncome": "None", "interestIncome": "None", "interestExpense": "66000000", "nonInterestIncome": "None", "otherNonOperatingIncome": "None", "depreciation": "None", "depreciationAndAmortization": "170000000", "incomeBeforeTax": "837000000", "incomeTaxExpense": "210000000", "interestAndDebtExpense": "None", "netIncomeFromContinuingOperations": "0", "comprehensiveIncomeNetOfTax": "None", "ebit": "903000000", "ebitda": "1073000000", "netIncome": "627000000"}, {"fiscalDateEnding": "2007-03-31", "reportedCurrency": "USD", "grossProfit": "5871000000", "totalRevenue": "6759000000", "costOfRevenue": "888000000", "costofGoodsAndServicesSold": "888000000", "operatingIncome": "1275000000", "sellingGeneralAndAdministrative": "0", "researchAndDevelopment": "0", "operatingExpenses": "5484000000", "investmentIncomeNet": "None", "netInterestIncome": "None", "interestIncome": "None", "interestExpense": "63000000", "nonInterestIncome": "None", "otherNonOperatingIncome": "None", "depreciation": "None", "depreciationAndAmortization": "112000000", "incomeBeforeTax": "1212000000", "incomeTaxExpense": "336000000", "interestAndDebtExpense": "None", "netIncomeFromContinuingOperations": "0", "comprehensiveIncomeNetOfTax": "None", "ebit": "1275000000", "ebitda": "1387000000", "netIncome": "876000000"}, {"fiscalDateEnding": "2006-12-31", "reportedCurrency": "USD", "grossProfit": "23248000000", "totalRevenue": "7579000000", "costOfRevenue": "-15669000000", "costofGoodsAndServicesSold": "-15669000000", "operatingIncome": "39362000000", "sellingGeneralAndAdministrative": "0", "researchAndDevelopment": "0", "operatingExpenses": "6507000000", "investmentIncomeNet": "None", "netInterestIncome": "None", "interestIncome": "None", "interestExpense": "70000000", "nonInterestIncome": "None", "otherNonOperatingIncome": "None", "depreciation": "None", "depreciationAndAmortization": "219000000", "incomeBeforeTax": "1002000000", "incomeTaxExpense": "219000000", "interestAndDebtExpense": "None", "netIncomeFromContinuingOperations": "0", "comprehensiveIncomeNetOfTax": "None", "ebit": "466000000", "ebitda": "685000000", "netIncome": "783000000"}, {"fiscalDateEnding": "2006-09-30", "reportedCurrency": "USD", "grossProfit": "6575000000", "totalRevenue": "7407000000", "costOfRevenue": "832000000", "costofGoodsAndServicesSold": "832000000", "operatingIncome": "1081000000", "sellingGeneralAndAdministrative": "0", "researchAndDevelopment": "0", "operatingExpenses": "6326000000", "investmentIncomeNet": "None", "netInterestIncome": "None", "interestIncome": "None", "interestExpense": "70000000", "nonInterestIncome": "None", "otherNonOperatingIncome": "None", "depreciation": "None", "depreciationAndAmortization": "69000000", "incomeBeforeTax": "1011000000", "incomeTaxExpense": "253000000", "interestAndDebtExpense": "None", "netIncomeFromContinuingOperations": "0", "comprehensiveIncomeNetOfTax": "None", "ebit": "1081000000", "ebitda": "1150000000", "netIncome": "758000000"}, {"fiscalDateEnding": "2006-06-30", "reportedCurrency": "USD", "grossProfit": "4172000000", "totalRevenue": "4971000000", "costOfRevenue": "799000000", "costofGoodsAndServicesSold": "799000000", "operatingIncome": "676000000", "sellingGeneralAndAdministrative": "0", "researchAndDevelopment": "0", "operatingExpenses": "4295000000", "investmentIncomeNet": "None", "netInterestIncome": "None", "interestIncome": "None", "interestExpense": "71000000", "nonInterestIncome": "None", "otherNonOperatingIncome": "None", "depreciation": "None", "depreciationAndAmortization": "274000000", "incomeBeforeTax": "605000000", "incomeTaxExpense": "129000000", "interestAndDebtExpense": "None", "netIncomeFromContinuingOperations": "0", "comprehensiveIncomeNetOfTax": "None", "ebit": "676000000", "ebitda": "950000000", "netIncome": "476000000"}, {"fiscalDateEnding": "2006-03-31", "reportedCurrency": "USD", "grossProfit": "5816000000", "totalRevenue": "6543000000", "costOfRevenue": "727000000", "costofGoodsAndServicesSold": "727000000", "operatingIncome": "1050000000", "sellingGeneralAndAdministrative": "0", "researchAndDevelopment": "0", "operatingExpenses": "5493000000", "investmentIncomeNet": "None", "netInterestIncome": "None", "interestIncome": "None", "interestExpense": "66000000", "nonInterestIncome": "None", "otherNonOperatingIncome": "None", "depreciation": "None", "depreciationAndAmortization": "44000000", "incomeBeforeTax": "984000000", "incomeTaxExpense": "256000000", "interestAndDebtExpense": "None", "netIncomeFromContinuingOperations": "0", "comprehensiveIncomeNetOfTax": "None", "ebit": "1050000000", "ebitda": "1094000000", "netIncome": "728000000"}, {"fiscalDateEnding": "2005-12-31", "reportedCurrency": "USD", "grossProfit": "23856000000", "totalRevenue": "7737000000", "costOfRevenue": "-16119000000", "costofGoodsAndServicesSold": "-16119000000", "operatingIncome": "40603000000", "sellingGeneralAndAdministrative": "0", "researchAndDevelopment": "0", "operatingExpenses": "7099000000", "investmentIncomeNet": "None", "netInterestIncome": "None", "interestIncome": "None", "interestExpense": "63000000", "nonInterestIncome": "None", "otherNonOperatingIncome": "None", "depreciation": "None", "depreciationAndAmortization": "193000000", "incomeBeforeTax": "548000000", "incomeTaxExpense": "81000000", "interestAndDebtExpense": "None", "netIncomeFromContinuingOperations": "0", "comprehensiveIncomeNetOfTax": "None", "ebit": "50000000", "ebitda": "243000000", "netIncome": "467000000"}, {"fiscalDateEnding": "2005-09-30", "reportedCurrency": "USD", "grossProfit": "6512000000", "totalRevenue": "7298000000", "costOfRevenue": "786000000", "costofGoodsAndServicesSold": "786000000", "operatingIncome": "758000000", "sellingGeneralAndAdministrative": "0", "researchAndDevelopment": "0", "operatingExpenses": "6549000000", "investmentIncomeNet": "None", "netInterestIncome": "None", "interestIncome": "None", "interestExpense": "62000000", "nonInterestIncome": "None", "otherNonOperatingIncome": "None", "depreciation": "None", "depreciationAndAmortization": "156000000", "incomeBeforeTax": "696000000", "incomeTaxExpense": "157000000", "interestAndDebtExpense": "None", "netIncomeFromContinuingOperations": "0", "comprehensiveIncomeNetOfTax": "None", "ebit": "758000000", "ebitda": "914000000", "netIncome": "539000000"}, {"fiscalDateEnding": "2005-06-30", "reportedCurrency": "USD", "grossProfit": "5253000000", "totalRevenue": "6057000000", "costOfRevenue": "804000000", "costofGoodsAndServicesSold": "804000000", "operatingIncome": "891000000", "sellingGeneralAndAdministrative": "0", "researchAndDevelopment": "0", "operatingExpenses": "5173000000", "investmentIncomeNet": "None", "netInterestIncome": "None", "interestIncome": "None", "interestExpense": "64000000", "nonInterestIncome": "None", "otherNonOperatingIncome": "None", "depreciation": "None", "depreciationAndAmortization": "183000000", "incomeBeforeTax": "827000000", "incomeTaxExpense": "225000000", "interestAndDebtExpense": "None", "netIncomeFromContinuingOperations": "0", "comprehensiveIncomeNetOfTax": "None", "ebit": "891000000", "ebitda": "1074000000", "netIncome": "602000000"}, {"fiscalDateEnding": "2005-03-31", "reportedCurrency": "USD", "grossProfit": "5276000000", "totalRevenue": "5991000000", "costOfRevenue": "715000000", "costofGoodsAndServicesSold": "715000000", "operatingIncome": "977000000", "sellingGeneralAndAdministrative": "0", "researchAndDevelopment": "0", "operatingExpenses": "5025000000", "investmentIncomeNet": "None", "netInterestIncome": "None", "interestIncome": "None", "interestExpense": "63000000", "nonInterestIncome": "None", "otherNonOperatingIncome": "None", "depreciation": "None", "depreciationAndAmortization": "29000000", "incomeBeforeTax": "914000000", "incomeTaxExpense": "248000000", "interestAndDebtExpense": "None", "netIncomeFromContinuingOperations": "0", "comprehensiveIncomeNetOfTax": "None", "ebit": "977000000", "ebitda": "1006000000", "netIncome": "666000000"}, {"fiscalDateEnding": "2004-12-31", "reportedCurrency": "USD", "grossProfit": "19917000000", "totalRevenue": "6101000000", "costOfRevenue": "-13816000000", "costofGoodsAndServicesSold": "-13816000000", "operatingIncome": "20991000000", "sellingGeneralAndAdministrative": "0", "researchAndDevelopment": "0", "operatingExpenses": "-1074000000", "investmentIncomeNet": "None", "netInterestIncome": "None", "interestIncome": "None", "interestExpense": "62000000", "nonInterestIncome": "None", "otherNonOperatingIncome": "None", "depreciation": "None", "depreciationAndAmortization": "84000000", "incomeBeforeTax": "821000000", "incomeTaxExpense": "201000000", "interestAndDebtExpense": "None", "netIncomeFromContinuingOperations": "0", "comprehensiveIncomeNetOfTax": "None", "ebit": "609000000", "ebitda": "693000000", "netIncome": "620000000"}]}