{"symbol": "CHD", "annualReports": [{"fiscalDateEnding": "2024-12-31", "reportedCurrency": "USD", "grossProfit": "2790100000", "totalRevenue": "6107100000", "costOfRevenue": "3317000000", "costofGoodsAndServicesSold": "3317000000", "operatingIncome": "807100000", "sellingGeneralAndAdministrative": "927800000", "researchAndDevelopment": "None", "operatingExpenses": "1983000000", "investmentIncomeNet": "None", "netInterestIncome": "-68700000", "interestIncome": "26300000", "interestExpense": "95000000", "nonInterestIncome": "None", "otherNonOperatingIncome": "None", "depreciation": "None", "depreciationAndAmortization": "239100000", "incomeBeforeTax": "756300000", "incomeTaxExpense": "171000000", "interestAndDebtExpense": "None", "netIncomeFromContinuingOperations": "585300000", "comprehensiveIncomeNetOfTax": "None", "ebit": "851300000", "ebitda": "1090400000", "netIncome": "585300000"}, {"fiscalDateEnding": "2023-12-31", "reportedCurrency": "USD", "grossProfit": "2588500000", "totalRevenue": "5867900000", "costOfRevenue": "3279400000", "costofGoodsAndServicesSold": "3279400000", "operatingIncome": "1057400000", "sellingGeneralAndAdministrative": "248500000", "researchAndDevelopment": "122400000", "operatingExpenses": "889800000", "investmentIncomeNet": "None", "netInterestIncome": "-113900000", "interestIncome": "None", "interestExpense": "113900000", "nonInterestIncome": "None", "otherNonOperatingIncome": "None", "depreciation": "None", "depreciationAndAmortization": "197100000", "incomeBeforeTax": "967400000", "incomeTaxExpense": "211800000", "interestAndDebtExpense": "None", "netIncomeFromContinuingOperations": "437200000", "comprehensiveIncomeNetOfTax": "None", "ebit": "1057400000", "ebitda": "1057400000", "netIncome": "755600000"}, {"fiscalDateEnding": "2022-12-31", "reportedCurrency": "USD", "grossProfit": "2250000000", "totalRevenue": "5375600000", "costOfRevenue": "3125600000", "costofGoodsAndServicesSold": "3125600000", "operatingIncome": "597800000", "sellingGeneralAndAdministrative": "1117000000", "researchAndDevelopment": "110000000", "operatingExpenses": "1652200000", "investmentIncomeNet": "None", "netInterestIncome": "-89600000", "interestIncome": "12300000", "interestExpense": "89600000", "nonInterestIncome": "None", "otherNonOperatingIncome": "15100000", "depreciation": "None", "depreciationAndAmortization": "213400000", "incomeBeforeTax": "523300000", "incomeTaxExpense": "109400000", "interestAndDebtExpense": "None", "netIncomeFromContinuingOperations": "413900000", "comprehensiveIncomeNetOfTax": "None", "ebit": "612900000", "ebitda": "826300000", "netIncome": "413900000"}, {"fiscalDateEnding": "2021-12-31", "reportedCurrency": "USD", "grossProfit": "2263500000", "totalRevenue": "5190100000", "costOfRevenue": "2926600000", "costofGoodsAndServicesSold": "2926600000", "operatingIncome": "1079100000", "sellingGeneralAndAdministrative": "606700000", "researchAndDevelopment": "105200000", "operatingExpenses": "1184400000", "investmentIncomeNet": "None", "netInterestIncome": "-54500000", "interestIncome": "9400000", "interestExpense": "54500000", "nonInterestIncome": "None", "otherNonOperatingIncome": "7100000", "depreciation": "None", "depreciationAndAmortization": "214100000", "incomeBeforeTax": "1031700000", "incomeTaxExpense": "204200000", "interestAndDebtExpense": "None", "netIncomeFromContinuingOperations": "827500000", "comprehensiveIncomeNetOfTax": "None", "ebit": "1086200000", "ebitda": "1300300000", "netIncome": "827500000"}, {"fiscalDateEnding": "2020-12-31", "reportedCurrency": "USD", "grossProfit": "2214200000", "totalRevenue": "4895800000", "costOfRevenue": "2681600000", "costofGoodsAndServicesSold": "2681600000", "operatingIncome": "1029700000", "sellingGeneralAndAdministrative": "593300000", "researchAndDevelopment": "102600000", "operatingExpenses": "1184500000", "investmentIncomeNet": "None", "netInterestIncome": "-61000000", "interestIncome": "6700000", "interestExpense": "61000000", "nonInterestIncome": "None", "otherNonOperatingIncome": "5100000", "depreciation": "None", "depreciationAndAmortization": "186200000", "incomeBeforeTax": "973800000", "incomeTaxExpense": "187900000", "interestAndDebtExpense": "None", "netIncomeFromContinuingOperations": "785900000", "comprehensiveIncomeNetOfTax": "None", "ebit": "1034800000", "ebitda": "1221000000", "netIncome": "785900000"}, {"fiscalDateEnding": "2019-12-31", "reportedCurrency": "USD", "grossProfit": "1984000000", "totalRevenue": "4357700000", "costOfRevenue": "2373700000", "costofGoodsAndServicesSold": "2373700000", "operatingIncome": "840200000", "sellingGeneralAndAdministrative": "628800000", "researchAndDevelopment": "93600000", "operatingExpenses": "1143800000", "investmentIncomeNet": "None", "netInterestIncome": "-73600000", "interestIncome": "65400000", "interestExpense": "73600000", "nonInterestIncome": "None", "otherNonOperatingIncome": "7100000", "depreciation": "None", "depreciationAndAmortization": "172100000", "incomeBeforeTax": "773700000", "incomeTaxExpense": "157800000", "interestAndDebtExpense": "None", "netIncomeFromContinuingOperations": "615900000", "comprehensiveIncomeNetOfTax": "None", "ebit": "847300000", "ebitda": "1019400000", "netIncome": "615900000"}, {"fiscalDateEnding": "2018-12-31", "reportedCurrency": "USD", "grossProfit": "1840800000", "totalRevenue": "4145900000", "costOfRevenue": "2305100000", "costofGoodsAndServicesSold": "2305100000", "operatingIncome": "791700000", "sellingGeneralAndAdministrative": "565900000", "researchAndDevelopment": "89700000", "operatingExpenses": "1049100000", "investmentIncomeNet": "None", "netInterestIncome": "-79400000", "interestIncome": "68300000", "interestExpense": "79400000", "nonInterestIncome": "None", "otherNonOperatingIncome": "7200000", "depreciation": "None", "depreciationAndAmortization": "135600000", "incomeBeforeTax": "719500000", "incomeTaxExpense": "150900000", "interestAndDebtExpense": "None", "netIncomeFromContinuingOperations": "568600000", "comprehensiveIncomeNetOfTax": "None", "ebit": "798900000", "ebitda": "934500000", "netIncome": "568600000"}, {"fiscalDateEnding": "2017-12-31", "reportedCurrency": "USD", "grossProfit": "1729600000", "totalRevenue": "3776200000", "costOfRevenue": "2046600000", "costofGoodsAndServicesSold": "2046600000", "operatingIncome": "732700000", "sellingGeneralAndAdministrative": "542700000", "researchAndDevelopment": "70800000", "operatingExpenses": "996900000", "investmentIncomeNet": "None", "netInterestIncome": "-52600000", "interestIncome": "39700000", "interestExpense": "52600000", "nonInterestIncome": "None", "otherNonOperatingIncome": "12600000", "depreciation": "None", "depreciationAndAmortization": "121900000", "incomeBeforeTax": "692700000", "incomeTaxExpense": "-50700000", "interestAndDebtExpense": "None", "netIncomeFromContinuingOperations": "743400000", "comprehensiveIncomeNetOfTax": "None", "ebit": "745300000", "ebitda": "867200000", "netIncome": "743400000"}, {"fiscalDateEnding": "2016-12-31", "reportedCurrency": "USD", "grossProfit": "1590600000", "totalRevenue": "3493100000", "costOfRevenue": "1902500000", "costofGoodsAndServicesSold": "1902500000", "operatingIncome": "724200000", "sellingGeneralAndAdministrative": "439200000", "researchAndDevelopment": "63200000", "operatingExpenses": "866400000", "investmentIncomeNet": "None", "netInterestIncome": "-27700000", "interestIncome": "16800000", "interestExpense": "27700000", "nonInterestIncome": "None", "otherNonOperatingIncome": "9400000", "depreciation": "None", "depreciationAndAmortization": "105700000", "incomeBeforeTax": "705900000", "incomeTaxExpense": "246900000", "interestAndDebtExpense": "None", "netIncomeFromContinuingOperations": "459000000", "comprehensiveIncomeNetOfTax": "None", "ebit": "733600000", "ebitda": "839300000", "netIncome": "459000000"}, {"fiscalDateEnding": "2015-12-31", "reportedCurrency": "USD", "grossProfit": "1511800000", "totalRevenue": "3394800000", "costOfRevenue": "1883000000", "costofGoodsAndServicesSold": "1883000000", "operatingIncome": "674200000", "sellingGeneralAndAdministrative": "420100000", "researchAndDevelopment": "64700000", "operatingExpenses": "837600000", "investmentIncomeNet": "None", "netInterestIncome": "None", "interestIncome": "31400000", "interestExpense": "30500000", "nonInterestIncome": "None", "otherNonOperatingIncome": "-8300000", "depreciation": "None", "depreciationAndAmortization": "101000000", "incomeBeforeTax": "635400000", "incomeTaxExpense": "225000000", "interestAndDebtExpense": "None", "netIncomeFromContinuingOperations": "410400000", "comprehensiveIncomeNetOfTax": "None", "ebit": "674200000", "ebitda": "775200000", "netIncome": "410400000"}, {"fiscalDateEnding": "2014-12-31", "reportedCurrency": "USD", "grossProfit": "1452900000", "totalRevenue": "3297600000", "costOfRevenue": "1844700000", "costofGoodsAndServicesSold": "1844700000", "operatingIncome": "641200000", "sellingGeneralAndAdministrative": "394800000", "researchAndDevelopment": "59800000", "operatingExpenses": "811700000", "investmentIncomeNet": "None", "netInterestIncome": "None", "interestIncome": "None", "interestExpense": "27400000", "nonInterestIncome": "None", "otherNonOperatingIncome": "11100000", "depreciation": "None", "depreciationAndAmortization": "91200000", "incomeBeforeTax": "624900000", "incomeTaxExpense": "211000000", "interestAndDebtExpense": "None", "netIncomeFromContinuingOperations": "413900000", "comprehensiveIncomeNetOfTax": "None", "ebit": "646200000", "ebitda": "737400000", "netIncome": "413900000"}, {"fiscalDateEnding": "2013-12-31", "reportedCurrency": "USD", "grossProfit": "1438000000", "totalRevenue": "3194300000", "costOfRevenue": "1756300000", "costofGoodsAndServicesSold": "1756300000", "operatingIncome": "622200000", "sellingGeneralAndAdministrative": "416000000", "researchAndDevelopment": "61800000", "operatingExpenses": "815800000", "investmentIncomeNet": "None", "netInterestIncome": "None", "interestIncome": "None", "interestExpense": "27700000", "nonInterestIncome": "None", "otherNonOperatingIncome": "3300000", "depreciation": "None", "depreciationAndAmortization": "90500000", "incomeBeforeTax": "597800000", "incomeTaxExpense": "203400000", "interestAndDebtExpense": "None", "netIncomeFromContinuingOperations": "394400000", "comprehensiveIncomeNetOfTax": "None", "ebit": "630500000", "ebitda": "721000000", "netIncome": "394400000"}, {"fiscalDateEnding": "2012-12-31", "reportedCurrency": "USD", "grossProfit": "1291400000", "totalRevenue": "2921900000", "costOfRevenue": "1630500000", "costofGoodsAndServicesSold": "1630500000", "operatingIncome": "545100000", "sellingGeneralAndAdministrative": "389000000", "researchAndDevelopment": "54800000", "operatingExpenses": "746300000", "investmentIncomeNet": "None", "netInterestIncome": "None", "interestIncome": "None", "interestExpense": "14000000", "nonInterestIncome": "None", "otherNonOperatingIncome": "11400000", "depreciation": "None", "depreciationAndAmortization": "85000000", "incomeBeforeTax": "542500000", "incomeTaxExpense": "192700000", "interestAndDebtExpense": "None", "netIncomeFromContinuingOperations": "349800000", "comprehensiveIncomeNetOfTax": "None", "ebit": "545100000", "ebitda": "630100000", "netIncome": "349800000"}, {"fiscalDateEnding": "2011-12-31", "reportedCurrency": "USD", "grossProfit": "1214500000", "totalRevenue": "2749300000", "costOfRevenue": "1534800000", "costofGoodsAndServicesSold": "1534800000", "operatingIncome": "492600000", "sellingGeneralAndAdministrative": "367800000", "researchAndDevelopment": "55100000", "operatingExpenses": "721900000", "investmentIncomeNet": "None", "netInterestIncome": "None", "interestIncome": "None", "interestExpense": "8700000", "nonInterestIncome": "None", "otherNonOperatingIncome": "10700000", "depreciation": "None", "depreciationAndAmortization": "77100000", "incomeBeforeTax": "494600000", "incomeTaxExpense": "185000000", "interestAndDebtExpense": "None", "netIncomeFromContinuingOperations": "309600000", "comprehensiveIncomeNetOfTax": "None", "ebit": "498900000", "ebitda": "576000000", "netIncome": "309600000"}, {"fiscalDateEnding": "2010-12-31", "reportedCurrency": "USD", "grossProfit": "1157765000", "totalRevenue": "2589220000", "costOfRevenue": "1431455000", "costofGoodsAndServicesSold": "1431455000", "operatingIncome": "444953000", "sellingGeneralAndAdministrative": "374834000", "researchAndDevelopment": "53700000", "operatingExpenses": "712812000", "investmentIncomeNet": "None", "netInterestIncome": "None", "interestIncome": "None", "interestExpense": "27777000", "nonInterestIncome": "None", "otherNonOperatingIncome": "1080000", "depreciation": "None", "depreciationAndAmortization": "71572000", "incomeBeforeTax": "418256000", "incomeTaxExpense": "147562000", "interestAndDebtExpense": "None", "netIncomeFromContinuingOperations": "270694000", "comprehensiveIncomeNetOfTax": "None", "ebit": "446128000", "ebitda": "517700000", "netIncome": "270717000"}, {"fiscalDateEnding": "2009-12-31", "reportedCurrency": "USD", "grossProfit": "1100990000", "totalRevenue": "2520922000", "costOfRevenue": "1419932000", "costofGoodsAndServicesSold": "1419932000", "operatingIncome": "412892000", "sellingGeneralAndAdministrative": "354510000", "researchAndDevelopment": "55100000", "operatingExpenses": "688098000", "investmentIncomeNet": "None", "netInterestIncome": "None", "interestIncome": "None", "interestExpense": "35568000", "nonInterestIncome": "None", "otherNonOperatingIncome": "None", "depreciation": "None", "depreciationAndAmortization": "85352000", "incomeBeforeTax": "392236000", "incomeTaxExpense": "148715000", "interestAndDebtExpense": "None", "netIncomeFromContinuingOperations": "None", "comprehensiveIncomeNetOfTax": "None", "ebit": "427804000", "ebitda": "513156000", "netIncome": "243533000"}, {"fiscalDateEnding": "2008-12-31", "reportedCurrency": "USD", "grossProfit": "971718000", "totalRevenue": "2422398000", "costOfRevenue": "1450680000", "costofGoodsAndServicesSold": "1450680000", "operatingIncome": "340332000", "sellingGeneralAndAdministrative": "337256000", "researchAndDevelopment": "51200000", "operatingExpenses": "631386000", "investmentIncomeNet": "None", "netInterestIncome": "None", "interestIncome": "None", "interestExpense": "46945000", "nonInterestIncome": "None", "otherNonOperatingIncome": "None", "depreciation": "None", "depreciationAndAmortization": "71404000", "incomeBeforeTax": "308260000", "incomeTaxExpense": "113078000", "interestAndDebtExpense": "None", "netIncomeFromContinuingOperations": "None", "comprehensiveIncomeNetOfTax": "None", "ebit": "354305000", "ebitda": "425709000", "netIncome": "195174000"}, {"fiscalDateEnding": "2007-12-31", "reportedCurrency": "USD", "grossProfit": "867898000", "totalRevenue": "2220940000", "costOfRevenue": "1353042000", "costofGoodsAndServicesSold": "1353042000", "operatingIncome": "305034000", "sellingGeneralAndAdministrative": "306121000", "researchAndDevelopment": "49800000", "operatingExpenses": "562864000", "investmentIncomeNet": "None", "netInterestIncome": "None", "interestIncome": "None", "interestExpense": "58892000", "nonInterestIncome": "None", "otherNonOperatingIncome": "None", "depreciation": "None", "depreciationAndAmortization": "56671000", "incomeBeforeTax": "264925000", "incomeTaxExpense": "95900000", "interestAndDebtExpense": "None", "netIncomeFromContinuingOperations": "None", "comprehensiveIncomeNetOfTax": "None", "ebit": "305034000", "ebitda": "361705000", "netIncome": "169025000"}, {"fiscalDateEnding": "2006-12-31", "reportedCurrency": "USD", "grossProfit": "761137000", "totalRevenue": "1945661000", "costOfRevenue": "1184524000", "costofGoodsAndServicesSold": "1184524000", "operatingIncome": "252102000", "sellingGeneralAndAdministrative": "292374000", "researchAndDevelopment": "44700000", "operatingExpenses": "509035000", "investmentIncomeNet": "None", "netInterestIncome": "None", "interestIncome": "None", "interestExpense": "54028000", "nonInterestIncome": "None", "otherNonOperatingIncome": "None", "depreciation": "None", "depreciationAndAmortization": "51727000", "incomeBeforeTax": "213098000", "incomeTaxExpense": "74171000", "interestAndDebtExpense": "None", "netIncomeFromContinuingOperations": "None", "comprehensiveIncomeNetOfTax": "None", "ebit": "252102000", "ebitda": "303829000", "netIncome": "138927000"}, {"fiscalDateEnding": "2005-12-31", "reportedCurrency": "USD", "grossProfit": "637000000", "totalRevenue": "1736506000", "costOfRevenue": "1099506000", "costofGoodsAndServicesSold": "1099506000", "operatingIncome": "212776000", "sellingGeneralAndAdministrative": "424224000", "researchAndDevelopment": "38700000", "operatingExpenses": "424224000", "investmentIncomeNet": "None", "netInterestIncome": "None", "interestIncome": "None", "interestExpense": "0", "nonInterestIncome": "None", "otherNonOperatingIncome": "None", "depreciation": "None", "depreciationAndAmortization": "44158000", "incomeBeforeTax": "174883000", "incomeTaxExpense": "52068000", "interestAndDebtExpense": "None", "netIncomeFromContinuingOperations": "None", "comprehensiveIncomeNetOfTax": "None", "ebit": "212776000", "ebitda": "256934000", "netIncome": "122906000"}], "quarterlyReports": [{"fiscalDateEnding": "2024-12-31", "reportedCurrency": "USD", "grossProfit": "707900000", "totalRevenue": "1582000000", "costOfRevenue": "874100000", "costofGoodsAndServicesSold": "874100000", "operatingIncome": "256700000", "sellingGeneralAndAdministrative": "243300000", "researchAndDevelopment": "None", "operatingExpenses": "451200000", "investmentIncomeNet": "None", "netInterestIncome": "-14800000", "interestIncome": "8600000", "interestExpense": "23400000", "nonInterestIncome": "None", "otherNonOperatingIncome": "None", "depreciation": "None", "depreciationAndAmortization": "None", "incomeBeforeTax": "253100000", "incomeTaxExpense": "63900000", "interestAndDebtExpense": "None", "netIncomeFromContinuingOperations": "189200000", "comprehensiveIncomeNetOfTax": "None", "ebit": "None", "ebitda": "256700000", "netIncome": "189200000"}, {"fiscalDateEnding": "2024-09-30", "reportedCurrency": "USD", "grossProfit": "683100000", "totalRevenue": "1510600000", "costOfRevenue": "827500000", "costofGoodsAndServicesSold": "827500000", "operatingIncome": "-91500000", "sellingGeneralAndAdministrative": "231700000", "researchAndDevelopment": "36000000", "operatingExpenses": "774600000", "investmentIncomeNet": "None", "netInterestIncome": "-12800000", "interestIncome": "10600000", "interestExpense": "23400000", "nonInterestIncome": "None", "otherNonOperatingIncome": "None", "depreciation": "None", "depreciationAndAmortization": "51700000", "incomeBeforeTax": "-101400000", "incomeTaxExpense": "-26300000", "interestAndDebtExpense": "None", "netIncomeFromContinuingOperations": "-75100000", "comprehensiveIncomeNetOfTax": "None", "ebit": "-77999999", "ebitda": "-26299999", "netIncome": "-75100000"}, {"fiscalDateEnding": "2024-06-30", "reportedCurrency": "USD", "grossProfit": "681400000", "totalRevenue": "1511200000", "costOfRevenue": "829800000", "costofGoodsAndServicesSold": "829800000", "operatingIncome": "336900000", "sellingGeneralAndAdministrative": "222800000", "researchAndDevelopment": "33000000", "operatingExpenses": "344500000", "investmentIncomeNet": "None", "netInterestIncome": "-23200000", "interestIncome": "None", "interestExpense": "23200000", "nonInterestIncome": "None", "otherNonOperatingIncome": "None", "depreciation": "None", "depreciationAndAmortization": "51100000", "incomeBeforeTax": "320500000", "incomeTaxExpense": "77000000", "interestAndDebtExpense": "None", "netIncomeFromContinuingOperations": "243500000", "comprehensiveIncomeNetOfTax": "None", "ebit": "336900000", "ebitda": "388000000", "netIncome": "243500000"}, {"fiscalDateEnding": "2024-03-31", "reportedCurrency": "USD", "grossProfit": "687000000", "totalRevenue": "1503300000", "costOfRevenue": "816300000", "costofGoodsAndServicesSold": "816300000", "operatingIncome": "305000000", "sellingGeneralAndAdministrative": "230000000", "researchAndDevelopment": "30100000", "operatingExpenses": "382000000", "investmentIncomeNet": "None", "netInterestIncome": "-25000000", "interestIncome": "None", "interestExpense": "25000000", "nonInterestIncome": "None", "otherNonOperatingIncome": "None", "depreciation": "None", "depreciationAndAmortization": "49200000", "incomeBeforeTax": "284100000", "incomeTaxExpense": "56400000", "interestAndDebtExpense": "None", "netIncomeFromContinuingOperations": "227700000", "comprehensiveIncomeNetOfTax": "None", "ebit": "309100000", "ebitda": "358300000", "netIncome": "227700000"}, {"fiscalDateEnding": "2023-12-31", "reportedCurrency": "USD", "grossProfit": "650300000", "totalRevenue": "1528000000", "costOfRevenue": "877700000", "costofGoodsAndServicesSold": "877700000", "operatingIncome": "216100000", "sellingGeneralAndAdministrative": "246200000", "researchAndDevelopment": "35200000", "operatingExpenses": "434200000", "investmentIncomeNet": "None", "netInterestIncome": "-27000000", "interestIncome": "None", "interestExpense": "27000000", "nonInterestIncome": "None", "otherNonOperatingIncome": "None", "depreciation": "None", "depreciationAndAmortization": "51000000", "incomeBeforeTax": "195200000", "incomeTaxExpense": "41500000", "interestAndDebtExpense": "None", "netIncomeFromContinuingOperations": "153700000", "comprehensiveIncomeNetOfTax": "None", "ebit": "216100000", "ebitda": "267100000", "netIncome": "153700000"}, {"fiscalDateEnding": "2023-09-30", "reportedCurrency": "USD", "grossProfit": "646300000", "totalRevenue": "1455900000", "costOfRevenue": "809600000", "costofGoodsAndServicesSold": "809600000", "operatingIncome": "255800000", "sellingGeneralAndAdministrative": "222700000", "researchAndDevelopment": "30300000", "operatingExpenses": "390500000", "investmentIncomeNet": "None", "netInterestIncome": "-27200000", "interestIncome": "1700000", "interestExpense": "27200000", "nonInterestIncome": "None", "otherNonOperatingIncome": "None", "depreciation": "None", "depreciationAndAmortization": "49300000", "incomeBeforeTax": "234000000", "incomeTaxExpense": "56500000", "interestAndDebtExpense": "None", "netIncomeFromContinuingOperations": "177500000", "comprehensiveIncomeNetOfTax": "None", "ebit": "261200000", "ebitda": "310500000", "netIncome": "177500000"}, {"fiscalDateEnding": "2023-06-30", "reportedCurrency": "USD", "grossProfit": "638900000", "totalRevenue": "1454200000", "costOfRevenue": "815300000", "costofGoodsAndServicesSold": "815300000", "operatingIncome": "293600000", "sellingGeneralAndAdministrative": "213100000", "researchAndDevelopment": "30200000", "operatingExpenses": "345300000", "investmentIncomeNet": "None", "netInterestIncome": "-27900000", "interestIncome": "25900000", "interestExpense": "27900000", "nonInterestIncome": "None", "otherNonOperatingIncome": "None", "depreciation": "None", "depreciationAndAmortization": "48800000", "incomeBeforeTax": "269400000", "incomeTaxExpense": "48200000", "interestAndDebtExpense": "None", "netIncomeFromContinuingOperations": "221200000", "comprehensiveIncomeNetOfTax": "None", "ebit": "297300000", "ebitda": "346100000", "netIncome": "221200000"}, {"fiscalDateEnding": "2023-03-31", "reportedCurrency": "USD", "grossProfit": "622000000", "totalRevenue": "1429800000", "costOfRevenue": "807800000", "costofGoodsAndServicesSold": "807800000", "operatingIncome": "291900000", "sellingGeneralAndAdministrative": "207800000", "researchAndDevelopment": "26700000", "operatingExpenses": "330100000", "investmentIncomeNet": "None", "netInterestIncome": "-28800000", "interestIncome": "4400000", "interestExpense": "28800000", "nonInterestIncome": "None", "otherNonOperatingIncome": "5700000", "depreciation": "None", "depreciationAndAmortization": "48000000", "incomeBeforeTax": "268800000", "incomeTaxExpense": "65600000", "interestAndDebtExpense": "None", "netIncomeFromContinuingOperations": "203200000", "comprehensiveIncomeNetOfTax": "None", "ebit": "297600000", "ebitda": "345600000", "netIncome": "203200000"}, {"fiscalDateEnding": "2022-12-31", "reportedCurrency": "USD", "grossProfit": "602500000", "totalRevenue": "1436000000", "costOfRevenue": "833500000", "costofGoodsAndServicesSold": "833500000", "operatingIncome": "-198400000", "sellingGeneralAndAdministrative": "611200000", "researchAndDevelopment": "29100000", "operatingExpenses": "800900000", "investmentIncomeNet": "None", "netInterestIncome": "-30000000", "interestIncome": "2300000", "interestExpense": "30000000", "nonInterestIncome": "None", "otherNonOperatingIncome": "4500000", "depreciation": "None", "depreciationAndAmortization": "57200000", "incomeBeforeTax": "-223900000", "incomeTaxExpense": "-59200000", "interestAndDebtExpense": "None", "netIncomeFromContinuingOperations": "-164700000", "comprehensiveIncomeNetOfTax": "None", "ebit": "-193900000", "ebitda": "-136700000", "netIncome": "-164700000"}, {"fiscalDateEnding": "2022-09-30", "reportedCurrency": "USD", "grossProfit": "549700000", "totalRevenue": "1317300000", "costOfRevenue": "767600000", "costofGoodsAndServicesSold": "767600000", "operatingIncome": "200600000", "sellingGeneralAndAdministrative": "155100000", "researchAndDevelopment": "29200000", "operatingExpenses": "295800000", "investmentIncomeNet": "None", "netInterestIncome": "-23700000", "interestIncome": "18500000", "interestExpense": "23700000", "nonInterestIncome": "None", "otherNonOperatingIncome": "4300000", "depreciation": "None", "depreciationAndAmortization": "51900000", "incomeBeforeTax": "234500000", "incomeTaxExpense": "47400000", "interestAndDebtExpense": "None", "netIncomeFromContinuingOperations": "187100000", "comprehensiveIncomeNetOfTax": "None", "ebit": "202000000", "ebitda": "253900000", "netIncome": "187100000"}, {"fiscalDateEnding": "2022-06-30", "reportedCurrency": "USD", "grossProfit": "545300000", "totalRevenue": "1325100000", "costOfRevenue": "779800000", "costofGoodsAndServicesSold": "779800000", "operatingIncome": "261600000", "sellingGeneralAndAdministrative": "180800000", "researchAndDevelopment": "27200000", "operatingExpenses": "283700000", "investmentIncomeNet": "None", "netInterestIncome": "-19300000", "interestIncome": "15100000", "interestExpense": "19300000", "nonInterestIncome": "None", "otherNonOperatingIncome": "4200000", "depreciation": "None", "depreciationAndAmortization": "52000000", "incomeBeforeTax": "246500000", "incomeTaxExpense": "59400000", "interestAndDebtExpense": "None", "netIncomeFromContinuingOperations": "187100000", "comprehensiveIncomeNetOfTax": "None", "ebit": "265800000", "ebitda": "317800000", "netIncome": "187100000"}, {"fiscalDateEnding": "2022-03-31", "reportedCurrency": "USD", "grossProfit": "552500000", "totalRevenue": "1297200000", "costOfRevenue": "744700000", "costofGoodsAndServicesSold": "744700000", "operatingIncome": "280700000", "sellingGeneralAndAdministrative": "169900000", "researchAndDevelopment": "24500000", "operatingExpenses": "271800000", "investmentIncomeNet": "None", "netInterestIncome": "-16600000", "interestIncome": "14200000", "interestExpense": "16600000", "nonInterestIncome": "None", "otherNonOperatingIncome": "2100000", "depreciation": "None", "depreciationAndAmortization": "52300000", "incomeBeforeTax": "266200000", "incomeTaxExpense": "61800000", "interestAndDebtExpense": "None", "netIncomeFromContinuingOperations": "204400000", "comprehensiveIncomeNetOfTax": "None", "ebit": "282800000", "ebitda": "335100000", "netIncome": "204400000"}, {"fiscalDateEnding": "2021-12-31", "reportedCurrency": "USD", "grossProfit": "581200000", "totalRevenue": "1368700000", "costOfRevenue": "787500000", "costofGoodsAndServicesSold": "787500000", "operatingIncome": "176400000", "sellingGeneralAndAdministrative": "203700000", "researchAndDevelopment": "28000000", "operatingExpenses": "404800000", "investmentIncomeNet": "None", "netInterestIncome": "-13000000", "interestIncome": "2000000", "interestExpense": "13000000", "nonInterestIncome": "None", "otherNonOperatingIncome": "700000", "depreciation": "None", "depreciationAndAmortization": "52800000", "incomeBeforeTax": "164100000", "incomeTaxExpense": "6000000", "interestAndDebtExpense": "None", "netIncomeFromContinuingOperations": "158100000", "comprehensiveIncomeNetOfTax": "None", "ebit": "177100000", "ebitda": "229900000", "netIncome": "158100000"}, {"fiscalDateEnding": "2021-09-30", "reportedCurrency": "USD", "grossProfit": "579200000", "totalRevenue": "1311400000", "costOfRevenue": "732200000", "costofGoodsAndServicesSold": "732200000", "operatingIncome": "301400000", "sellingGeneralAndAdministrative": "116900000", "researchAndDevelopment": "27700000", "operatingExpenses": "277800000", "investmentIncomeNet": "None", "netInterestIncome": "-13400000", "interestIncome": "11400000", "interestExpense": "13400000", "nonInterestIncome": "None", "otherNonOperatingIncome": "1300000", "depreciation": "None", "depreciationAndAmortization": "53400000", "incomeBeforeTax": "289300000", "incomeTaxExpense": "58900000", "interestAndDebtExpense": "None", "netIncomeFromContinuingOperations": "230400000", "comprehensiveIncomeNetOfTax": "None", "ebit": "302700000", "ebitda": "356100000", "netIncome": "230400000"}, {"fiscalDateEnding": "2021-06-30", "reportedCurrency": "USD", "grossProfit": "552200000", "totalRevenue": "1271100000", "costOfRevenue": "718900000", "costofGoodsAndServicesSold": "718900000", "operatingIncome": "298700000", "sellingGeneralAndAdministrative": "136500000", "researchAndDevelopment": "25400000", "operatingExpenses": "253500000", "investmentIncomeNet": "None", "netInterestIncome": "-14100000", "interestIncome": "11100000", "interestExpense": "14100000", "nonInterestIncome": "None", "otherNonOperatingIncome": "2700000", "depreciation": "None", "depreciationAndAmortization": "54200000", "incomeBeforeTax": "287300000", "incomeTaxExpense": "69000000", "interestAndDebtExpense": "None", "netIncomeFromContinuingOperations": "218300000", "comprehensiveIncomeNetOfTax": "None", "ebit": "301400000", "ebitda": "355600000", "netIncome": "218300000"}, {"fiscalDateEnding": "2021-03-31", "reportedCurrency": "USD", "grossProfit": "550900000", "totalRevenue": "1238900000", "costOfRevenue": "688000000", "costofGoodsAndServicesSold": "688000000", "operatingIncome": "302600000", "sellingGeneralAndAdministrative": "149600000", "researchAndDevelopment": "24100000", "operatingExpenses": "248300000", "investmentIncomeNet": "None", "netInterestIncome": "-14000000", "interestIncome": "11500000", "interestExpense": "14000000", "nonInterestIncome": "None", "otherNonOperatingIncome": "2400000", "depreciation": "None", "depreciationAndAmortization": "53700000", "incomeBeforeTax": "291000000", "incomeTaxExpense": "70300000", "interestAndDebtExpense": "None", "netIncomeFromContinuingOperations": "220700000", "comprehensiveIncomeNetOfTax": "None", "ebit": "305000000", "ebitda": "358700000", "netIncome": "220700000"}, {"fiscalDateEnding": "2020-12-31", "reportedCurrency": "USD", "grossProfit": "557400000", "totalRevenue": "1295300000", "costOfRevenue": "737900000", "costofGoodsAndServicesSold": "737900000", "operatingIncome": "190600000", "sellingGeneralAndAdministrative": "165200000", "researchAndDevelopment": "29300000", "operatingExpenses": "366800000", "investmentIncomeNet": "None", "netInterestIncome": "-14000000", "interestIncome": "1200000", "interestExpense": "14000000", "nonInterestIncome": "None", "otherNonOperatingIncome": "300000", "depreciation": "None", "depreciationAndAmortization": "50800000", "incomeBeforeTax": "176900000", "incomeTaxExpense": "26700000", "interestAndDebtExpense": "None", "netIncomeFromContinuingOperations": "150200000", "comprehensiveIncomeNetOfTax": "None", "ebit": "190100000", "ebitda": "240900000", "netIncome": "150200000"}, {"fiscalDateEnding": "2020-09-30", "reportedCurrency": "USD", "grossProfit": "565200000", "totalRevenue": "1241000000", "costOfRevenue": "675800000", "costofGoodsAndServicesSold": "675800000", "operatingIncome": "273800000", "sellingGeneralAndAdministrative": "120500000", "researchAndDevelopment": "27000000", "operatingExpenses": "291400000", "investmentIncomeNet": "None", "netInterestIncome": "-13900000", "interestIncome": "12000000", "interestExpense": "13900000", "nonInterestIncome": "None", "otherNonOperatingIncome": "1600000", "depreciation": "None", "depreciationAndAmortization": "46500000", "incomeBeforeTax": "261500000", "incomeTaxExpense": "45300000", "interestAndDebtExpense": "None", "netIncomeFromContinuingOperations": "216200000", "comprehensiveIncomeNetOfTax": "None", "ebit": "274400000", "ebitda": "320900000", "netIncome": "216200000"}, {"fiscalDateEnding": "2020-06-30", "reportedCurrency": "USD", "grossProfit": "559600000", "totalRevenue": "1194300000", "costOfRevenue": "634700000", "costofGoodsAndServicesSold": "634700000", "operatingIncome": "250700000", "sellingGeneralAndAdministrative": "186600000", "researchAndDevelopment": "24600000", "operatingExpenses": "308900000", "investmentIncomeNet": "None", "netInterestIncome": "-16800000", "interestIncome": "14500000", "interestExpense": "16800000", "nonInterestIncome": "None", "otherNonOperatingIncome": "2100000", "depreciation": "None", "depreciationAndAmortization": "46200000", "incomeBeforeTax": "236000000", "incomeTaxExpense": "46300000", "interestAndDebtExpense": "None", "netIncomeFromContinuingOperations": "189700000", "comprehensiveIncomeNetOfTax": "None", "ebit": "252000000", "ebitda": "298200000", "netIncome": "189700000"}, {"fiscalDateEnding": "2020-03-31", "reportedCurrency": "USD", "grossProfit": "532000000", "totalRevenue": "1165200000", "costOfRevenue": "633200000", "costofGoodsAndServicesSold": "633200000", "operatingIncome": "314600000", "sellingGeneralAndAdministrative": "121000000", "researchAndDevelopment": "21700000", "operatingExpenses": "217400000", "investmentIncomeNet": "None", "netInterestIncome": "-16300000", "interestIncome": "14600000", "interestExpense": "16300000", "nonInterestIncome": "None", "otherNonOperatingIncome": "1100000", "depreciation": "None", "depreciationAndAmortization": "46200000", "incomeBeforeTax": "299400000", "incomeTaxExpense": "69600000", "interestAndDebtExpense": "None", "netIncomeFromContinuingOperations": "229800000", "comprehensiveIncomeNetOfTax": "None", "ebit": "287600000", "ebitda": "333800000", "netIncome": "229800000"}, {"fiscalDateEnding": "2019-12-31", "reportedCurrency": "USD", "grossProfit": "524000000", "totalRevenue": "1144200000", "costOfRevenue": "620200000", "costofGoodsAndServicesSold": "620200000", "operatingIncome": "195200000", "sellingGeneralAndAdministrative": "166200000", "researchAndDevelopment": "26000000", "operatingExpenses": "328800000", "investmentIncomeNet": "None", "netInterestIncome": "-18000000", "interestIncome": "16300000", "interestExpense": "18000000", "nonInterestIncome": "None", "otherNonOperatingIncome": "500000", "depreciation": "None", "depreciationAndAmortization": "46500000", "incomeBeforeTax": "177700000", "incomeTaxExpense": "33300000", "interestAndDebtExpense": "None", "netIncomeFromContinuingOperations": "144400000", "comprehensiveIncomeNetOfTax": "None", "ebit": "194700000", "ebitda": "241200000", "netIncome": "144400000"}, {"fiscalDateEnding": "2019-09-30", "reportedCurrency": "USD", "grossProfit": "507700000", "totalRevenue": "1089400000", "costOfRevenue": "581700000", "costofGoodsAndServicesSold": "581700000", "operatingIncome": "216800000", "sellingGeneralAndAdministrative": "165700000", "researchAndDevelopment": "24500000", "operatingExpenses": "290900000", "investmentIncomeNet": "None", "netInterestIncome": "-18900000", "interestIncome": "16500000", "interestExpense": "18900000", "nonInterestIncome": "None", "otherNonOperatingIncome": "2700000", "depreciation": "None", "depreciationAndAmortization": "47000000", "incomeBeforeTax": "200600000", "incomeTaxExpense": "43300000", "interestAndDebtExpense": "None", "netIncomeFromContinuingOperations": "157300000", "comprehensiveIncomeNetOfTax": "None", "ebit": "218300000", "ebitda": "265300000", "netIncome": "157300000"}, {"fiscalDateEnding": "2019-06-30", "reportedCurrency": "USD", "grossProfit": "481500000", "totalRevenue": "1079400000", "costOfRevenue": "597900000", "costofGoodsAndServicesSold": "597900000", "operatingIncome": "187400000", "sellingGeneralAndAdministrative": "165000000", "researchAndDevelopment": "22400000", "operatingExpenses": "294100000", "investmentIncomeNet": "None", "netInterestIncome": "-18900000", "interestIncome": "17000000", "interestExpense": "18900000", "nonInterestIncome": "None", "otherNonOperatingIncome": "1800000", "depreciation": "None", "depreciationAndAmortization": "44300000", "incomeBeforeTax": "170300000", "incomeTaxExpense": "31800000", "interestAndDebtExpense": "None", "netIncomeFromContinuingOperations": "138500000", "comprehensiveIncomeNetOfTax": "None", "ebit": "183700000", "ebitda": "228000000", "netIncome": "138500000"}, {"fiscalDateEnding": "2019-03-31", "reportedCurrency": "USD", "grossProfit": "470800000", "totalRevenue": "1044700000", "costOfRevenue": "573900000", "costofGoodsAndServicesSold": "573900000", "operatingIncome": "240800000", "sellingGeneralAndAdministrative": "131900000", "researchAndDevelopment": "20700000", "operatingExpenses": "230000000", "investmentIncomeNet": "None", "netInterestIncome": "-17800000", "interestIncome": "None", "interestExpense": "17800000", "nonInterestIncome": "None", "otherNonOperatingIncome": "2100000", "depreciation": "None", "depreciationAndAmortization": "38600000", "incomeBeforeTax": "225100000", "incomeTaxExpense": "49400000", "interestAndDebtExpense": "None", "netIncomeFromContinuingOperations": "175700000", "comprehensiveIncomeNetOfTax": "None", "ebit": "240800000", "ebitda": "279400000", "netIncome": "175700000"}, {"fiscalDateEnding": "2018-12-31", "reportedCurrency": "USD", "grossProfit": "474300000", "totalRevenue": "1074400000", "costOfRevenue": "600100000", "costofGoodsAndServicesSold": "600100000", "operatingIncome": "193400000", "sellingGeneralAndAdministrative": "154500000", "researchAndDevelopment": "25300000", "operatingExpenses": "280900000", "investmentIncomeNet": "None", "netInterestIncome": "None", "interestIncome": "None", "interestExpense": "19700000", "nonInterestIncome": "None", "otherNonOperatingIncome": "2400000", "depreciation": "None", "depreciationAndAmortization": "35700000", "incomeBeforeTax": "176100000", "incomeTaxExpense": "33300000", "interestAndDebtExpense": "None", "netIncomeFromContinuingOperations": "142800000", "comprehensiveIncomeNetOfTax": "None", "ebit": "185900000", "ebitda": "221600000", "netIncome": "142800000"}, {"fiscalDateEnding": "2018-09-30", "reportedCurrency": "USD", "grossProfit": "460100000", "totalRevenue": "1037600000", "costOfRevenue": "577500000", "costofGoodsAndServicesSold": "577500000", "operatingIncome": "204200000", "sellingGeneralAndAdministrative": "135400000", "researchAndDevelopment": "23100000", "operatingExpenses": "255900000", "investmentIncomeNet": "None", "netInterestIncome": "None", "interestIncome": "None", "interestExpense": "19400000", "nonInterestIncome": "None", "otherNonOperatingIncome": "2500000", "depreciation": "None", "depreciationAndAmortization": "35500000", "incomeBeforeTax": "187300000", "incomeTaxExpense": "41000000", "interestAndDebtExpense": "None", "netIncomeFromContinuingOperations": "146300000", "comprehensiveIncomeNetOfTax": "None", "ebit": "204200000", "ebitda": "239700000", "netIncome": "146300000"}, {"fiscalDateEnding": "2018-06-30", "reportedCurrency": "USD", "grossProfit": "454900000", "totalRevenue": "1027900000", "costOfRevenue": "573000000", "costofGoodsAndServicesSold": "573000000", "operatingIncome": "173800000", "sellingGeneralAndAdministrative": "144700000", "researchAndDevelopment": "21800000", "operatingExpenses": "281100000", "investmentIncomeNet": "None", "netInterestIncome": "None", "interestIncome": "None", "interestExpense": "20200000", "nonInterestIncome": "None", "otherNonOperatingIncome": "1800000", "depreciation": "None", "depreciationAndAmortization": "34200000", "incomeBeforeTax": "155400000", "incomeTaxExpense": "33700000", "interestAndDebtExpense": "None", "netIncomeFromContinuingOperations": "121700000", "comprehensiveIncomeNetOfTax": "None", "ebit": "173800000", "ebitda": "208000000", "netIncome": "121700000"}, {"fiscalDateEnding": "2018-03-31", "reportedCurrency": "USD", "grossProfit": "451500000", "totalRevenue": "1006000000", "costOfRevenue": "554500000", "costofGoodsAndServicesSold": "554500000", "operatingIncome": "220300000", "sellingGeneralAndAdministrative": "131300000", "researchAndDevelopment": "19500000", "operatingExpenses": "231200000", "investmentIncomeNet": "None", "netInterestIncome": "None", "interestIncome": "None", "interestExpense": "20100000", "nonInterestIncome": "None", "otherNonOperatingIncome": "500000", "depreciation": "None", "depreciationAndAmortization": "35700000", "incomeBeforeTax": "200700000", "incomeTaxExpense": "42900000", "interestAndDebtExpense": "None", "netIncomeFromContinuingOperations": "157800000", "comprehensiveIncomeNetOfTax": "None", "ebit": "220300000", "ebitda": "256000000", "netIncome": "157800000"}, {"fiscalDateEnding": "2017-12-31", "reportedCurrency": "USD", "grossProfit": "481400000", "totalRevenue": "1033100000", "costOfRevenue": "551700000", "costofGoodsAndServicesSold": "551700000", "operatingIncome": "214700000", "sellingGeneralAndAdministrative": "146100000", "researchAndDevelopment": "22700000", "operatingExpenses": "266700000", "investmentIncomeNet": "None", "netInterestIncome": "None", "interestIncome": "None", "interestExpense": "18700000", "nonInterestIncome": "None", "otherNonOperatingIncome": "2700000", "depreciation": "None", "depreciationAndAmortization": "33800000", "incomeBeforeTax": "198700000", "incomeTaxExpense": "-206900000", "interestAndDebtExpense": "None", "netIncomeFromContinuingOperations": "405600000", "comprehensiveIncomeNetOfTax": "None", "ebit": "214700000", "ebitda": "248500000", "netIncome": "405600000"}, {"fiscalDateEnding": "2017-09-30", "reportedCurrency": "USD", "grossProfit": "438500000", "totalRevenue": "967900000", "costOfRevenue": "529400000", "costofGoodsAndServicesSold": "529400000", "operatingIncome": "198700000", "sellingGeneralAndAdministrative": "127900000", "researchAndDevelopment": "18000000", "operatingExpenses": "239800000", "investmentIncomeNet": "None", "netInterestIncome": "None", "interestIncome": "None", "interestExpense": "16400000", "nonInterestIncome": "None", "otherNonOperatingIncome": "4700000", "depreciation": "None", "depreciationAndAmortization": "32400000", "incomeBeforeTax": "187000000", "incomeTaxExpense": "53600000", "interestAndDebtExpense": "None", "netIncomeFromContinuingOperations": "133400000", "comprehensiveIncomeNetOfTax": "None", "ebit": "198700000", "ebitda": "231100000", "netIncome": "133400000"}, {"fiscalDateEnding": "2017-06-30", "reportedCurrency": "USD", "grossProfit": "410400000", "totalRevenue": "898000000", "costOfRevenue": "487600000", "costofGoodsAndServicesSold": "487600000", "operatingIncome": "123200000", "sellingGeneralAndAdministrative": "156300000", "researchAndDevelopment": "16000000", "operatingExpenses": "287200000", "investmentIncomeNet": "None", "netInterestIncome": "None", "interestIncome": "None", "interestExpense": "9300000", "nonInterestIncome": "None", "otherNonOperatingIncome": "2900000", "depreciation": "None", "depreciationAndAmortization": "29900000", "incomeBeforeTax": "116800000", "incomeTaxExpense": "43900000", "interestAndDebtExpense": "None", "netIncomeFromContinuingOperations": "72900000", "comprehensiveIncomeNetOfTax": "None", "ebit": "162400000", "ebitda": "192300000", "netIncome": "72900000"}, {"fiscalDateEnding": "2017-03-31", "reportedCurrency": "USD", "grossProfit": "399300000", "totalRevenue": "877200000", "costOfRevenue": "477900000", "costofGoodsAndServicesSold": "477900000", "operatingIncome": "196100000", "sellingGeneralAndAdministrative": "112400000", "researchAndDevelopment": "14100000", "operatingExpenses": "203200000", "investmentIncomeNet": "None", "netInterestIncome": "None", "interestIncome": "None", "interestExpense": "8200000", "nonInterestIncome": "None", "otherNonOperatingIncome": "2300000", "depreciation": "None", "depreciationAndAmortization": "29300000", "incomeBeforeTax": "190200000", "incomeTaxExpense": "58700000", "interestAndDebtExpense": "None", "netIncomeFromContinuingOperations": "131500000", "comprehensiveIncomeNetOfTax": "None", "ebit": "196100000", "ebitda": "225400000", "netIncome": "131500000"}, {"fiscalDateEnding": "2016-12-31", "reportedCurrency": "USD", "grossProfit": "408000000", "totalRevenue": "896000000", "costOfRevenue": "488000000", "costofGoodsAndServicesSold": "488000000", "operatingIncome": "173400000", "sellingGeneralAndAdministrative": "118300000", "researchAndDevelopment": "18200000", "operatingExpenses": "234600000", "investmentIncomeNet": "None", "netInterestIncome": "None", "interestIncome": "None", "interestExpense": "7000000", "nonInterestIncome": "None", "otherNonOperatingIncome": "3100000", "depreciation": "None", "depreciationAndAmortization": "27400000", "incomeBeforeTax": "169500000", "incomeTaxExpense": "59100000", "interestAndDebtExpense": "None", "netIncomeFromContinuingOperations": "110400000", "comprehensiveIncomeNetOfTax": "None", "ebit": "178300000", "ebitda": "205700000", "netIncome": "110400000"}, {"fiscalDateEnding": "2016-09-30", "reportedCurrency": "USD", "grossProfit": "395600000", "totalRevenue": "870700000", "costOfRevenue": "475100000", "costofGoodsAndServicesSold": "475100000", "operatingIncome": "196000000", "sellingGeneralAndAdministrative": "101400000", "researchAndDevelopment": "14500000", "operatingExpenses": "199600000", "investmentIncomeNet": "None", "netInterestIncome": "None", "interestIncome": "None", "interestExpense": "6800000", "nonInterestIncome": "None", "otherNonOperatingIncome": "3200000", "depreciation": "None", "depreciationAndAmortization": "25800000", "incomeBeforeTax": "192400000", "incomeTaxExpense": "68400000", "interestAndDebtExpense": "None", "netIncomeFromContinuingOperations": "124000000", "comprehensiveIncomeNetOfTax": "None", "ebit": "196000000", "ebitda": "221800000", "netIncome": "124000000"}, {"fiscalDateEnding": "2016-06-30", "reportedCurrency": "USD", "grossProfit": "408000000", "totalRevenue": "877400000", "costOfRevenue": "469400000", "costofGoodsAndServicesSold": "469400000", "operatingIncome": "175300000", "sellingGeneralAndAdministrative": "112500000", "researchAndDevelopment": "16100000", "operatingExpenses": "232700000", "investmentIncomeNet": "None", "netInterestIncome": "None", "interestIncome": "None", "interestExpense": "7100000", "nonInterestIncome": "None", "otherNonOperatingIncome": "2800000", "depreciation": "None", "depreciationAndAmortization": "26500000", "incomeBeforeTax": "171000000", "incomeTaxExpense": "59400000", "interestAndDebtExpense": "None", "netIncomeFromContinuingOperations": "111600000", "comprehensiveIncomeNetOfTax": "None", "ebit": "175300000", "ebitda": "201800000", "netIncome": "111600000"}, {"fiscalDateEnding": "2016-03-31", "reportedCurrency": "USD", "grossProfit": "379000000", "totalRevenue": "849000000", "costOfRevenue": "470000000", "costofGoodsAndServicesSold": "470000000", "operatingIncome": "179500000", "sellingGeneralAndAdministrative": "107000000", "researchAndDevelopment": "14400000", "operatingExpenses": "199500000", "investmentIncomeNet": "None", "netInterestIncome": "None", "interestIncome": "None", "interestExpense": "6800000", "nonInterestIncome": "None", "otherNonOperatingIncome": "300000", "depreciation": "None", "depreciationAndAmortization": "27900000", "incomeBeforeTax": "173000000", "incomeTaxExpense": "60000000", "interestAndDebtExpense": "None", "netIncomeFromContinuingOperations": "113000000", "comprehensiveIncomeNetOfTax": "None", "ebit": "179500000", "ebitda": "207400000", "netIncome": "113000000"}, {"fiscalDateEnding": "2015-12-31", "reportedCurrency": "USD", "grossProfit": "397400000", "totalRevenue": "873600000", "costOfRevenue": "476200000", "costofGoodsAndServicesSold": "476200000", "operatingIncome": "169200000", "sellingGeneralAndAdministrative": "108100000", "researchAndDevelopment": "16600000", "operatingExpenses": "228200000", "investmentIncomeNet": "None", "netInterestIncome": "None", "interestIncome": "None", "interestExpense": "7600000", "nonInterestIncome": "None", "otherNonOperatingIncome": "3300000", "depreciation": "None", "depreciationAndAmortization": "24700000", "incomeBeforeTax": "164900000", "incomeTaxExpense": "55800000", "interestAndDebtExpense": "None", "netIncomeFromContinuingOperations": "109100000", "comprehensiveIncomeNetOfTax": "None", "ebit": "178100000", "ebitda": "202800000", "netIncome": "109100000"}, {"fiscalDateEnding": "2015-09-30", "reportedCurrency": "USD", "grossProfit": "385800000", "totalRevenue": "861800000", "costOfRevenue": "476000000", "costofGoodsAndServicesSold": "476000000", "operatingIncome": "190600000", "sellingGeneralAndAdministrative": "102400000", "researchAndDevelopment": "16000000", "operatingExpenses": "195200000", "investmentIncomeNet": "None", "netInterestIncome": "None", "interestIncome": "None", "interestExpense": "7400000", "nonInterestIncome": "None", "otherNonOperatingIncome": "2500000", "depreciation": "None", "depreciationAndAmortization": "24900000", "incomeBeforeTax": "185700000", "incomeTaxExpense": "65300000", "interestAndDebtExpense": "None", "netIncomeFromContinuingOperations": "120400000", "comprehensiveIncomeNetOfTax": "None", "ebit": "190600000", "ebitda": "215500000", "netIncome": "120400000"}, {"fiscalDateEnding": "2015-06-30", "reportedCurrency": "USD", "grossProfit": "373100000", "totalRevenue": "847100000", "costOfRevenue": "474000000", "costofGoodsAndServicesSold": "474000000", "operatingIncome": "142300000", "sellingGeneralAndAdministrative": "115000000", "researchAndDevelopment": "18300000", "operatingExpenses": "230800000", "investmentIncomeNet": "None", "netInterestIncome": "None", "interestIncome": "None", "interestExpense": "7900000", "nonInterestIncome": "None", "otherNonOperatingIncome": "-14900000", "depreciation": "None", "depreciationAndAmortization": "25400000", "incomeBeforeTax": "119500000", "incomeTaxExpense": "45800000", "interestAndDebtExpense": "None", "netIncomeFromContinuingOperations": "73700000", "comprehensiveIncomeNetOfTax": "None", "ebit": "142300000", "ebitda": "167700000", "netIncome": "73700000"}, {"fiscalDateEnding": "2015-03-31", "reportedCurrency": "USD", "grossProfit": "355500000", "totalRevenue": "812300000", "costOfRevenue": "456800000", "costofGoodsAndServicesSold": "456800000", "operatingIncome": "172100000", "sellingGeneralAndAdministrative": "94600000", "researchAndDevelopment": "13800000", "operatingExpenses": "183400000", "investmentIncomeNet": "None", "netInterestIncome": "None", "interestIncome": "None", "interestExpense": "7600000", "nonInterestIncome": "None", "otherNonOperatingIncome": "800000", "depreciation": "None", "depreciationAndAmortization": "26000000", "incomeBeforeTax": "165300000", "incomeTaxExpense": "58100000", "interestAndDebtExpense": "None", "netIncomeFromContinuingOperations": "107200000", "comprehensiveIncomeNetOfTax": "None", "ebit": "172100000", "ebitda": "198100000", "netIncome": "107200000"}, {"fiscalDateEnding": "2014-12-31", "reportedCurrency": "USD", "grossProfit": "389600000", "totalRevenue": "865500000", "costOfRevenue": "475900000", "costofGoodsAndServicesSold": "475900000", "operatingIncome": "163800000", "sellingGeneralAndAdministrative": "106700000", "researchAndDevelopment": "17500000", "operatingExpenses": "225800000", "investmentIncomeNet": "None", "netInterestIncome": "None", "interestIncome": "None", "interestExpense": "6900000", "nonInterestIncome": "None", "otherNonOperatingIncome": "3100000", "depreciation": "None", "depreciationAndAmortization": "23500000", "incomeBeforeTax": "160000000", "incomeTaxExpense": "53400000", "interestAndDebtExpense": "None", "netIncomeFromContinuingOperations": "106600000", "comprehensiveIncomeNetOfTax": "None", "ebit": "170200000", "ebitda": "193700000", "netIncome": "106600000"}, {"fiscalDateEnding": "2014-09-30", "reportedCurrency": "USD", "grossProfit": "367500000", "totalRevenue": "841800000", "costOfRevenue": "474300000", "costofGoodsAndServicesSold": "474300000", "operatingIncome": "177200000", "sellingGeneralAndAdministrative": "93700000", "researchAndDevelopment": "14800000", "operatingExpenses": "190300000", "investmentIncomeNet": "None", "netInterestIncome": "None", "interestIncome": "None", "interestExpense": "6900000", "nonInterestIncome": "None", "otherNonOperatingIncome": "2900000", "depreciation": "None", "depreciationAndAmortization": "22000000", "incomeBeforeTax": "173200000", "incomeTaxExpense": "57300000", "interestAndDebtExpense": "None", "netIncomeFromContinuingOperations": "115900000", "comprehensiveIncomeNetOfTax": "None", "ebit": "177200000", "ebitda": "199200000", "netIncome": "115900000"}, {"fiscalDateEnding": "2014-06-30", "reportedCurrency": "USD", "grossProfit": "356400000", "totalRevenue": "808300000", "costOfRevenue": "451900000", "costofGoodsAndServicesSold": "451900000", "operatingIncome": "138200000", "sellingGeneralAndAdministrative": "104800000", "researchAndDevelopment": "14400000", "operatingExpenses": "218200000", "investmentIncomeNet": "None", "netInterestIncome": "None", "interestIncome": "None", "interestExpense": "6900000", "nonInterestIncome": "None", "otherNonOperatingIncome": "3700000", "depreciation": "None", "depreciationAndAmortization": "22900000", "incomeBeforeTax": "135000000", "incomeTaxExpense": "46200000", "interestAndDebtExpense": "None", "netIncomeFromContinuingOperations": "88800000", "comprehensiveIncomeNetOfTax": "None", "ebit": "138200000", "ebitda": "161100000", "netIncome": "88800000"}, {"fiscalDateEnding": "2014-03-31", "reportedCurrency": "USD", "grossProfit": "339400000", "totalRevenue": "782000000", "costOfRevenue": "442600000", "costofGoodsAndServicesSold": "442600000", "operatingIncome": "162000000", "sellingGeneralAndAdministrative": "89600000", "researchAndDevelopment": "13100000", "operatingExpenses": "177400000", "investmentIncomeNet": "None", "netInterestIncome": "None", "interestIncome": "None", "interestExpense": "6700000", "nonInterestIncome": "None", "otherNonOperatingIncome": "1400000", "depreciation": "None", "depreciationAndAmortization": "22800000", "incomeBeforeTax": "156700000", "incomeTaxExpense": "54100000", "interestAndDebtExpense": "None", "netIncomeFromContinuingOperations": "102600000", "comprehensiveIncomeNetOfTax": "None", "ebit": "162000000", "ebitda": "184800000", "netIncome": "102600000"}, {"fiscalDateEnding": "2013-12-31", "reportedCurrency": "USD", "grossProfit": "371700000", "totalRevenue": "822600000", "costOfRevenue": "450900000", "costofGoodsAndServicesSold": "450900000", "operatingIncome": "144600000", "sellingGeneralAndAdministrative": "109600000", "researchAndDevelopment": "16800000", "operatingExpenses": "227100000", "investmentIncomeNet": "None", "netInterestIncome": "None", "interestIncome": "None", "interestExpense": "6700000", "nonInterestIncome": "None", "otherNonOperatingIncome": "1300000", "depreciation": "None", "depreciationAndAmortization": "22600000", "incomeBeforeTax": "139200000", "incomeTaxExpense": "47000000", "interestAndDebtExpense": "None", "netIncomeFromContinuingOperations": "92200000", "comprehensiveIncomeNetOfTax": "None", "ebit": "152900000", "ebitda": "175500000", "netIncome": "92200000"}, {"fiscalDateEnding": "2013-09-30", "reportedCurrency": "USD", "grossProfit": "365200000", "totalRevenue": "804800000", "costOfRevenue": "439600000", "costofGoodsAndServicesSold": "439600000", "operatingIncome": "167800000", "sellingGeneralAndAdministrative": "97700000", "researchAndDevelopment": "16300000", "operatingExpenses": "197400000", "investmentIncomeNet": "None", "netInterestIncome": "None", "interestIncome": "None", "interestExpense": "7000000", "nonInterestIncome": "None", "otherNonOperatingIncome": "2400000", "depreciation": "None", "depreciationAndAmortization": "21600000", "incomeBeforeTax": "163200000", "incomeTaxExpense": "55300000", "interestAndDebtExpense": "None", "netIncomeFromContinuingOperations": "107900000", "comprehensiveIncomeNetOfTax": "None", "ebit": "167800000", "ebitda": "189400000", "netIncome": "107900000"}, {"fiscalDateEnding": "2013-06-30", "reportedCurrency": "USD", "grossProfit": "351000000", "totalRevenue": "787600000", "costOfRevenue": "436600000", "costofGoodsAndServicesSold": "436600000", "operatingIncome": "140500000", "sellingGeneralAndAdministrative": "106800000", "researchAndDevelopment": "14300000", "operatingExpenses": "210500000", "investmentIncomeNet": "None", "netInterestIncome": "None", "interestIncome": "None", "interestExpense": "7000000", "nonInterestIncome": "None", "otherNonOperatingIncome": "-1300000", "depreciation": "None", "depreciationAndAmortization": "22700000", "incomeBeforeTax": "132200000", "incomeTaxExpense": "45600000", "interestAndDebtExpense": "None", "netIncomeFromContinuingOperations": "86600000", "comprehensiveIncomeNetOfTax": "None", "ebit": "139200000", "ebitda": "161900000", "netIncome": "86600000"}, {"fiscalDateEnding": "2013-03-31", "reportedCurrency": "USD", "grossProfit": "350100000", "totalRevenue": "779300000", "costOfRevenue": "429200000", "costofGoodsAndServicesSold": "429200000", "operatingIncome": "169300000", "sellingGeneralAndAdministrative": "101900000", "researchAndDevelopment": "14400000", "operatingExpenses": "180800000", "investmentIncomeNet": "None", "netInterestIncome": "None", "interestIncome": "None", "interestExpense": "7000000", "nonInterestIncome": "None", "otherNonOperatingIncome": "900000", "depreciation": "None", "depreciationAndAmortization": "23600000", "incomeBeforeTax": "163200000", "incomeTaxExpense": "55500000", "interestAndDebtExpense": "None", "netIncomeFromContinuingOperations": "107700000", "comprehensiveIncomeNetOfTax": "None", "ebit": "170200000", "ebitda": "193800000", "netIncome": "107700000"}, {"fiscalDateEnding": "2012-12-31", "reportedCurrency": "USD", "grossProfit": "358400000", "totalRevenue": "809700000", "costOfRevenue": "451300000", "costofGoodsAndServicesSold": "451300000", "operatingIncome": "134600000", "sellingGeneralAndAdministrative": "115100000", "researchAndDevelopment": "14600000", "operatingExpenses": "223800000", "investmentIncomeNet": "None", "netInterestIncome": "None", "interestIncome": "None", "interestExpense": "6300000", "nonInterestIncome": "None", "otherNonOperatingIncome": "1900000", "depreciation": "None", "depreciationAndAmortization": "25600000", "incomeBeforeTax": "130200000", "incomeTaxExpense": "49400000", "interestAndDebtExpense": "None", "netIncomeFromContinuingOperations": "80800000", "comprehensiveIncomeNetOfTax": "None", "ebit": "136500000", "ebitda": "162100000", "netIncome": "80800000"}, {"fiscalDateEnding": "2012-09-30", "reportedCurrency": "USD", "grossProfit": "327500000", "totalRevenue": "725200000", "costOfRevenue": "397700000", "costofGoodsAndServicesSold": "397700000", "operatingIncome": "145400000", "sellingGeneralAndAdministrative": "89900000", "researchAndDevelopment": "13700000", "operatingExpenses": "182100000", "investmentIncomeNet": "None", "netInterestIncome": "None", "interestIncome": "None", "interestExpense": "2600000", "nonInterestIncome": "None", "otherNonOperatingIncome": "3200000", "depreciation": "None", "depreciationAndAmortization": "20100000", "incomeBeforeTax": "146000000", "incomeTaxExpense": "52100000", "interestAndDebtExpense": "None", "netIncomeFromContinuingOperations": "93900000", "comprehensiveIncomeNetOfTax": "None", "ebit": "148600000", "ebitda": "168700000", "netIncome": "93900000"}, {"fiscalDateEnding": "2012-06-30", "reportedCurrency": "USD", "grossProfit": "303000000", "totalRevenue": "696400000", "costOfRevenue": "393400000", "costofGoodsAndServicesSold": "393400000", "operatingIncome": "122400000", "sellingGeneralAndAdministrative": "92200000", "researchAndDevelopment": "13900000", "operatingExpenses": "180600000", "investmentIncomeNet": "None", "netInterestIncome": "None", "interestIncome": "None", "interestExpense": "2400000", "nonInterestIncome": "None", "otherNonOperatingIncome": "3100000", "depreciation": "None", "depreciationAndAmortization": "20100000", "incomeBeforeTax": "123100000", "incomeTaxExpense": "43800000", "interestAndDebtExpense": "None", "netIncomeFromContinuingOperations": "79300000", "comprehensiveIncomeNetOfTax": "None", "ebit": "125500000", "ebitda": "145600000", "netIncome": "79300000"}, {"fiscalDateEnding": "2012-03-31", "reportedCurrency": "USD", "grossProfit": "302500000", "totalRevenue": "690600000", "costOfRevenue": "388100000", "costofGoodsAndServicesSold": "388100000", "operatingIncome": "142700000", "sellingGeneralAndAdministrative": "91800000", "researchAndDevelopment": "12600000", "operatingExpenses": "159800000", "investmentIncomeNet": "None", "netInterestIncome": "None", "interestIncome": "None", "interestExpense": "2700000", "nonInterestIncome": "None", "otherNonOperatingIncome": "3200000", "depreciation": "None", "depreciationAndAmortization": "19200000", "incomeBeforeTax": "143200000", "incomeTaxExpense": "47400000", "interestAndDebtExpense": "None", "netIncomeFromContinuingOperations": "95800000", "comprehensiveIncomeNetOfTax": "None", "ebit": "145900000", "ebitda": "165100000", "netIncome": "95800000"}, {"fiscalDateEnding": "2011-12-31", "reportedCurrency": "USD", "grossProfit": "316500000", "totalRevenue": "731100000", "costOfRevenue": "414600000", "costofGoodsAndServicesSold": "414600000", "operatingIncome": "117400000", "sellingGeneralAndAdministrative": "93500000", "researchAndDevelopment": "15400000", "operatingExpenses": "199100000", "investmentIncomeNet": "None", "netInterestIncome": "None", "interestIncome": "None", "interestExpense": "1200000", "nonInterestIncome": "None", "otherNonOperatingIncome": "1800000", "depreciation": "None", "depreciationAndAmortization": "18400000", "incomeBeforeTax": "118000000", "incomeTaxExpense": "54200000", "interestAndDebtExpense": "None", "netIncomeFromContinuingOperations": "63800000", "comprehensiveIncomeNetOfTax": "None", "ebit": "119200000", "ebitda": "137600000", "netIncome": "63800000"}, {"fiscalDateEnding": "2011-09-30", "reportedCurrency": "USD", "grossProfit": "309900000", "totalRevenue": "701000000", "costOfRevenue": "391100000", "costofGoodsAndServicesSold": "391100000", "operatingIncome": "126300000", "sellingGeneralAndAdministrative": "91800000", "researchAndDevelopment": "14100000", "operatingExpenses": "183600000", "investmentIncomeNet": "None", "netInterestIncome": "None", "interestIncome": "None", "interestExpense": "2200000", "nonInterestIncome": "None", "otherNonOperatingIncome": "1900000", "depreciation": "None", "depreciationAndAmortization": "19500000", "incomeBeforeTax": "126000000", "incomeTaxExpense": "46400000", "interestAndDebtExpense": "None", "netIncomeFromContinuingOperations": "79600000", "comprehensiveIncomeNetOfTax": "None", "ebit": "128200000", "ebitda": "147700000", "netIncome": "79600000"}, {"fiscalDateEnding": "2011-06-30", "reportedCurrency": "USD", "grossProfit": "300000000", "totalRevenue": "674900000", "costOfRevenue": "374900000", "costofGoodsAndServicesSold": "374900000", "operatingIncome": "117800000", "sellingGeneralAndAdministrative": "94700000", "researchAndDevelopment": "13100000", "operatingExpenses": "182200000", "investmentIncomeNet": "None", "netInterestIncome": "None", "interestIncome": "None", "interestExpense": "2600000", "nonInterestIncome": "None", "otherNonOperatingIncome": "3800000", "depreciation": "None", "depreciationAndAmortization": "19800000", "incomeBeforeTax": "119000000", "incomeTaxExpense": "36400000", "interestAndDebtExpense": "None", "netIncomeFromContinuingOperations": "82600000", "comprehensiveIncomeNetOfTax": "None", "ebit": "121600000", "ebitda": "141400000", "netIncome": "82600000"}, {"fiscalDateEnding": "2011-03-31", "reportedCurrency": "USD", "grossProfit": "288100000", "totalRevenue": "642300000", "costOfRevenue": "354200000", "costofGoodsAndServicesSold": "354200000", "operatingIncome": "131100000", "sellingGeneralAndAdministrative": "87800000", "researchAndDevelopment": "12500000", "operatingExpenses": "157000000", "investmentIncomeNet": "None", "netInterestIncome": "None", "interestIncome": "None", "interestExpense": "2700000", "nonInterestIncome": "None", "otherNonOperatingIncome": "3200000", "depreciation": "None", "depreciationAndAmortization": "19400000", "incomeBeforeTax": "131600000", "incomeTaxExpense": "48000000", "interestAndDebtExpense": "None", "netIncomeFromContinuingOperations": "83600000", "comprehensiveIncomeNetOfTax": "None", "ebit": "134300000", "ebitda": "153700000", "netIncome": "83600000"}, {"fiscalDateEnding": "2010-12-31", "reportedCurrency": "USD", "grossProfit": "292446000", "totalRevenue": "656879000", "costOfRevenue": "364433000", "costofGoodsAndServicesSold": "364433000", "operatingIncome": "80054000", "sellingGeneralAndAdministrative": "116354000", "researchAndDevelopment": "15100000", "operatingExpenses": "212392000", "investmentIncomeNet": "None", "netInterestIncome": "None", "interestIncome": "None", "interestExpense": "6235000", "nonInterestIncome": "None", "otherNonOperatingIncome": "None", "depreciation": "None", "depreciationAndAmortization": "17134000", "incomeBeforeTax": "70661000", "incomeTaxExpense": "23687000", "interestAndDebtExpense": "None", "netIncomeFromContinuingOperations": "0", "comprehensiveIncomeNetOfTax": "None", "ebit": "76896000", "ebitda": "94030000", "netIncome": "46993000"}, {"fiscalDateEnding": "2010-09-30", "reportedCurrency": "USD", "grossProfit": "288939000", "totalRevenue": "656901000", "costOfRevenue": "367962000", "costofGoodsAndServicesSold": "367962000", "operatingIncome": "112955000", "sellingGeneralAndAdministrative": "85769000", "researchAndDevelopment": "13100000", "operatingExpenses": "175984000", "investmentIncomeNet": "None", "netInterestIncome": "None", "interestIncome": "None", "interestExpense": "8052000", "nonInterestIncome": "None", "otherNonOperatingIncome": "928000", "depreciation": "None", "depreciationAndAmortization": "18084000", "incomeBeforeTax": "105831000", "incomeTaxExpense": "36357000", "interestAndDebtExpense": "None", "netIncomeFromContinuingOperations": "69474000", "comprehensiveIncomeNetOfTax": "None", "ebit": "113816000", "ebitda": "131900000", "netIncome": "69500000"}, {"fiscalDateEnding": "2010-06-30", "reportedCurrency": "USD", "grossProfit": "290885000", "totalRevenue": "640887000", "costOfRevenue": "350002000", "costofGoodsAndServicesSold": "350002000", "operatingIncome": "119990000", "sellingGeneralAndAdministrative": "88109000", "researchAndDevelopment": "13000000", "operatingExpenses": "170895000", "investmentIncomeNet": "None", "netInterestIncome": "None", "interestIncome": "None", "interestExpense": "5326000", "nonInterestIncome": "None", "otherNonOperatingIncome": "1751000", "depreciation": "None", "depreciationAndAmortization": "18169000", "incomeBeforeTax": "116415000", "incomeTaxExpense": "42142000", "interestAndDebtExpense": "None", "netIncomeFromContinuingOperations": "74273000", "comprehensiveIncomeNetOfTax": "None", "ebit": "106981000", "ebitda": "125150000", "netIncome": "74300000"}, {"fiscalDateEnding": "2010-03-31", "reportedCurrency": "USD", "grossProfit": "285495000", "totalRevenue": "634553000", "costOfRevenue": "349058000", "costofGoodsAndServicesSold": "349058000", "operatingIncome": "131954000", "sellingGeneralAndAdministrative": "84602000", "researchAndDevelopment": "12500000", "operatingExpenses": "153541000", "investmentIncomeNet": "None", "netInterestIncome": "None", "interestIncome": "None", "interestExpense": "8164000", "nonInterestIncome": "None", "otherNonOperatingIncome": "None", "depreciation": "None", "depreciationAndAmortization": "18185000", "incomeBeforeTax": "125349000", "incomeTaxExpense": "45376000", "interestAndDebtExpense": "None", "netIncomeFromContinuingOperations": "0", "comprehensiveIncomeNetOfTax": "None", "ebit": "133615000", "ebitda": "151800000", "netIncome": "80000000"}, {"fiscalDateEnding": "2009-12-31", "reportedCurrency": "USD", "grossProfit": "285196000", "totalRevenue": "670779000", "costOfRevenue": "385583000", "costofGoodsAndServicesSold": "385583000", "operatingIncome": "91329000", "sellingGeneralAndAdministrative": "120581000", "researchAndDevelopment": "17900000", "operatingExpenses": "193867000", "investmentIncomeNet": "None", "netInterestIncome": "None", "interestIncome": "None", "interestExpense": "8979000", "nonInterestIncome": "None", "otherNonOperatingIncome": "None", "depreciation": "None", "depreciationAndAmortization": "20461000", "incomeBeforeTax": "85092000", "incomeTaxExpense": "32328000", "interestAndDebtExpense": "None", "netIncomeFromContinuingOperations": "0", "comprehensiveIncomeNetOfTax": "None", "ebit": "94071000", "ebitda": "114532000", "netIncome": "52780000"}, {"fiscalDateEnding": "2009-09-30", "reportedCurrency": "USD", "grossProfit": "284885000", "totalRevenue": "646157000", "costOfRevenue": "361272000", "costofGoodsAndServicesSold": "361272000", "operatingIncome": "117901000", "sellingGeneralAndAdministrative": "66759000", "researchAndDevelopment": "12600000", "operatingExpenses": "166984000", "investmentIncomeNet": "None", "netInterestIncome": "None", "interestIncome": "None", "interestExpense": "8609000", "nonInterestIncome": "None", "otherNonOperatingIncome": "None", "depreciation": "None", "depreciationAndAmortization": "21285000", "incomeBeforeTax": "112667000", "incomeTaxExpense": "42643000", "interestAndDebtExpense": "None", "netIncomeFromContinuingOperations": "0", "comprehensiveIncomeNetOfTax": "None", "ebit": "121276000", "ebitda": "142561000", "netIncome": "70028000"}, {"fiscalDateEnding": "2009-06-30", "reportedCurrency": "USD", "grossProfit": "281551000", "totalRevenue": "623119000", "costOfRevenue": "341568000", "costofGoodsAndServicesSold": "341568000", "operatingIncome": "99002000", "sellingGeneralAndAdministrative": "88845000", "researchAndDevelopment": "13700000", "operatingExpenses": "182549000", "investmentIncomeNet": "None", "netInterestIncome": "None", "interestIncome": "None", "interestExpense": "9231000", "nonInterestIncome": "None", "otherNonOperatingIncome": "None", "depreciation": "None", "depreciationAndAmortization": "21936000", "incomeBeforeTax": "94985000", "incomeTaxExpense": "36828000", "interestAndDebtExpense": "None", "netIncomeFromContinuingOperations": "0", "comprehensiveIncomeNetOfTax": "None", "ebit": "85076000", "ebitda": "107012000", "netIncome": "58156000"}, {"fiscalDateEnding": "2009-03-31", "reportedCurrency": "USD", "grossProfit": "249358000", "totalRevenue": "580867000", "costOfRevenue": "331509000", "costofGoodsAndServicesSold": "331509000", "operatingIncome": "104660000", "sellingGeneralAndAdministrative": "78325000", "researchAndDevelopment": "10900000", "operatingExpenses": "144698000", "investmentIncomeNet": "None", "netInterestIncome": "None", "interestIncome": "None", "interestExpense": "8749000", "nonInterestIncome": "None", "otherNonOperatingIncome": "None", "depreciation": "None", "depreciationAndAmortization": "21670000", "incomeBeforeTax": "99492000", "incomeTaxExpense": "36916000", "interestAndDebtExpense": "None", "netIncomeFromContinuingOperations": "0", "comprehensiveIncomeNetOfTax": "None", "ebit": "108241000", "ebitda": "129911000", "netIncome": "62562000"}, {"fiscalDateEnding": "2008-12-31", "reportedCurrency": "USD", "grossProfit": "254038000", "totalRevenue": "644900000", "costOfRevenue": "390862000", "costofGoodsAndServicesSold": "390862000", "operatingIncome": "80139000", "sellingGeneralAndAdministrative": "77859000", "researchAndDevelopment": "13800000", "operatingExpenses": "173899000", "investmentIncomeNet": "None", "netInterestIncome": "None", "interestIncome": "None", "interestExpense": "46945000", "nonInterestIncome": "None", "otherNonOperatingIncome": "None", "depreciation": "None", "depreciationAndAmortization": "19386000", "incomeBeforeTax": "70761000", "incomeTaxExpense": "26532000", "interestAndDebtExpense": "None", "netIncomeFromContinuingOperations": "0", "comprehensiveIncomeNetOfTax": "None", "ebit": "95004000", "ebitda": "114390000", "netIncome": "44229000"}, {"fiscalDateEnding": "2008-09-30", "reportedCurrency": "USD", "grossProfit": "251094000", "totalRevenue": "630672000", "costOfRevenue": "379578000", "costofGoodsAndServicesSold": "379578000", "operatingIncome": "85548000", "sellingGeneralAndAdministrative": "85806000", "researchAndDevelopment": "12700000", "operatingExpenses": "165546000", "investmentIncomeNet": "None", "netInterestIncome": "None", "interestIncome": "None", "interestExpense": "11577000", "nonInterestIncome": "None", "otherNonOperatingIncome": "None", "depreciation": "None", "depreciationAndAmortization": "20367000", "incomeBeforeTax": "74640000", "incomeTaxExpense": "25651000", "interestAndDebtExpense": "None", "netIncomeFromContinuingOperations": "0", "comprehensiveIncomeNetOfTax": "None", "ebit": "86217000", "ebitda": "106584000", "netIncome": "48989000"}, {"fiscalDateEnding": "2008-06-30", "reportedCurrency": "USD", "grossProfit": "242480000", "totalRevenue": "593959000", "costOfRevenue": "351479000", "costofGoodsAndServicesSold": "351479000", "operatingIncome": "81883000", "sellingGeneralAndAdministrative": "81427000", "researchAndDevelopment": "12700000", "operatingExpenses": "160597000", "investmentIncomeNet": "None", "netInterestIncome": "None", "interestIncome": "None", "interestExpense": "10638000", "nonInterestIncome": "None", "otherNonOperatingIncome": "None", "depreciation": "None", "depreciationAndAmortization": "16439000", "incomeBeforeTax": "75454000", "incomeTaxExpense": "29684000", "interestAndDebtExpense": "None", "netIncomeFromContinuingOperations": "0", "comprehensiveIncomeNetOfTax": "None", "ebit": "86092000", "ebitda": "102531000", "netIncome": "45765000"}, {"fiscalDateEnding": "2008-03-31", "reportedCurrency": "USD", "grossProfit": "224106000", "totalRevenue": "552867000", "costOfRevenue": "328761000", "costofGoodsAndServicesSold": "328761000", "operatingIncome": "92762000", "sellingGeneralAndAdministrative": "77859000", "researchAndDevelopment": "12000000", "operatingExpenses": "131344000", "investmentIncomeNet": "None", "netInterestIncome": "None", "interestIncome": "None", "interestExpense": "12505000", "nonInterestIncome": "None", "otherNonOperatingIncome": "None", "depreciation": "None", "depreciationAndAmortization": "15212000", "incomeBeforeTax": "87402000", "incomeTaxExpense": "31211000", "interestAndDebtExpense": "None", "netIncomeFromContinuingOperations": "0", "comprehensiveIncomeNetOfTax": "None", "ebit": "77550000", "ebitda": "92762000", "netIncome": "56191000"}, {"fiscalDateEnding": "2007-12-31", "reportedCurrency": "USD", "grossProfit": "221922000", "totalRevenue": "579695000", "costOfRevenue": "357773000", "costofGoodsAndServicesSold": "357773000", "operatingIncome": "57726000", "sellingGeneralAndAdministrative": "92547000", "researchAndDevelopment": "16400000", "operatingExpenses": "164376000", "investmentIncomeNet": "None", "netInterestIncome": "None", "interestIncome": "None", "interestExpense": "58892000", "nonInterestIncome": "None", "otherNonOperatingIncome": "None", "depreciation": "None", "depreciationAndAmortization": "13574000", "incomeBeforeTax": "49127000", "incomeTaxExpense": "17450000", "interestAndDebtExpense": "None", "netIncomeFromContinuingOperations": "0", "comprehensiveIncomeNetOfTax": "None", "ebit": "57546000", "ebitda": "71120000", "netIncome": "31677000"}, {"fiscalDateEnding": "2007-09-30", "reportedCurrency": "USD", "grossProfit": "229407000", "totalRevenue": "580438000", "costOfRevenue": "351031000", "costofGoodsAndServicesSold": "351031000", "operatingIncome": "88615000", "sellingGeneralAndAdministrative": "71092000", "researchAndDevelopment": "11800000", "operatingExpenses": "140792000", "investmentIncomeNet": "None", "netInterestIncome": "None", "interestIncome": "None", "interestExpense": "14489000", "nonInterestIncome": "None", "otherNonOperatingIncome": "None", "depreciation": "None", "depreciationAndAmortization": "14064000", "incomeBeforeTax": "79228000", "incomeTaxExpense": "27512000", "interestAndDebtExpense": "None", "netIncomeFromContinuingOperations": "0", "comprehensiveIncomeNetOfTax": "None", "ebit": "74551000", "ebitda": "88615000", "netIncome": "51716000"}, {"fiscalDateEnding": "2007-06-30", "reportedCurrency": "USD", "grossProfit": "216693000", "totalRevenue": "546472000", "costOfRevenue": "329779000", "costofGoodsAndServicesSold": "329779000", "operatingIncome": "76550000", "sellingGeneralAndAdministrative": "74041000", "researchAndDevelopment": "11300000", "operatingExpenses": "140143000", "investmentIncomeNet": "None", "netInterestIncome": "None", "interestIncome": "None", "interestExpense": "14216000", "nonInterestIncome": "None", "otherNonOperatingIncome": "None", "depreciation": "None", "depreciationAndAmortization": "14419000", "incomeBeforeTax": "66144000", "incomeTaxExpense": "25611000", "interestAndDebtExpense": "None", "netIncomeFromContinuingOperations": "0", "comprehensiveIncomeNetOfTax": "None", "ebit": "62131000", "ebitda": "76550000", "netIncome": "40533000"}, {"fiscalDateEnding": "2007-03-31", "reportedCurrency": "USD", "grossProfit": "199876000", "totalRevenue": "514335000", "costOfRevenue": "314459000", "costofGoodsAndServicesSold": "314459000", "operatingIncome": "82143000", "sellingGeneralAndAdministrative": "71881000", "researchAndDevelopment": "10300000", "operatingExpenses": "117733000", "investmentIncomeNet": "None", "netInterestIncome": "None", "interestIncome": "None", "interestExpense": "15201000", "nonInterestIncome": "None", "otherNonOperatingIncome": "None", "depreciation": "None", "depreciationAndAmortization": "14614000", "incomeBeforeTax": "70426000", "incomeTaxExpense": "25327000", "interestAndDebtExpense": "None", "netIncomeFromContinuingOperations": "0", "comprehensiveIncomeNetOfTax": "None", "ebit": "67529000", "ebitda": "82143000", "netIncome": "45099000"}, {"fiscalDateEnding": "2006-12-31", "reportedCurrency": "USD", "grossProfit": "204392000", "totalRevenue": "526108000", "costOfRevenue": "321716000", "costofGoodsAndServicesSold": "321716000", "operatingIncome": "44237000", "sellingGeneralAndAdministrative": "56506000", "researchAndDevelopment": "13200000", "operatingExpenses": "160155000", "investmentIncomeNet": "None", "netInterestIncome": "None", "interestIncome": "None", "interestExpense": "54028000", "nonInterestIncome": "None", "otherNonOperatingIncome": "None", "depreciation": "None", "depreciationAndAmortization": "13585000", "incomeBeforeTax": "31926000", "incomeTaxExpense": "8016000", "interestAndDebtExpense": "None", "netIncomeFromContinuingOperations": "0", "comprehensiveIncomeNetOfTax": "None", "ebit": "44237000", "ebitda": "57822000", "netIncome": "23910000"}, {"fiscalDateEnding": "2006-09-30", "reportedCurrency": "USD", "grossProfit": "202960000", "totalRevenue": "518578000", "costOfRevenue": "315618000", "costofGoodsAndServicesSold": "315618000", "operatingIncome": "68889000", "sellingGeneralAndAdministrative": "71451000", "researchAndDevelopment": "11400000", "operatingExpenses": "134071000", "investmentIncomeNet": "None", "netInterestIncome": "None", "interestIncome": "None", "interestExpense": "14605000", "nonInterestIncome": "None", "otherNonOperatingIncome": "None", "depreciation": "None", "depreciationAndAmortization": "13219000", "incomeBeforeTax": "56607000", "incomeTaxExpense": "17943000", "interestAndDebtExpense": "None", "netIncomeFromContinuingOperations": "0", "comprehensiveIncomeNetOfTax": "None", "ebit": "55670000", "ebitda": "68889000", "netIncome": "38664000"}, {"fiscalDateEnding": "2006-06-30", "reportedCurrency": "USD", "grossProfit": "184793000", "totalRevenue": "458584000", "costOfRevenue": "273791000", "costofGoodsAndServicesSold": "273791000", "operatingIncome": "66656000", "sellingGeneralAndAdministrative": "63907000", "researchAndDevelopment": "10700000", "operatingExpenses": "118137000", "investmentIncomeNet": "None", "netInterestIncome": "None", "interestIncome": "None", "interestExpense": "11535000", "nonInterestIncome": "None", "otherNonOperatingIncome": "None", "depreciation": "None", "depreciationAndAmortization": "12439000", "incomeBeforeTax": "58312000", "incomeTaxExpense": "21906000", "interestAndDebtExpense": "None", "netIncomeFromContinuingOperations": "0", "comprehensiveIncomeNetOfTax": "None", "ebit": "54217000", "ebitda": "66656000", "netIncome": "36406000"}, {"fiscalDateEnding": "2006-03-31", "reportedCurrency": "USD", "grossProfit": "168992000", "totalRevenue": "442391000", "costOfRevenue": "273399000", "costofGoodsAndServicesSold": "273399000", "operatingIncome": "72320000", "sellingGeneralAndAdministrative": "63348000", "researchAndDevelopment": "9400000", "operatingExpenses": "96672000", "investmentIncomeNet": "None", "netInterestIncome": "None", "interestIncome": "None", "interestExpense": "11289000", "nonInterestIncome": "None", "otherNonOperatingIncome": "None", "depreciation": "None", "depreciationAndAmortization": "12484000", "incomeBeforeTax": "66253000", "incomeTaxExpense": "26306000", "interestAndDebtExpense": "None", "netIncomeFromContinuingOperations": "0", "comprehensiveIncomeNetOfTax": "None", "ebit": "59836000", "ebitda": "72320000", "netIncome": "39947000"}, {"fiscalDateEnding": "2005-12-31", "reportedCurrency": "USD", "grossProfit": "140332000", "totalRevenue": "431274000", "costOfRevenue": "290942000", "costofGoodsAndServicesSold": "290942000", "operatingIncome": "31905000", "sellingGeneralAndAdministrative": "108427000", "researchAndDevelopment": "11800000", "operatingExpenses": "108427000", "investmentIncomeNet": "None", "netInterestIncome": "None", "interestIncome": "None", "interestExpense": "11957000", "nonInterestIncome": "None", "otherNonOperatingIncome": "None", "depreciation": "None", "depreciationAndAmortization": "10736000", "incomeBeforeTax": "20807000", "incomeTaxExpense": "4671000", "interestAndDebtExpense": "None", "netIncomeFromContinuingOperations": "0", "comprehensiveIncomeNetOfTax": "None", "ebit": "31905000", "ebitda": "42641000", "netIncome": "16227000"}, {"fiscalDateEnding": "2005-09-30", "reportedCurrency": "USD", "grossProfit": "167530000", "totalRevenue": "442743000", "costOfRevenue": "275213000", "costofGoodsAndServicesSold": "275213000", "operatingIncome": "53889000", "sellingGeneralAndAdministrative": "61652000", "researchAndDevelopment": "9200000", "operatingExpenses": "113641000", "investmentIncomeNet": "None", "netInterestIncome": "None", "interestIncome": "None", "interestExpense": "10893000", "nonInterestIncome": "None", "otherNonOperatingIncome": "None", "depreciation": "None", "depreciationAndAmortization": "11308000", "incomeBeforeTax": "44112000", "incomeTaxExpense": "9514000", "interestAndDebtExpense": "None", "netIncomeFromContinuingOperations": "0", "comprehensiveIncomeNetOfTax": "None", "ebit": "42581000", "ebitda": "53889000", "netIncome": "34598000"}, {"fiscalDateEnding": "2005-06-30", "reportedCurrency": "USD", "grossProfit": "168901000", "totalRevenue": "441815000", "costOfRevenue": "272914000", "costofGoodsAndServicesSold": "272914000", "operatingIncome": "59830000", "sellingGeneralAndAdministrative": "58037000", "researchAndDevelopment": "9200000", "operatingExpenses": "109071000", "investmentIncomeNet": "None", "netInterestIncome": "None", "interestIncome": "None", "interestExpense": "10799000", "nonInterestIncome": "None", "otherNonOperatingIncome": "None", "depreciation": "None", "depreciationAndAmortization": "11219000", "incomeBeforeTax": "52092000", "incomeTaxExpense": "17720000", "interestAndDebtExpense": "None", "netIncomeFromContinuingOperations": "0", "comprehensiveIncomeNetOfTax": "None", "ebit": "48611000", "ebitda": "59830000", "netIncome": "34380000"}, {"fiscalDateEnding": "2005-03-31", "reportedCurrency": "USD", "grossProfit": "160237000", "totalRevenue": "420674000", "costOfRevenue": "260437000", "costofGoodsAndServicesSold": "260437000", "operatingIncome": "67152000", "sellingGeneralAndAdministrative": "55438000", "researchAndDevelopment": "8500000", "operatingExpenses": "93085000", "investmentIncomeNet": "None", "netInterestIncome": "None", "interestIncome": "None", "interestExpense": "10610000", "nonInterestIncome": "None", "otherNonOperatingIncome": "None", "depreciation": "None", "depreciationAndAmortization": "10895000", "incomeBeforeTax": "57864000", "incomeTaxExpense": "20163000", "interestAndDebtExpense": "None", "netIncomeFromContinuingOperations": "0", "comprehensiveIncomeNetOfTax": "None", "ebit": "56257000", "ebitda": "67152000", "netIncome": "37701000"}, {"fiscalDateEnding": "2004-12-31", "reportedCurrency": "USD", "grossProfit": "156561000", "totalRevenue": "404976000", "costOfRevenue": "248415000", "costofGoodsAndServicesSold": "248415000", "operatingIncome": "38464000", "sellingGeneralAndAdministrative": "132213000", "researchAndDevelopment": "33000000", "operatingExpenses": "118097000", "investmentIncomeNet": "None", "netInterestIncome": "None", "interestIncome": "None", "interestExpense": "12071000", "nonInterestIncome": "None", "otherNonOperatingIncome": "None", "depreciation": "None", "depreciationAndAmortization": "10202000", "incomeBeforeTax": "15167000", "incomeTaxExpense": "3252000", "interestAndDebtExpense": "None", "netIncomeFromContinuingOperations": "0", "comprehensiveIncomeNetOfTax": "None", "ebit": "38464000", "ebitda": "48666000", "netIncome": "11928000"}]}