{"symbol": "FAST", "annualReports": [{"fiscalDateEnding": "2024-12-31", "reportedCurrency": "USD", "grossProfit": "3401900000", "totalRevenue": "7546000000", "costOfRevenue": "4144100000", "costofGoodsAndServicesSold": "4144100000", "operatingIncome": "1510000000", "sellingGeneralAndAdministrative": "1891900000", "researchAndDevelopment": "None", "operatingExpenses": "1891900000", "investmentIncomeNet": "None", "netInterestIncome": "-1900000", "interestIncome": "5400000", "interestExpense": "7300000", "nonInterestIncome": "None", "otherNonOperatingIncome": "None", "depreciation": "None", "depreciationAndAmortization": "-5400000", "incomeBeforeTax": "1508100000", "incomeTaxExpense": "357500000", "interestAndDebtExpense": "None", "netIncomeFromContinuingOperations": "1150600000", "comprehensiveIncomeNetOfTax": "None", "ebit": "1515400000", "ebitda": "1510000000", "netIncome": "1150600000"}, {"fiscalDateEnding": "2023-12-31", "reportedCurrency": "USD", "grossProfit": "3354500000", "totalRevenue": "7346700000", "costOfRevenue": "3992200000", "costofGoodsAndServicesSold": "3992200000", "operatingIncome": "1528700000", "sellingGeneralAndAdministrative": "1815700000", "researchAndDevelopment": "None", "operatingExpenses": "1825800000", "investmentIncomeNet": "None", "netInterestIncome": "-11800000", "interestIncome": "2100000", "interestExpense": "10800000", "nonInterestIncome": "None", "otherNonOperatingIncome": "None", "depreciation": "None", "depreciationAndAmortization": "177300000", "incomeBeforeTax": "1522000000", "incomeTaxExpense": "367000000", "interestAndDebtExpense": "None", "netIncomeFromContinuingOperations": "1134200000", "comprehensiveIncomeNetOfTax": "None", "ebit": "1528700000", "ebitda": "1706000000", "netIncome": "1155000000"}, {"fiscalDateEnding": "2022-12-31", "reportedCurrency": "USD", "grossProfit": "3215800000", "totalRevenue": "6980600000", "costOfRevenue": "3764800000", "costofGoodsAndServicesSold": "3764800000", "operatingIncome": "1453600000", "sellingGeneralAndAdministrative": "1762200000", "researchAndDevelopment": "None", "operatingExpenses": "1762200000", "investmentIncomeNet": "None", "netInterestIncome": "-13600000", "interestIncome": "700000", "interestExpense": "14300000", "nonInterestIncome": "None", "otherNonOperatingIncome": "700000", "depreciation": "None", "depreciationAndAmortization": "176600000", "incomeBeforeTax": "1440000000", "incomeTaxExpense": "353100000", "interestAndDebtExpense": "None", "netIncomeFromContinuingOperations": "1086900000", "comprehensiveIncomeNetOfTax": "None", "ebit": "1454300000", "ebitda": "1630900000", "netIncome": "1086900000"}, {"fiscalDateEnding": "2021-12-31", "reportedCurrency": "USD", "grossProfit": "2777200000", "totalRevenue": "6010900000", "costOfRevenue": "3233700000", "costofGoodsAndServicesSold": "3233700000", "operatingIncome": "1217400000", "sellingGeneralAndAdministrative": "1559800000", "researchAndDevelopment": "None", "operatingExpenses": "1559800000", "investmentIncomeNet": "None", "netInterestIncome": "-9600000", "interestIncome": "100000", "interestExpense": "9700000", "nonInterestIncome": "None", "otherNonOperatingIncome": "100000", "depreciation": "None", "depreciationAndAmortization": "170700000", "incomeBeforeTax": "1207800000", "incomeTaxExpense": "282800000", "interestAndDebtExpense": "None", "netIncomeFromContinuingOperations": "925000000", "comprehensiveIncomeNetOfTax": "None", "ebit": "1217500000", "ebitda": "1388200000", "netIncome": "925000000"}, {"fiscalDateEnding": "2020-12-31", "reportedCurrency": "USD", "grossProfit": "2567800000", "totalRevenue": "5647300000", "costOfRevenue": "3079500000", "costofGoodsAndServicesSold": "3079500000", "operatingIncome": "1141800000", "sellingGeneralAndAdministrative": "1427400000", "researchAndDevelopment": "None", "operatingExpenses": "1427400000", "investmentIncomeNet": "None", "netInterestIncome": "-9100000", "interestIncome": "600000", "interestExpense": "9700000", "nonInterestIncome": "None", "otherNonOperatingIncome": "600000", "depreciation": "None", "depreciationAndAmortization": "162400000", "incomeBeforeTax": "1132700000", "incomeTaxExpense": "273600000", "interestAndDebtExpense": "None", "netIncomeFromContinuingOperations": "859100000", "comprehensiveIncomeNetOfTax": "None", "ebit": "1141800000", "ebitda": "1304200000", "netIncome": "859100000"}, {"fiscalDateEnding": "2019-12-31", "reportedCurrency": "USD", "grossProfit": "2515400000", "totalRevenue": "5333700000", "costOfRevenue": "2818300000", "costofGoodsAndServicesSold": "2818300000", "operatingIncome": "1057200000", "sellingGeneralAndAdministrative": "1459400000", "researchAndDevelopment": "None", "operatingExpenses": "1459400000", "investmentIncomeNet": "None", "netInterestIncome": "-13500000", "interestIncome": "400000", "interestExpense": "13900000", "nonInterestIncome": "None", "otherNonOperatingIncome": "400000", "depreciation": "None", "depreciationAndAmortization": "147900000", "incomeBeforeTax": "1043700000", "incomeTaxExpense": "252800000", "interestAndDebtExpense": "None", "netIncomeFromContinuingOperations": "790900000", "comprehensiveIncomeNetOfTax": "None", "ebit": "1057200000", "ebitda": "1205100000", "netIncome": "790900000"}, {"fiscalDateEnding": "2018-12-31", "reportedCurrency": "USD", "grossProfit": "2398900000", "totalRevenue": "4965100000", "costOfRevenue": "2566200000", "costofGoodsAndServicesSold": "2566200000", "operatingIncome": "999200000", "sellingGeneralAndAdministrative": "1400200000", "researchAndDevelopment": "0", "operatingExpenses": "1400200000", "investmentIncomeNet": "None", "netInterestIncome": "-12200000", "interestIncome": "400000", "interestExpense": "12600000", "nonInterestIncome": "None", "otherNonOperatingIncome": "400000", "depreciation": "None", "depreciationAndAmortization": "138200000", "incomeBeforeTax": "987000000", "incomeTaxExpense": "235100000", "interestAndDebtExpense": "None", "netIncomeFromContinuingOperations": "751900000", "comprehensiveIncomeNetOfTax": "None", "ebit": "999100000", "ebitda": "1137300000", "netIncome": "751900000"}, {"fiscalDateEnding": "2017-12-31", "reportedCurrency": "USD", "grossProfit": "2163600000", "totalRevenue": "4390500000", "costOfRevenue": "2226900000", "costofGoodsAndServicesSold": "2226900000", "operatingIncome": "881800000", "sellingGeneralAndAdministrative": "1282800000", "researchAndDevelopment": "0", "operatingExpenses": "1282800000", "investmentIncomeNet": "None", "netInterestIncome": "-8700000", "interestIncome": "400000", "interestExpense": "9100000", "nonInterestIncome": "None", "otherNonOperatingIncome": "400000", "depreciation": "None", "depreciationAndAmortization": "127400000", "incomeBeforeTax": "873100000", "incomeTaxExpense": "294500000", "interestAndDebtExpense": "None", "netIncomeFromContinuingOperations": "578600000", "comprehensiveIncomeNetOfTax": "None", "ebit": "881200000", "ebitda": "1008600000", "netIncome": "578600000"}, {"fiscalDateEnding": "2016-12-31", "reportedCurrency": "USD", "grossProfit": "1964777000", "totalRevenue": "3962036000", "costOfRevenue": "1997259000", "costofGoodsAndServicesSold": "1997259000", "operatingIncome": "795839000", "sellingGeneralAndAdministrative": "1169470000", "researchAndDevelopment": "0", "operatingExpenses": "1169470000", "investmentIncomeNet": "None", "netInterestIncome": "-6110000", "interestIncome": "394000", "interestExpense": "6504000", "nonInterestIncome": "None", "otherNonOperatingIncome": "394000", "depreciation": "None", "depreciationAndAmortization": "104052000", "incomeBeforeTax": "789729000", "incomeTaxExpense": "290251000", "interestAndDebtExpense": "None", "netIncomeFromContinuingOperations": "499478000", "comprehensiveIncomeNetOfTax": "None", "ebit": "795701000", "ebitda": "899753000", "netIncome": "499400000"}, {"fiscalDateEnding": "2015-12-31", "reportedCurrency": "USD", "grossProfit": "1948934000", "totalRevenue": "3869187000", "costOfRevenue": "1920253000", "costofGoodsAndServicesSold": "1920253000", "operatingIncome": "828755000", "sellingGeneralAndAdministrative": "1121590000", "researchAndDevelopment": "0", "operatingExpenses": "1121590000", "investmentIncomeNet": "None", "netInterestIncome": "None", "interestIncome": "2735000", "interestExpense": "3108000", "nonInterestIncome": "None", "otherNonOperatingIncome": "373000", "depreciation": "None", "depreciationAndAmortization": "86598000", "incomeBeforeTax": "826020000", "incomeTaxExpense": "309659000", "interestAndDebtExpense": "None", "netIncomeFromContinuingOperations": "516361000", "comprehensiveIncomeNetOfTax": "None", "ebit": "827717000", "ebitda": "914315000", "netIncome": "516400000"}, {"fiscalDateEnding": "2014-12-31", "reportedCurrency": "USD", "grossProfit": "1897402000", "totalRevenue": "3733507000", "costOfRevenue": "1836105000", "costofGoodsAndServicesSold": "1836105000", "operatingIncome": "787590000", "sellingGeneralAndAdministrative": "1110776000", "researchAndDevelopment": "0", "operatingExpenses": "1110776000", "investmentIncomeNet": "None", "netInterestIncome": "None", "interestIncome": "None", "interestExpense": "915000", "nonInterestIncome": "None", "otherNonOperatingIncome": "759000", "depreciation": "None", "depreciationAndAmortization": "72672000", "incomeBeforeTax": "787434000", "incomeTaxExpense": "293284000", "interestAndDebtExpense": "None", "netIncomeFromContinuingOperations": "494150000", "comprehensiveIncomeNetOfTax": "None", "ebit": "787385000", "ebitda": "860057000", "netIncome": "494150000"}, {"fiscalDateEnding": "2013-12-31", "reportedCurrency": "USD", "grossProfit": "1719445000", "totalRevenue": "3326106000", "costOfRevenue": "1606661000", "costofGoodsAndServicesSold": "1606661000", "operatingIncome": "712657000", "sellingGeneralAndAdministrative": "1007431000", "researchAndDevelopment": "0", "operatingExpenses": "1007431000", "investmentIncomeNet": "None", "netInterestIncome": "None", "interestIncome": "None", "interestExpense": "113000", "nonInterestIncome": "None", "otherNonOperatingIncome": "924000", "depreciation": "None", "depreciationAndAmortization": "64191000", "incomeBeforeTax": "713468000", "incomeTaxExpense": "264832000", "interestAndDebtExpense": "None", "netIncomeFromContinuingOperations": "448636000", "comprehensiveIncomeNetOfTax": "None", "ebit": "712938000", "ebitda": "777129000", "netIncome": "448636000"}, {"fiscalDateEnding": "2012-12-31", "reportedCurrency": "USD", "grossProfit": "1614524000", "totalRevenue": "3133577000", "costOfRevenue": "1519053000", "costofGoodsAndServicesSold": "1519053000", "operatingIncome": "673691000", "sellingGeneralAndAdministrative": "941236000", "researchAndDevelopment": "0", "operatingExpenses": "941236000", "investmentIncomeNet": "None", "netInterestIncome": "None", "interestIncome": "None", "interestExpense": "0", "nonInterestIncome": "None", "otherNonOperatingIncome": "464000", "depreciation": "None", "depreciationAndAmortization": "54052000", "incomeBeforeTax": "674155000", "incomeTaxExpense": "253619000", "interestAndDebtExpense": "None", "netIncomeFromContinuingOperations": "420536000", "comprehensiveIncomeNetOfTax": "None", "ebit": "672885000", "ebitda": "726937000", "netIncome": "420536000"}, {"fiscalDateEnding": "2011-12-31", "reportedCurrency": "USD", "grossProfit": "1434172000", "totalRevenue": "2766859000", "costOfRevenue": "1332687000", "costofGoodsAndServicesSold": "1332687000", "operatingIncome": "574609000", "sellingGeneralAndAdministrative": "859369000", "researchAndDevelopment": "0", "operatingExpenses": "859369000", "investmentIncomeNet": "None", "netInterestIncome": "None", "interestIncome": "None", "interestExpense": "0", "nonInterestIncome": "None", "otherNonOperatingIncome": "472000", "depreciation": "None", "depreciationAndAmortization": "44706000", "incomeBeforeTax": "575081000", "incomeTaxExpense": "217152000", "interestAndDebtExpense": "None", "netIncomeFromContinuingOperations": "357929000", "comprehensiveIncomeNetOfTax": "None", "ebit": "574997000", "ebitda": "619703000", "netIncome": "357929000"}, {"fiscalDateEnding": "2010-12-31", "reportedCurrency": "USD", "grossProfit": "1174836000", "totalRevenue": "2269471000", "costOfRevenue": "1094635000", "costofGoodsAndServicesSold": "1094635000", "operatingIncome": "429689000", "sellingGeneralAndAdministrative": "745112000", "researchAndDevelopment": "0", "operatingExpenses": "745147000", "investmentIncomeNet": "None", "netInterestIncome": "None", "interestIncome": "None", "interestExpense": "0", "nonInterestIncome": "None", "otherNonOperatingIncome": "951000", "depreciation": "None", "depreciationAndAmortization": "40688000", "incomeBeforeTax": "430640000", "incomeTaxExpense": "165284000", "interestAndDebtExpense": "None", "netIncomeFromContinuingOperations": "265356000", "comprehensiveIncomeNetOfTax": "None", "ebit": "429689000", "ebitda": "470377000", "netIncome": "265356000"}, {"fiscalDateEnding": "2009-12-31", "reportedCurrency": "USD", "grossProfit": "983435000", "totalRevenue": "1930330000", "costOfRevenue": "946895000", "costofGoodsAndServicesSold": "946895000", "operatingIncome": "295793000", "sellingGeneralAndAdministrative": "686792000", "researchAndDevelopment": "0", "operatingExpenses": "687642000", "investmentIncomeNet": "None", "netInterestIncome": "None", "interestIncome": "None", "interestExpense": "0", "nonInterestIncome": "None", "otherNonOperatingIncome": "1697000", "depreciation": "None", "depreciationAndAmortization": "40020000", "incomeBeforeTax": "297490000", "incomeTaxExpense": "113133000", "interestAndDebtExpense": "None", "netIncomeFromContinuingOperations": "184357000", "comprehensiveIncomeNetOfTax": "None", "ebit": "295793000", "ebitda": "335813000", "netIncome": "184357000"}, {"fiscalDateEnding": "2008-12-31", "reportedCurrency": "USD", "grossProfit": "1236092000", "totalRevenue": "2340425000", "costOfRevenue": "1104333000", "costofGoodsAndServicesSold": "1104333000", "operatingIncome": "450237000", "sellingGeneralAndAdministrative": "785688000", "researchAndDevelopment": "None", "operatingExpenses": "785855000", "investmentIncomeNet": "None", "netInterestIncome": "None", "interestIncome": "None", "interestExpense": "0", "nonInterestIncome": "None", "otherNonOperatingIncome": "None", "depreciation": "None", "depreciationAndAmortization": "39268000", "incomeBeforeTax": "451167000", "incomeTaxExpense": "171462000", "interestAndDebtExpense": "None", "netIncomeFromContinuingOperations": "None", "comprehensiveIncomeNetOfTax": "None", "ebit": "450404000", "ebitda": "489672000", "netIncome": "279705000"}, {"fiscalDateEnding": "2007-12-31", "reportedCurrency": "USD", "grossProfit": "1047574000", "totalRevenue": "2061819000", "costOfRevenue": "1014245000", "costofGoodsAndServicesSold": "1014245000", "operatingIncome": "376425000", "sellingGeneralAndAdministrative": "671248000", "researchAndDevelopment": "None", "operatingExpenses": "671149000", "investmentIncomeNet": "None", "netInterestIncome": "None", "interestIncome": "None", "interestExpense": "0", "nonInterestIncome": "None", "otherNonOperatingIncome": "None", "depreciation": "None", "depreciationAndAmortization": "37399000", "incomeBeforeTax": "377899000", "incomeTaxExpense": "145277000", "interestAndDebtExpense": "None", "netIncomeFromContinuingOperations": "None", "comprehensiveIncomeNetOfTax": "None", "ebit": "376326000", "ebitda": "413725000", "netIncome": "232622000"}, {"fiscalDateEnding": "2006-12-31", "reportedCurrency": "USD", "grossProfit": "907675000", "totalRevenue": "1809337000", "costOfRevenue": "901662000", "costofGoodsAndServicesSold": "901662000", "operatingIncome": "319842000", "sellingGeneralAndAdministrative": "587610000", "researchAndDevelopment": "None", "operatingExpenses": "587833000", "investmentIncomeNet": "None", "netInterestIncome": "None", "interestIncome": "None", "interestExpense": "0", "nonInterestIncome": "None", "otherNonOperatingIncome": "None", "depreciation": "None", "depreciationAndAmortization": "33597000", "incomeBeforeTax": "321029000", "incomeTaxExpense": "121991000", "interestAndDebtExpense": "None", "netIncomeFromContinuingOperations": "None", "comprehensiveIncomeNetOfTax": "None", "ebit": "320065000", "ebitda": "353662000", "netIncome": "199038000"}, {"fiscalDateEnding": "2005-12-31", "reportedCurrency": "USD", "grossProfit": "758103000", "totalRevenue": "1523333000", "costOfRevenue": "765230000", "costofGoodsAndServicesSold": "765230000", "operatingIncome": "267864000", "sellingGeneralAndAdministrative": "489792000", "researchAndDevelopment": "None", "operatingExpenses": "490239000", "investmentIncomeNet": "None", "netInterestIncome": "None", "interestIncome": "None", "interestExpense": "0", "nonInterestIncome": "None", "otherNonOperatingIncome": "None", "depreciation": "None", "depreciationAndAmortization": "29073000", "incomeBeforeTax": "269056000", "incomeTaxExpense": "102242000", "interestAndDebtExpense": "None", "netIncomeFromContinuingOperations": "None", "comprehensiveIncomeNetOfTax": "None", "ebit": "268311000", "ebitda": "297384000", "netIncome": "166814000"}], "quarterlyReports": [{"fiscalDateEnding": "2025-03-31", "reportedCurrency": "USD", "grossProfit": "883900000", "totalRevenue": "1959400000", "costOfRevenue": "1075500000", "costofGoodsAndServicesSold": "1075500000", "operatingIncome": "393900000", "sellingGeneralAndAdministrative": "490000000", "researchAndDevelopment": "None", "operatingExpenses": "490000000", "investmentIncomeNet": "None", "netInterestIncome": "-800000", "interestIncome": "900000", "interestExpense": "1700000", "nonInterestIncome": "None", "otherNonOperatingIncome": "None", "depreciation": "None", "depreciationAndAmortization": "-900000", "incomeBeforeTax": "393100000", "incomeTaxExpense": "94400000", "interestAndDebtExpense": "None", "netIncomeFromContinuingOperations": "298700000", "comprehensiveIncomeNetOfTax": "None", "ebit": "394800000", "ebitda": "393900000", "netIncome": "298700000"}, {"fiscalDateEnding": "2024-12-31", "reportedCurrency": "USD", "grossProfit": "818200000", "totalRevenue": "1824500000", "costOfRevenue": "1006300000", "costofGoodsAndServicesSold": "1006300000", "operatingIncome": "344800000", "sellingGeneralAndAdministrative": "473400000", "researchAndDevelopment": "None", "operatingExpenses": "473400000", "investmentIncomeNet": "None", "netInterestIncome": "-500000", "interestIncome": "1200000", "interestExpense": "1700000", "nonInterestIncome": "None", "otherNonOperatingIncome": "None", "depreciation": "None", "depreciationAndAmortization": "44400000", "incomeBeforeTax": "344300000", "incomeTaxExpense": "82200000", "interestAndDebtExpense": "None", "netIncomeFromContinuingOperations": "262100000", "comprehensiveIncomeNetOfTax": "None", "ebit": "344800000", "ebitda": "389200000", "netIncome": "262100000"}, {"fiscalDateEnding": "2024-09-30", "reportedCurrency": "USD", "grossProfit": "858600000", "totalRevenue": "1910200000", "costOfRevenue": "1051600000", "costofGoodsAndServicesSold": "1051600000", "operatingIncome": "388100000", "sellingGeneralAndAdministrative": "470500000", "researchAndDevelopment": "None", "operatingExpenses": "470500000", "investmentIncomeNet": "None", "netInterestIncome": "-500000", "interestIncome": "1300000", "interestExpense": "1800000", "nonInterestIncome": "None", "otherNonOperatingIncome": "None", "depreciation": "None", "depreciationAndAmortization": "44400000", "incomeBeforeTax": "387600000", "incomeTaxExpense": "89500000", "interestAndDebtExpense": "None", "netIncomeFromContinuingOperations": "298100000", "comprehensiveIncomeNetOfTax": "None", "ebit": "389400000", "ebitda": "433800000", "netIncome": "298100000"}, {"fiscalDateEnding": "2024-06-30", "reportedCurrency": "USD", "grossProfit": "863500000", "totalRevenue": "1916200000", "costOfRevenue": "1052700000", "costofGoodsAndServicesSold": "1052700000", "operatingIncome": "386900000", "sellingGeneralAndAdministrative": "476600000", "researchAndDevelopment": "None", "operatingExpenses": "476600000", "investmentIncomeNet": "None", "netInterestIncome": "-500000", "interestIncome": "1300000", "interestExpense": "1800000", "nonInterestIncome": "None", "otherNonOperatingIncome": "None", "depreciation": "None", "depreciationAndAmortization": "43700000", "incomeBeforeTax": "386400000", "incomeTaxExpense": "93700000", "interestAndDebtExpense": "None", "netIncomeFromContinuingOperations": "292700000", "comprehensiveIncomeNetOfTax": "None", "ebit": "388200000", "ebitda": "431900000", "netIncome": "292700000"}, {"fiscalDateEnding": "2024-03-31", "reportedCurrency": "USD", "grossProfit": "821400000", "totalRevenue": "1895100000", "costOfRevenue": "1073700000", "costofGoodsAndServicesSold": "1073700000", "operatingIncome": "390200000", "sellingGeneralAndAdministrative": "471400000", "researchAndDevelopment": "None", "operatingExpenses": "431200000", "investmentIncomeNet": "None", "netInterestIncome": "-400000", "interestIncome": "1600000", "interestExpense": "2000000", "nonInterestIncome": "None", "otherNonOperatingIncome": "None", "depreciation": "None", "depreciationAndAmortization": "42900000", "incomeBeforeTax": "389800000", "incomeTaxExpense": "92100000", "interestAndDebtExpense": "None", "netIncomeFromContinuingOperations": "297700000", "comprehensiveIncomeNetOfTax": "None", "ebit": "390200000", "ebitda": "433100000", "netIncome": "297700000"}, {"fiscalDateEnding": "2023-12-31", "reportedCurrency": "USD", "grossProfit": "758900000", "totalRevenue": "1758600000", "costOfRevenue": "999700000", "costofGoodsAndServicesSold": "999700000", "operatingIncome": "353900000", "sellingGeneralAndAdministrative": "445600000", "researchAndDevelopment": "None", "operatingExpenses": "405000000", "investmentIncomeNet": "None", "netInterestIncome": "400000", "interestIncome": "2300000", "interestExpense": "2000000", "nonInterestIncome": "None", "otherNonOperatingIncome": "None", "depreciation": "None", "depreciationAndAmortization": "43200000", "incomeBeforeTax": "354200000", "incomeTaxExpense": "87800000", "interestAndDebtExpense": "None", "netIncomeFromContinuingOperations": "266400000", "comprehensiveIncomeNetOfTax": "None", "ebit": "353800000", "ebitda": "397000000", "netIncome": "266400000"}, {"fiscalDateEnding": "2023-09-30", "reportedCurrency": "USD", "grossProfit": "847600000", "totalRevenue": "1845900000", "costOfRevenue": "998300000", "costofGoodsAndServicesSold": "998300000", "operatingIncome": "386700000", "sellingGeneralAndAdministrative": "460900000", "researchAndDevelopment": "None", "operatingExpenses": "460900000", "investmentIncomeNet": "None", "netInterestIncome": "-1300000", "interestIncome": "800000", "interestExpense": "2100000", "nonInterestIncome": "None", "otherNonOperatingIncome": "None", "depreciation": "None", "depreciationAndAmortization": "44700000", "incomeBeforeTax": "385400000", "incomeTaxExpense": "89900000", "interestAndDebtExpense": "None", "netIncomeFromContinuingOperations": "295500000", "comprehensiveIncomeNetOfTax": "None", "ebit": "387500000", "ebitda": "432200000", "netIncome": "295500000"}, {"fiscalDateEnding": "2023-06-30", "reportedCurrency": "USD", "grossProfit": "857500000", "totalRevenue": "1883100000", "costOfRevenue": "1025600000", "costofGoodsAndServicesSold": "1025600000", "operatingIncome": "394900000", "sellingGeneralAndAdministrative": "462600000", "researchAndDevelopment": "None", "operatingExpenses": "462600000", "investmentIncomeNet": "None", "netInterestIncome": "-2300000", "interestIncome": "600000", "interestExpense": "2900000", "nonInterestIncome": "None", "otherNonOperatingIncome": "600000", "depreciation": "None", "depreciationAndAmortization": "45500000", "incomeBeforeTax": "392600000", "incomeTaxExpense": "94600000", "interestAndDebtExpense": "None", "netIncomeFromContinuingOperations": "298000000", "comprehensiveIncomeNetOfTax": "None", "ebit": "394900000", "ebitda": "440400000", "netIncome": "298000000"}, {"fiscalDateEnding": "2023-03-31", "reportedCurrency": "USD", "grossProfit": "850000000", "totalRevenue": "1859100000", "costOfRevenue": "1009100000", "costofGoodsAndServicesSold": "1009100000", "operatingIncome": "393200000", "sellingGeneralAndAdministrative": "456800000", "researchAndDevelopment": "None", "operatingExpenses": "456800000", "investmentIncomeNet": "None", "netInterestIncome": "-3500000", "interestIncome": "400000", "interestExpense": "3900000", "nonInterestIncome": "None", "otherNonOperatingIncome": "400000", "depreciation": "None", "depreciationAndAmortization": "44900000", "incomeBeforeTax": "389700000", "incomeTaxExpense": "94600000", "interestAndDebtExpense": "None", "netIncomeFromContinuingOperations": "295100000", "comprehensiveIncomeNetOfTax": "None", "ebit": "393200000", "ebitda": "438100000", "netIncome": "295100000"}, {"fiscalDateEnding": "2022-12-31", "reportedCurrency": "USD", "grossProfit": "768400000", "totalRevenue": "1695600000", "costOfRevenue": "927200000", "costofGoodsAndServicesSold": "927200000", "operatingIncome": "333000000", "sellingGeneralAndAdministrative": "435400000", "researchAndDevelopment": "None", "operatingExpenses": "435400000", "investmentIncomeNet": "None", "netInterestIncome": "-4800000", "interestIncome": "300000", "interestExpense": "5100000", "nonInterestIncome": "None", "otherNonOperatingIncome": "300000", "depreciation": "None", "depreciationAndAmortization": "45000000", "incomeBeforeTax": "328200000", "incomeTaxExpense": "82600000", "interestAndDebtExpense": "None", "netIncomeFromContinuingOperations": "245600000", "comprehensiveIncomeNetOfTax": "None", "ebit": "333000000", "ebitda": "378000000", "netIncome": "245600000"}, {"fiscalDateEnding": "2022-09-30", "reportedCurrency": "USD", "grossProfit": "826500000", "totalRevenue": "1802400000", "costOfRevenue": "975900000", "costofGoodsAndServicesSold": "975900000", "operatingIncome": "379200000", "sellingGeneralAndAdministrative": "447300000", "researchAndDevelopment": "None", "operatingExpenses": "447300000", "investmentIncomeNet": "None", "netInterestIncome": "-3900000", "interestIncome": "200000", "interestExpense": "4100000", "nonInterestIncome": "None", "otherNonOperatingIncome": "200000", "depreciation": "None", "depreciationAndAmortization": "44300000", "incomeBeforeTax": "375300000", "incomeTaxExpense": "90700000", "interestAndDebtExpense": "None", "netIncomeFromContinuingOperations": "284600000", "comprehensiveIncomeNetOfTax": "None", "ebit": "379200000", "ebitda": "423500000", "netIncome": "284600000"}, {"fiscalDateEnding": "2022-06-30", "reportedCurrency": "USD", "grossProfit": "827600000", "totalRevenue": "1778600000", "costOfRevenue": "951000000", "costofGoodsAndServicesSold": "951000000", "operatingIncome": "383400000", "sellingGeneralAndAdministrative": "444200000", "researchAndDevelopment": "None", "operatingExpenses": "444200000", "investmentIncomeNet": "None", "netInterestIncome": "-2700000", "interestIncome": "100000", "interestExpense": "2800000", "nonInterestIncome": "None", "otherNonOperatingIncome": "100000", "depreciation": "None", "depreciationAndAmortization": "44000000", "incomeBeforeTax": "380700000", "incomeTaxExpense": "93600000", "interestAndDebtExpense": "None", "netIncomeFromContinuingOperations": "287100000", "comprehensiveIncomeNetOfTax": "None", "ebit": "383400000", "ebitda": "427400000", "netIncome": "287100000"}, {"fiscalDateEnding": "2022-03-31", "reportedCurrency": "USD", "grossProfit": "793300000", "totalRevenue": "1704100000", "costOfRevenue": "910800000", "costofGoodsAndServicesSold": "910800000", "operatingIncome": "358000000", "sellingGeneralAndAdministrative": "435300000", "researchAndDevelopment": "None", "operatingExpenses": "435300000", "investmentIncomeNet": "None", "netInterestIncome": "-2300000", "interestIncome": "100000", "interestExpense": "2400000", "nonInterestIncome": "None", "otherNonOperatingIncome": "100000", "depreciation": "None", "depreciationAndAmortization": "44000000", "incomeBeforeTax": "355700000", "incomeTaxExpense": "86100000", "interestAndDebtExpense": "None", "netIncomeFromContinuingOperations": "269600000", "comprehensiveIncomeNetOfTax": "None", "ebit": "358000000", "ebitda": "402000000", "netIncome": "269600000"}, {"fiscalDateEnding": "2021-12-31", "reportedCurrency": "USD", "grossProfit": "712900000", "totalRevenue": "1531800000", "costOfRevenue": "818900000", "costofGoodsAndServicesSold": "818900000", "operatingIncome": "300900000", "sellingGeneralAndAdministrative": "412000000", "researchAndDevelopment": "None", "operatingExpenses": "412000000", "investmentIncomeNet": "None", "netInterestIncome": "-2400000", "interestIncome": "0", "interestExpense": "2400000", "nonInterestIncome": "None", "otherNonOperatingIncome": "None", "depreciation": "None", "depreciationAndAmortization": "43600000", "incomeBeforeTax": "298500000", "incomeTaxExpense": "67300000", "interestAndDebtExpense": "None", "netIncomeFromContinuingOperations": "231200000", "comprehensiveIncomeNetOfTax": "None", "ebit": "300900000", "ebitda": "344500000", "netIncome": "231200000"}, {"fiscalDateEnding": "2021-09-30", "reportedCurrency": "USD", "grossProfit": "720200000", "totalRevenue": "1554200000", "costOfRevenue": "834000000", "costofGoodsAndServicesSold": "834000000", "operatingIncome": "318400000", "sellingGeneralAndAdministrative": "401800000", "researchAndDevelopment": "None", "operatingExpenses": "401800000", "investmentIncomeNet": "None", "netInterestIncome": "-2300000", "interestIncome": "100000", "interestExpense": "2400000", "nonInterestIncome": "None", "otherNonOperatingIncome": "100000", "depreciation": "None", "depreciationAndAmortization": "42800000", "incomeBeforeTax": "316100000", "incomeTaxExpense": "72600000", "interestAndDebtExpense": "None", "netIncomeFromContinuingOperations": "243500000", "comprehensiveIncomeNetOfTax": "None", "ebit": "318500000", "ebitda": "361300000", "netIncome": "243500000"}, {"fiscalDateEnding": "2021-06-30", "reportedCurrency": "USD", "grossProfit": "700700000", "totalRevenue": "1507700000", "costOfRevenue": "807000000", "costofGoodsAndServicesSold": "807000000", "operatingIncome": "317800000", "sellingGeneralAndAdministrative": "382900000", "researchAndDevelopment": "None", "operatingExpenses": "382900000", "investmentIncomeNet": "None", "netInterestIncome": "-2600000", "interestIncome": "0", "interestExpense": "2600000", "nonInterestIncome": "None", "otherNonOperatingIncome": "None", "depreciation": "None", "depreciationAndAmortization": "42300000", "incomeBeforeTax": "315200000", "incomeTaxExpense": "75500000", "interestAndDebtExpense": "None", "netIncomeFromContinuingOperations": "239700000", "comprehensiveIncomeNetOfTax": "None", "ebit": "317800000", "ebitda": "360100000", "netIncome": "239700000"}, {"fiscalDateEnding": "2021-03-31", "reportedCurrency": "USD", "grossProfit": "643400000", "totalRevenue": "1417000000", "costOfRevenue": "773600000", "costofGoodsAndServicesSold": "773600000", "operatingIncome": "280300000", "sellingGeneralAndAdministrative": "363100000", "researchAndDevelopment": "None", "operatingExpenses": "363100000", "investmentIncomeNet": "None", "netInterestIncome": "-2400000", "interestIncome": "0", "interestExpense": "2400000", "nonInterestIncome": "None", "otherNonOperatingIncome": "None", "depreciation": "None", "depreciationAndAmortization": "42000000", "incomeBeforeTax": "277900000", "incomeTaxExpense": "67300000", "interestAndDebtExpense": "None", "netIncomeFromContinuingOperations": "210600000", "comprehensiveIncomeNetOfTax": "None", "ebit": "280300000", "ebitda": "322300000", "netIncome": "210600000"}, {"fiscalDateEnding": "2020-12-31", "reportedCurrency": "USD", "grossProfit": "618800000", "totalRevenue": "1358000000", "costOfRevenue": "739200000", "costofGoodsAndServicesSold": "739200000", "operatingIncome": "264400000", "sellingGeneralAndAdministrative": "354700000", "researchAndDevelopment": "None", "operatingExpenses": "354700000", "investmentIncomeNet": "None", "netInterestIncome": "-2200000", "interestIncome": "300000", "interestExpense": "2500000", "nonInterestIncome": "None", "otherNonOperatingIncome": "300000", "depreciation": "None", "depreciationAndAmortization": "42000000", "incomeBeforeTax": "262200000", "incomeTaxExpense": "66100000", "interestAndDebtExpense": "None", "netIncomeFromContinuingOperations": "196100000", "comprehensiveIncomeNetOfTax": "None", "ebit": "264400000", "ebitda": "306400000", "netIncome": "196100000"}, {"fiscalDateEnding": "2020-09-30", "reportedCurrency": "USD", "grossProfit": "640600000", "totalRevenue": "1413300000", "costOfRevenue": "772700000", "costofGoodsAndServicesSold": "772700000", "operatingIncome": "290100000", "sellingGeneralAndAdministrative": "351500000", "researchAndDevelopment": "None", "operatingExpenses": "351500000", "investmentIncomeNet": "None", "netInterestIncome": "-2500000", "interestIncome": "100000", "interestExpense": "2600000", "nonInterestIncome": "None", "otherNonOperatingIncome": "100000", "depreciation": "None", "depreciationAndAmortization": "41100000", "incomeBeforeTax": "287600000", "incomeTaxExpense": "66100000", "interestAndDebtExpense": "None", "netIncomeFromContinuingOperations": "221500000", "comprehensiveIncomeNetOfTax": "None", "ebit": "289200000", "ebitda": "330300000", "netIncome": "221500000"}, {"fiscalDateEnding": "2020-06-30", "reportedCurrency": "USD", "grossProfit": "671600000", "totalRevenue": "1509000000", "costOfRevenue": "837400000", "costofGoodsAndServicesSold": "837400000", "operatingIncome": "316000000", "sellingGeneralAndAdministrative": "355300000", "researchAndDevelopment": "None", "operatingExpenses": "355300000", "investmentIncomeNet": "None", "netInterestIncome": "-2300000", "interestIncome": "100000", "interestExpense": "2400000", "nonInterestIncome": "None", "otherNonOperatingIncome": "100000", "depreciation": "None", "depreciationAndAmortization": "40700000", "incomeBeforeTax": "313700000", "incomeTaxExpense": "74800000", "interestAndDebtExpense": "None", "netIncomeFromContinuingOperations": "238900000", "comprehensiveIncomeNetOfTax": "None", "ebit": "316400000", "ebitda": "357100000", "netIncome": "238900000"}, {"fiscalDateEnding": "2020-03-31", "reportedCurrency": "USD", "grossProfit": "636800000", "totalRevenue": "1367000000", "costOfRevenue": "730200000", "costofGoodsAndServicesSold": "730200000", "operatingIncome": "271300000", "sellingGeneralAndAdministrative": "365900000", "researchAndDevelopment": "None", "operatingExpenses": "365900000", "investmentIncomeNet": "None", "netInterestIncome": "-2100000", "interestIncome": "100000", "interestExpense": "2200000", "nonInterestIncome": "None", "otherNonOperatingIncome": "100000", "depreciation": "None", "depreciationAndAmortization": "38600000", "incomeBeforeTax": "269200000", "incomeTaxExpense": "66600000", "interestAndDebtExpense": "None", "netIncomeFromContinuingOperations": "202600000", "comprehensiveIncomeNetOfTax": "None", "ebit": "271000000", "ebitda": "309600000", "netIncome": "202600000"}, {"fiscalDateEnding": "2019-12-31", "reportedCurrency": "USD", "grossProfit": "598400000", "totalRevenue": "1276900000", "costOfRevenue": "678500000", "costofGoodsAndServicesSold": "678500000", "operatingIncome": "238900000", "sellingGeneralAndAdministrative": "359900000", "researchAndDevelopment": "None", "operatingExpenses": "359900000", "investmentIncomeNet": "None", "netInterestIncome": "-2500000", "interestIncome": "100000", "interestExpense": "2600000", "nonInterestIncome": "None", "otherNonOperatingIncome": "100000", "depreciation": "None", "depreciationAndAmortization": "37900000", "incomeBeforeTax": "236400000", "incomeTaxExpense": "57700000", "interestAndDebtExpense": "None", "netIncomeFromContinuingOperations": "178700000", "comprehensiveIncomeNetOfTax": "None", "ebit": "238600000", "ebitda": "276500000", "netIncome": "178700000"}, {"fiscalDateEnding": "2019-09-30", "reportedCurrency": "USD", "grossProfit": "651100000", "totalRevenue": "1379100000", "costOfRevenue": "728000000", "costofGoodsAndServicesSold": "728000000", "operatingIncome": "281900000", "sellingGeneralAndAdministrative": "369200000", "researchAndDevelopment": "None", "operatingExpenses": "369200000", "investmentIncomeNet": "None", "netInterestIncome": "-3500000", "interestIncome": "100000", "interestExpense": "3600000", "nonInterestIncome": "None", "otherNonOperatingIncome": "100000", "depreciation": "None", "depreciationAndAmortization": "37300000", "incomeBeforeTax": "278400000", "incomeTaxExpense": "64900000", "interestAndDebtExpense": "None", "netIncomeFromContinuingOperations": "213500000", "comprehensiveIncomeNetOfTax": "None", "ebit": "282000000", "ebitda": "319300000", "netIncome": "213500000"}, {"fiscalDateEnding": "2019-06-30", "reportedCurrency": "USD", "grossProfit": "641200000", "totalRevenue": "1368400000", "costOfRevenue": "727200000", "costofGoodsAndServicesSold": "727200000", "operatingIncome": "275000000", "sellingGeneralAndAdministrative": "366700000", "researchAndDevelopment": "None", "operatingExpenses": "366700000", "investmentIncomeNet": "None", "netInterestIncome": "-3600000", "interestIncome": "100000", "interestExpense": "3700000", "nonInterestIncome": "None", "otherNonOperatingIncome": "100000", "depreciation": "None", "depreciationAndAmortization": "37100000", "incomeBeforeTax": "271400000", "incomeTaxExpense": "66800000", "interestAndDebtExpense": "None", "netIncomeFromContinuingOperations": "204600000", "comprehensiveIncomeNetOfTax": "None", "ebit": "274600000", "ebitda": "311700000", "netIncome": "204600000"}, {"fiscalDateEnding": "2019-03-31", "reportedCurrency": "USD", "grossProfit": "624700000", "totalRevenue": "1309300000", "costOfRevenue": "684600000", "costofGoodsAndServicesSold": "684600000", "operatingIncome": "261400000", "sellingGeneralAndAdministrative": "363600000", "researchAndDevelopment": "0", "operatingExpenses": "363600000", "investmentIncomeNet": "None", "netInterestIncome": "-3900000", "interestIncome": "100000", "interestExpense": "4000000", "nonInterestIncome": "None", "otherNonOperatingIncome": "100000", "depreciation": "None", "depreciationAndAmortization": "36400000", "incomeBeforeTax": "257500000", "incomeTaxExpense": "63400000", "interestAndDebtExpense": "None", "netIncomeFromContinuingOperations": "194100000", "comprehensiveIncomeNetOfTax": "None", "ebit": "261200000", "ebitda": "297600000", "netIncome": "194100000"}, {"fiscalDateEnding": "2018-12-31", "reportedCurrency": "USD", "grossProfit": "587800000", "totalRevenue": "1231600000", "costOfRevenue": "643800000", "costofGoodsAndServicesSold": "643800000", "operatingIncome": "233400000", "sellingGeneralAndAdministrative": "354400000", "researchAndDevelopment": "0", "operatingExpenses": "354400000", "investmentIncomeNet": "None", "netInterestIncome": "None", "interestIncome": "None", "interestExpense": "3700000", "nonInterestIncome": "None", "otherNonOperatingIncome": "100000", "depreciation": "None", "depreciationAndAmortization": "35900000", "incomeBeforeTax": "229800000", "incomeTaxExpense": "61000000", "interestAndDebtExpense": "None", "netIncomeFromContinuingOperations": "168800000", "comprehensiveIncomeNetOfTax": "None", "ebit": "233500000", "ebitda": "269400000", "netIncome": "168800000"}, {"fiscalDateEnding": "2018-09-30", "reportedCurrency": "USD", "grossProfit": "615800000", "totalRevenue": "1279800000", "costOfRevenue": "664000000", "costofGoodsAndServicesSold": "664000000", "operatingIncome": "262300000", "sellingGeneralAndAdministrative": "353800000", "researchAndDevelopment": "0", "operatingExpenses": "353800000", "investmentIncomeNet": "None", "netInterestIncome": "None", "interestIncome": "None", "interestExpense": "3000000", "nonInterestIncome": "None", "otherNonOperatingIncome": "100000", "depreciation": "None", "depreciationAndAmortization": "34800000", "incomeBeforeTax": "259400000", "incomeTaxExpense": "61800000", "interestAndDebtExpense": "None", "netIncomeFromContinuingOperations": "197600000", "comprehensiveIncomeNetOfTax": "None", "ebit": "262100000", "ebitda": "296900000", "netIncome": "197600000"}, {"fiscalDateEnding": "2018-06-30", "reportedCurrency": "USD", "grossProfit": "617700000", "totalRevenue": "1267900000", "costOfRevenue": "650200000", "costofGoodsAndServicesSold": "650200000", "operatingIncome": "269000000", "sellingGeneralAndAdministrative": "349300000", "researchAndDevelopment": "0", "operatingExpenses": "349300000", "investmentIncomeNet": "None", "netInterestIncome": "None", "interestIncome": "None", "interestExpense": "3200000", "nonInterestIncome": "None", "otherNonOperatingIncome": "100000", "depreciation": "None", "depreciationAndAmortization": "34100000", "incomeBeforeTax": "265900000", "incomeTaxExpense": "54700000", "interestAndDebtExpense": "None", "netIncomeFromContinuingOperations": "211200000", "comprehensiveIncomeNetOfTax": "None", "ebit": "268500000", "ebitda": "302600000", "netIncome": "211200000"}, {"fiscalDateEnding": "2018-03-31", "reportedCurrency": "USD", "grossProfit": "577600000", "totalRevenue": "1185800000", "costOfRevenue": "608200000", "costofGoodsAndServicesSold": "608200000", "operatingIncome": "234500000", "sellingGeneralAndAdministrative": "342700000", "researchAndDevelopment": "0", "operatingExpenses": "342700000", "investmentIncomeNet": "None", "netInterestIncome": "None", "interestIncome": "None", "interestExpense": "2700000", "nonInterestIncome": "None", "otherNonOperatingIncome": "100000", "depreciation": "None", "depreciationAndAmortization": "33400000", "incomeBeforeTax": "231900000", "incomeTaxExpense": "57600000", "interestAndDebtExpense": "None", "netIncomeFromContinuingOperations": "174300000", "comprehensiveIncomeNetOfTax": "None", "ebit": "235000000", "ebitda": "268400000", "netIncome": "174300000"}, {"fiscalDateEnding": "2017-12-31", "reportedCurrency": "USD", "grossProfit": "531200000", "totalRevenue": "1088500000", "costOfRevenue": "557300000", "costofGoodsAndServicesSold": "557300000", "operatingIncome": "203300000", "sellingGeneralAndAdministrative": "327800000", "researchAndDevelopment": "0", "operatingExpenses": "327800000", "investmentIncomeNet": "None", "netInterestIncome": "None", "interestIncome": "None", "interestExpense": "2600000", "nonInterestIncome": "None", "otherNonOperatingIncome": "100000", "depreciation": "None", "depreciationAndAmortization": "32300000", "incomeBeforeTax": "200800000", "incomeTaxExpense": "48400000", "interestAndDebtExpense": "None", "netIncomeFromContinuingOperations": "152400000", "comprehensiveIncomeNetOfTax": "None", "ebit": "203500000", "ebitda": "235800000", "netIncome": "152400000"}, {"fiscalDateEnding": "2017-09-30", "reportedCurrency": "USD", "grossProfit": "555900000", "totalRevenue": "1132800000", "costOfRevenue": "576900000", "costofGoodsAndServicesSold": "576900000", "operatingIncome": "228500000", "sellingGeneralAndAdministrative": "327500000", "researchAndDevelopment": "0", "operatingExpenses": "327500000", "investmentIncomeNet": "None", "netInterestIncome": "None", "interestIncome": "None", "interestExpense": "2600000", "nonInterestIncome": "None", "otherNonOperatingIncome": "100000", "depreciation": "None", "depreciationAndAmortization": "32500000", "incomeBeforeTax": "226000000", "incomeTaxExpense": "82900000", "interestAndDebtExpense": "None", "netIncomeFromContinuingOperations": "143100000", "comprehensiveIncomeNetOfTax": "None", "ebit": "228500000", "ebitda": "261000000", "netIncome": "143100000"}, {"fiscalDateEnding": "2017-06-30", "reportedCurrency": "USD", "grossProfit": "558500000", "totalRevenue": "1121500000", "costOfRevenue": "563000000", "costofGoodsAndServicesSold": "563000000", "operatingIncome": "237500000", "sellingGeneralAndAdministrative": "321600000", "researchAndDevelopment": "0", "operatingExpenses": "321600000", "investmentIncomeNet": "None", "netInterestIncome": "None", "interestIncome": "None", "interestExpense": "2200000", "nonInterestIncome": "None", "otherNonOperatingIncome": "100000", "depreciation": "None", "depreciationAndAmortization": "31900000", "incomeBeforeTax": "235400000", "incomeTaxExpense": "86500000", "interestAndDebtExpense": "None", "netIncomeFromContinuingOperations": "148900000", "comprehensiveIncomeNetOfTax": "None", "ebit": "237000000", "ebitda": "268900000", "netIncome": "148900000"}, {"fiscalDateEnding": "2017-03-31", "reportedCurrency": "USD", "grossProfit": "518000000", "totalRevenue": "1047700000", "costOfRevenue": "529700000", "costofGoodsAndServicesSold": "529700000", "operatingIncome": "212500000", "sellingGeneralAndAdministrative": "305900000", "researchAndDevelopment": "0", "operatingExpenses": "305900000", "investmentIncomeNet": "None", "netInterestIncome": "None", "interestIncome": "None", "interestExpense": "1700000", "nonInterestIncome": "None", "otherNonOperatingIncome": "100000", "depreciation": "None", "depreciationAndAmortization": "30700000", "incomeBeforeTax": "210900000", "incomeTaxExpense": "76700000", "interestAndDebtExpense": "None", "netIncomeFromContinuingOperations": "134200000", "comprehensiveIncomeNetOfTax": "None", "ebit": "212200000", "ebitda": "242900000", "netIncome": "134200000"}, {"fiscalDateEnding": "2016-12-31", "reportedCurrency": "USD", "grossProfit": "471891000", "totalRevenue": "947947000", "costOfRevenue": "476056000", "costofGoodsAndServicesSold": "476056000", "operatingIncome": "182488000", "sellingGeneralAndAdministrative": "289623000", "researchAndDevelopment": "0", "operatingExpenses": "289623000", "investmentIncomeNet": "None", "netInterestIncome": "None", "interestIncome": "None", "interestExpense": "1802000", "nonInterestIncome": "None", "otherNonOperatingIncome": "136000", "depreciation": "None", "depreciationAndAmortization": "29186000", "incomeBeforeTax": "180822000", "incomeTaxExpense": "66017000", "interestAndDebtExpense": "None", "netIncomeFromContinuingOperations": "114805000", "comprehensiveIncomeNetOfTax": "None", "ebit": "182404000", "ebitda": "211590000", "netIncome": "114805000"}, {"fiscalDateEnding": "2016-09-30", "reportedCurrency": "USD", "grossProfit": "499834000", "totalRevenue": "1013122000", "costOfRevenue": "513288000", "costofGoodsAndServicesSold": "513288000", "operatingIncome": "202969000", "sellingGeneralAndAdministrative": "297047000", "researchAndDevelopment": "0", "operatingExpenses": "297047000", "investmentIncomeNet": "None", "netInterestIncome": "None", "interestIncome": "None", "interestExpense": "1835000", "nonInterestIncome": "None", "otherNonOperatingIncome": "105000", "depreciation": "None", "depreciationAndAmortization": "26666000", "incomeBeforeTax": "201239000", "incomeTaxExpense": "74314000", "interestAndDebtExpense": "None", "netIncomeFromContinuingOperations": "126925000", "comprehensiveIncomeNetOfTax": "None", "ebit": "202892000", "ebitda": "229558000", "netIncome": "126900000"}, {"fiscalDateEnding": "2016-06-30", "reportedCurrency": "USD", "grossProfit": "501592000", "totalRevenue": "1014287000", "costOfRevenue": "512695000", "costofGoodsAndServicesSold": "512695000", "operatingIncome": "209209000", "sellingGeneralAndAdministrative": "292619000", "researchAndDevelopment": "0", "operatingExpenses": "292619000", "investmentIncomeNet": "None", "netInterestIncome": "None", "interestIncome": "None", "interestExpense": "1484000", "nonInterestIncome": "None", "otherNonOperatingIncome": "92000", "depreciation": "None", "depreciationAndAmortization": "24782000", "incomeBeforeTax": "207817000", "incomeTaxExpense": "76296000", "interestAndDebtExpense": "None", "netIncomeFromContinuingOperations": "131521000", "comprehensiveIncomeNetOfTax": "None", "ebit": "209065000", "ebitda": "233847000", "netIncome": "131500000"}, {"fiscalDateEnding": "2016-03-31", "reportedCurrency": "USD", "grossProfit": "491460000", "totalRevenue": "986680000", "costOfRevenue": "495220000", "costofGoodsAndServicesSold": "495220000", "operatingIncome": "201173000", "sellingGeneralAndAdministrative": "290181000", "researchAndDevelopment": "0", "operatingExpenses": "290181000", "investmentIncomeNet": "None", "netInterestIncome": "None", "interestIncome": "None", "interestExpense": "1383000", "nonInterestIncome": "None", "otherNonOperatingIncome": "61000", "depreciation": "None", "depreciationAndAmortization": "23418000", "incomeBeforeTax": "199851000", "incomeTaxExpense": "73624000", "interestAndDebtExpense": "None", "netIncomeFromContinuingOperations": "126227000", "comprehensiveIncomeNetOfTax": "None", "ebit": "201340000", "ebitda": "224758000", "netIncome": "126200000"}, {"fiscalDateEnding": "2015-12-31", "reportedCurrency": "USD", "grossProfit": "460572000", "totalRevenue": "922793000", "costOfRevenue": "462221000", "costofGoodsAndServicesSold": "462221000", "operatingIncome": "179142000", "sellingGeneralAndAdministrative": "282181000", "researchAndDevelopment": "0", "operatingExpenses": "282181000", "investmentIncomeNet": "None", "netInterestIncome": "None", "interestIncome": "None", "interestExpense": "1011000", "nonInterestIncome": "None", "otherNonOperatingIncome": "74000", "depreciation": "None", "depreciationAndAmortization": "25703000", "incomeBeforeTax": "178205000", "incomeTaxExpense": "66301000", "interestAndDebtExpense": "None", "netIncomeFromContinuingOperations": "111904000", "comprehensiveIncomeNetOfTax": "None", "ebit": "178465000", "ebitda": "204168000", "netIncome": "111904000"}, {"fiscalDateEnding": "2015-09-30", "reportedCurrency": "USD", "grossProfit": "502225000", "totalRevenue": "995250000", "costOfRevenue": "493025000", "costofGoodsAndServicesSold": "493025000", "operatingIncome": "220009000", "sellingGeneralAndAdministrative": "282378000", "researchAndDevelopment": "0", "operatingExpenses": "282378000", "investmentIncomeNet": "None", "netInterestIncome": "None", "interestIncome": "None", "interestExpense": "942000", "nonInterestIncome": "None", "otherNonOperatingIncome": "137000", "depreciation": "None", "depreciationAndAmortization": "21337000", "incomeBeforeTax": "219204000", "incomeTaxExpense": "82710000", "interestAndDebtExpense": "None", "netIncomeFromContinuingOperations": "136494000", "comprehensiveIncomeNetOfTax": "None", "ebit": "219984000", "ebitda": "241321000", "netIncome": "136494000"}, {"fiscalDateEnding": "2015-06-30", "reportedCurrency": "USD", "grossProfit": "502087000", "totalRevenue": "997827000", "costOfRevenue": "495740000", "costofGoodsAndServicesSold": "495740000", "operatingIncome": "225833000", "sellingGeneralAndAdministrative": "276644000", "researchAndDevelopment": "0", "operatingExpenses": "276644000", "investmentIncomeNet": "None", "netInterestIncome": "None", "interestIncome": "None", "interestExpense": "797000", "nonInterestIncome": "None", "otherNonOperatingIncome": "63000", "depreciation": "None", "depreciationAndAmortization": "20014000", "incomeBeforeTax": "225099000", "incomeTaxExpense": "84742000", "interestAndDebtExpense": "None", "netIncomeFromContinuingOperations": "140357000", "comprehensiveIncomeNetOfTax": "None", "ebit": "225506000", "ebitda": "245520000", "netIncome": "140357000"}, {"fiscalDateEnding": "2015-03-31", "reportedCurrency": "USD", "grossProfit": "484050000", "totalRevenue": "953317000", "costOfRevenue": "469267000", "costofGoodsAndServicesSold": "469267000", "operatingIncome": "203771000", "sellingGeneralAndAdministrative": "280387000", "researchAndDevelopment": "0", "operatingExpenses": "280387000", "investmentIncomeNet": "None", "netInterestIncome": "None", "interestIncome": "None", "interestExpense": "358000", "nonInterestIncome": "None", "otherNonOperatingIncome": "99000", "depreciation": "None", "depreciationAndAmortization": "19544000", "incomeBeforeTax": "203512000", "incomeTaxExpense": "75906000", "interestAndDebtExpense": "None", "netIncomeFromContinuingOperations": "127606000", "comprehensiveIncomeNetOfTax": "None", "ebit": "203762000", "ebitda": "223306000", "netIncome": "127606000"}, {"fiscalDateEnding": "2014-12-31", "reportedCurrency": "USD", "grossProfit": "467564000", "totalRevenue": "926254000", "costOfRevenue": "458690000", "costofGoodsAndServicesSold": "458690000", "operatingIncome": "189021000", "sellingGeneralAndAdministrative": "278785000", "researchAndDevelopment": "0", "operatingExpenses": "278785000", "investmentIncomeNet": "None", "netInterestIncome": "None", "interestIncome": "None", "interestExpense": "324000", "nonInterestIncome": "None", "otherNonOperatingIncome": "122000", "depreciation": "None", "depreciationAndAmortization": "18801000", "incomeBeforeTax": "188819000", "incomeTaxExpense": "70428000", "interestAndDebtExpense": "None", "netIncomeFromContinuingOperations": "118391000", "comprehensiveIncomeNetOfTax": "None", "ebit": "188901000", "ebitda": "207702000", "netIncome": "118391000"}, {"fiscalDateEnding": "2014-09-30", "reportedCurrency": "USD", "grossProfit": "498693000", "totalRevenue": "980814000", "costOfRevenue": "482121000", "costofGoodsAndServicesSold": "482121000", "operatingIncome": "212871000", "sellingGeneralAndAdministrative": "286132000", "researchAndDevelopment": "0", "operatingExpenses": "286132000", "investmentIncomeNet": "None", "netInterestIncome": "None", "interestIncome": "None", "interestExpense": "271000", "nonInterestIncome": "None", "otherNonOperatingIncome": "388000", "depreciation": "None", "depreciationAndAmortization": "18418000", "incomeBeforeTax": "212988000", "incomeTaxExpense": "79674000", "interestAndDebtExpense": "None", "netIncomeFromContinuingOperations": "133314000", "comprehensiveIncomeNetOfTax": "None", "ebit": "212949000", "ebitda": "231367000", "netIncome": "133314000"}, {"fiscalDateEnding": "2014-06-30", "reportedCurrency": "USD", "grossProfit": "482667000", "totalRevenue": "949938000", "costOfRevenue": "467271000", "costofGoodsAndServicesSold": "467271000", "operatingIncome": "206847000", "sellingGeneralAndAdministrative": "276016000", "researchAndDevelopment": "0", "operatingExpenses": "276016000", "investmentIncomeNet": "None", "netInterestIncome": "None", "interestIncome": "None", "interestExpense": "194000", "nonInterestIncome": "None", "otherNonOperatingIncome": "129000", "depreciation": "None", "depreciationAndAmortization": "18040000", "incomeBeforeTax": "206782000", "incomeTaxExpense": "76268000", "interestAndDebtExpense": "None", "netIncomeFromContinuingOperations": "130514000", "comprehensiveIncomeNetOfTax": "None", "ebit": "206780000", "ebitda": "224820000", "netIncome": "130514000"}, {"fiscalDateEnding": "2014-03-31", "reportedCurrency": "USD", "grossProfit": "448478000", "totalRevenue": "876501000", "costOfRevenue": "428023000", "costofGoodsAndServicesSold": "428023000", "operatingIncome": "178851000", "sellingGeneralAndAdministrative": "269843000", "researchAndDevelopment": "0", "operatingExpenses": "269843000", "investmentIncomeNet": "None", "netInterestIncome": "None", "interestIncome": "None", "interestExpense": "126000", "nonInterestIncome": "None", "otherNonOperatingIncome": "120000", "depreciation": "None", "depreciationAndAmortization": "17413000", "incomeBeforeTax": "178845000", "incomeTaxExpense": "66914000", "interestAndDebtExpense": "None", "netIncomeFromContinuingOperations": "111931000", "comprehensiveIncomeNetOfTax": "None", "ebit": "178755000", "ebitda": "196168000", "netIncome": "111931000"}, {"fiscalDateEnding": "2013-12-31", "reportedCurrency": "USD", "grossProfit": "411449000", "totalRevenue": "813760000", "costOfRevenue": "402311000", "costofGoodsAndServicesSold": "402311000", "operatingIncome": "157134000", "sellingGeneralAndAdministrative": "254389000", "researchAndDevelopment": "0", "operatingExpenses": "254390000", "investmentIncomeNet": "None", "netInterestIncome": "None", "interestIncome": "None", "interestExpense": "51000", "nonInterestIncome": "None", "otherNonOperatingIncome": "191000", "depreciation": "None", "depreciationAndAmortization": "16689000", "incomeBeforeTax": "157274000", "incomeTaxExpense": "58045000", "interestAndDebtExpense": "None", "netIncomeFromContinuingOperations": "99229000", "comprehensiveIncomeNetOfTax": "None", "ebit": "157250000", "ebitda": "173939000", "netIncome": "99229000"}, {"fiscalDateEnding": "2013-09-30", "reportedCurrency": "USD", "grossProfit": "443395000", "totalRevenue": "858424000", "costOfRevenue": "415029000", "costofGoodsAndServicesSold": "415029000", "operatingIncome": "188550000", "sellingGeneralAndAdministrative": "254957000", "researchAndDevelopment": "0", "operatingExpenses": "254957000", "investmentIncomeNet": "None", "netInterestIncome": "None", "interestIncome": "None", "interestExpense": "25000", "nonInterestIncome": "None", "otherNonOperatingIncome": "118000", "depreciation": "None", "depreciationAndAmortization": "16375000", "incomeBeforeTax": "188643000", "incomeTaxExpense": "69293000", "interestAndDebtExpense": "None", "netIncomeFromContinuingOperations": "119350000", "comprehensiveIncomeNetOfTax": "None", "ebit": "188556000", "ebitda": "204931000", "netIncome": "119350000"}, {"fiscalDateEnding": "2013-06-30", "reportedCurrency": "USD", "grossProfit": "442721000", "totalRevenue": "847596000", "costOfRevenue": "404875000", "costofGoodsAndServicesSold": "404875000", "operatingIncome": "192214000", "sellingGeneralAndAdministrative": "250750000", "researchAndDevelopment": "0", "operatingExpenses": "250750000", "investmentIncomeNet": "None", "netInterestIncome": "None", "interestIncome": "None", "interestExpense": "3000", "nonInterestIncome": "None", "otherNonOperatingIncome": "168000", "depreciation": "None", "depreciationAndAmortization": "15949000", "incomeBeforeTax": "192379000", "incomeTaxExpense": "71370000", "interestAndDebtExpense": "None", "netIncomeFromContinuingOperations": "121009000", "comprehensiveIncomeNetOfTax": "None", "ebit": "192139000", "ebitda": "208088000", "netIncome": "121009000"}, {"fiscalDateEnding": "2013-03-31", "reportedCurrency": "USD", "grossProfit": "421880000", "totalRevenue": "806326000", "costOfRevenue": "384446000", "costofGoodsAndServicesSold": "384446000", "operatingIncome": "174759000", "sellingGeneralAndAdministrative": "247334000", "researchAndDevelopment": "0", "operatingExpenses": "247334000", "investmentIncomeNet": "None", "netInterestIncome": "None", "interestIncome": "None", "interestExpense": "34000", "nonInterestIncome": "None", "otherNonOperatingIncome": "447000", "depreciation": "None", "depreciationAndAmortization": "15178000", "incomeBeforeTax": "175172000", "incomeTaxExpense": "66124000", "interestAndDebtExpense": "None", "netIncomeFromContinuingOperations": "109048000", "comprehensiveIncomeNetOfTax": "None", "ebit": "174993000", "ebitda": "190171000", "netIncome": "109048000"}, {"fiscalDateEnding": "2012-12-31", "reportedCurrency": "USD", "grossProfit": "390821000", "totalRevenue": "757235000", "costOfRevenue": "366414000", "costofGoodsAndServicesSold": "366414000", "operatingIncome": "158044000", "sellingGeneralAndAdministrative": "232914000", "researchAndDevelopment": "0", "operatingExpenses": "232913000", "investmentIncomeNet": "None", "netInterestIncome": "None", "interestIncome": "None", "interestExpense": "0", "nonInterestIncome": "None", "otherNonOperatingIncome": "107000", "depreciation": "None", "depreciationAndAmortization": "14454000", "incomeBeforeTax": "158151000", "incomeTaxExpense": "59435000", "interestAndDebtExpense": "None", "netIncomeFromContinuingOperations": "98716000", "comprehensiveIncomeNetOfTax": "None", "ebit": "157772000", "ebitda": "172226000", "netIncome": "98716000"}, {"fiscalDateEnding": "2012-09-30", "reportedCurrency": "USD", "grossProfit": "414375000", "totalRevenue": "802577000", "costOfRevenue": "388202000", "costofGoodsAndServicesSold": "388202000", "operatingIncome": "175719000", "sellingGeneralAndAdministrative": "238814000", "researchAndDevelopment": "0", "operatingExpenses": "238814000", "investmentIncomeNet": "None", "netInterestIncome": "None", "interestIncome": "None", "interestExpense": "0", "nonInterestIncome": "None", "otherNonOperatingIncome": "117000", "depreciation": "None", "depreciationAndAmortization": "13589000", "incomeBeforeTax": "175836000", "incomeTaxExpense": "66516000", "interestAndDebtExpense": "None", "netIncomeFromContinuingOperations": "109320000", "comprehensiveIncomeNetOfTax": "None", "ebit": "175403000", "ebitda": "188992000", "netIncome": "109320000"}, {"fiscalDateEnding": "2012-06-30", "reportedCurrency": "USD", "grossProfit": "415151000", "totalRevenue": "804890000", "costOfRevenue": "389739000", "costofGoodsAndServicesSold": "389739000", "operatingIncome": "178895000", "sellingGeneralAndAdministrative": "236538000", "researchAndDevelopment": "0", "operatingExpenses": "236538000", "investmentIncomeNet": "None", "netInterestIncome": "None", "interestIncome": "None", "interestExpense": "0", "nonInterestIncome": "None", "otherNonOperatingIncome": "144000", "depreciation": "None", "depreciationAndAmortization": "13446000", "incomeBeforeTax": "179039000", "incomeTaxExpense": "66733000", "interestAndDebtExpense": "None", "netIncomeFromContinuingOperations": "112306000", "comprehensiveIncomeNetOfTax": "None", "ebit": "178331000", "ebitda": "191777000", "netIncome": "112306000"}, {"fiscalDateEnding": "2012-03-31", "reportedCurrency": "USD", "grossProfit": "394177000", "totalRevenue": "768875000", "costOfRevenue": "374698000", "costofGoodsAndServicesSold": "374698000", "operatingIncome": "161033000", "sellingGeneralAndAdministrative": "232970000", "researchAndDevelopment": "0", "operatingExpenses": "232970000", "investmentIncomeNet": "None", "netInterestIncome": "None", "interestIncome": "None", "interestExpense": "0", "nonInterestIncome": "None", "otherNonOperatingIncome": "96000", "depreciation": "None", "depreciationAndAmortization": "12563000", "incomeBeforeTax": "161129000", "incomeTaxExpense": "60935000", "interestAndDebtExpense": "None", "netIncomeFromContinuingOperations": "100194000", "comprehensiveIncomeNetOfTax": "None", "ebit": "161381000", "ebitda": "173944000", "netIncome": "100194000"}, {"fiscalDateEnding": "2011-12-31", "reportedCurrency": "USD", "grossProfit": "357178000", "totalRevenue": "697804000", "costOfRevenue": "340626000", "costofGoodsAndServicesSold": "340626000", "operatingIncome": "140615000", "sellingGeneralAndAdministrative": "216552000", "researchAndDevelopment": "0", "operatingExpenses": "216552000", "investmentIncomeNet": "None", "netInterestIncome": "None", "interestIncome": "None", "interestExpense": "0", "nonInterestIncome": "None", "otherNonOperatingIncome": "154000", "depreciation": "None", "depreciationAndAmortization": "11820000", "incomeBeforeTax": "140769000", "incomeTaxExpense": "53298000", "interestAndDebtExpense": "None", "netIncomeFromContinuingOperations": "87472000", "comprehensiveIncomeNetOfTax": "None", "ebit": "140637000", "ebitda": "152457000", "netIncome": "87471000"}, {"fiscalDateEnding": "2011-09-30", "reportedCurrency": "USD", "grossProfit": "377381000", "totalRevenue": "726742000", "costOfRevenue": "349361000", "costofGoodsAndServicesSold": "349361000", "operatingIncome": "155225000", "sellingGeneralAndAdministrative": "222257000", "researchAndDevelopment": "0", "operatingExpenses": "222257000", "investmentIncomeNet": "None", "netInterestIncome": "None", "interestIncome": "None", "interestExpense": "0", "nonInterestIncome": "None", "otherNonOperatingIncome": "94000", "depreciation": "None", "depreciationAndAmortization": "11523000", "incomeBeforeTax": "155319000", "incomeTaxExpense": "58521000", "interestAndDebtExpense": "None", "netIncomeFromContinuingOperations": "96798000", "comprehensiveIncomeNetOfTax": "None", "ebit": "155023000", "ebitda": "166546000", "netIncome": "96798000"}, {"fiscalDateEnding": "2011-06-30", "reportedCurrency": "USD", "grossProfit": "366233000", "totalRevenue": "701730000", "costOfRevenue": "335497000", "costofGoodsAndServicesSold": "335497000", "operatingIncome": "150106000", "sellingGeneralAndAdministrative": "215868000", "researchAndDevelopment": "0", "operatingExpenses": "216127000", "investmentIncomeNet": "None", "netInterestIncome": "None", "interestIncome": "None", "interestExpense": "0", "nonInterestIncome": "None", "otherNonOperatingIncome": "76000", "depreciation": "None", "depreciationAndAmortization": "10734000", "incomeBeforeTax": "150182000", "incomeTaxExpense": "56070000", "interestAndDebtExpense": "None", "netIncomeFromContinuingOperations": "94112000", "comprehensiveIncomeNetOfTax": "None", "ebit": "150106000", "ebitda": "160840000", "netIncome": "94112000"}, {"fiscalDateEnding": "2011-03-31", "reportedCurrency": "USD", "grossProfit": "333380000", "totalRevenue": "640583000", "costOfRevenue": "307203000", "costofGoodsAndServicesSold": "307203000", "operatingIncome": "128663000", "sellingGeneralAndAdministrative": "204692000", "researchAndDevelopment": "0", "operatingExpenses": "204717000", "investmentIncomeNet": "None", "netInterestIncome": "None", "interestIncome": "None", "interestExpense": "0", "nonInterestIncome": "None", "otherNonOperatingIncome": "148000", "depreciation": "None", "depreciationAndAmortization": "10629000", "incomeBeforeTax": "128811000", "incomeTaxExpense": "49264000", "interestAndDebtExpense": "None", "netIncomeFromContinuingOperations": "79547000", "comprehensiveIncomeNetOfTax": "None", "ebit": "128663000", "ebitda": "139292000", "netIncome": "79547000"}, {"fiscalDateEnding": "2010-12-31", "reportedCurrency": "USD", "grossProfit": "298617000", "totalRevenue": "573766000", "costOfRevenue": "275149000", "costofGoodsAndServicesSold": "275149000", "operatingIncome": "106906000", "sellingGeneralAndAdministrative": "191779000", "researchAndDevelopment": "0", "operatingExpenses": "191779000", "investmentIncomeNet": "None", "netInterestIncome": "None", "interestIncome": "None", "interestExpense": "0", "nonInterestIncome": "None", "otherNonOperatingIncome": "237000", "depreciation": "None", "depreciationAndAmortization": "10273000", "incomeBeforeTax": "107144000", "incomeTaxExpense": "41983000", "interestAndDebtExpense": "None", "netIncomeFromContinuingOperations": "65161000", "comprehensiveIncomeNetOfTax": "None", "ebit": "106770000", "ebitda": "117043000", "netIncome": "65161000"}, {"fiscalDateEnding": "2010-09-30", "reportedCurrency": "USD", "grossProfit": "312648000", "totalRevenue": "603750000", "costOfRevenue": "291102000", "costofGoodsAndServicesSold": "291102000", "operatingIncome": "120510000", "sellingGeneralAndAdministrative": "192140000", "researchAndDevelopment": "0", "operatingExpenses": "192138000", "investmentIncomeNet": "None", "netInterestIncome": "None", "interestIncome": "None", "interestExpense": "0", "nonInterestIncome": "None", "otherNonOperatingIncome": "192000", "depreciation": "None", "depreciationAndAmortization": "10044000", "incomeBeforeTax": "120702000", "incomeTaxExpense": "45708000", "interestAndDebtExpense": "None", "netIncomeFromContinuingOperations": "74994000", "comprehensiveIncomeNetOfTax": "None", "ebit": "120510000", "ebitda": "130554000", "netIncome": "74994000"}, {"fiscalDateEnding": "2010-06-30", "reportedCurrency": "USD", "grossProfit": "297658000", "totalRevenue": "571183000", "costOfRevenue": "273525000", "costofGoodsAndServicesSold": "273525000", "operatingIncome": "111836000", "sellingGeneralAndAdministrative": "185783000", "researchAndDevelopment": "0", "operatingExpenses": "185822000", "investmentIncomeNet": "None", "netInterestIncome": "None", "interestIncome": "None", "interestExpense": "0", "nonInterestIncome": "None", "otherNonOperatingIncome": "289000", "depreciation": "None", "depreciationAndAmortization": "10151000", "incomeBeforeTax": "112125000", "incomeTaxExpense": "42958000", "interestAndDebtExpense": "None", "netIncomeFromContinuingOperations": "69167000", "comprehensiveIncomeNetOfTax": "None", "ebit": "111836000", "ebitda": "121987000", "netIncome": "69167000"}, {"fiscalDateEnding": "2010-03-31", "reportedCurrency": "USD", "grossProfit": "265913000", "totalRevenue": "520772000", "costOfRevenue": "254859000", "costofGoodsAndServicesSold": "254859000", "operatingIncome": "90436000", "sellingGeneralAndAdministrative": "175410000", "researchAndDevelopment": "0", "operatingExpenses": "175477000", "investmentIncomeNet": "None", "netInterestIncome": "None", "interestIncome": "None", "interestExpense": "0", "nonInterestIncome": "None", "otherNonOperatingIncome": "233000", "depreciation": "None", "depreciationAndAmortization": "10287000", "incomeBeforeTax": "90669000", "incomeTaxExpense": "34635000", "interestAndDebtExpense": "None", "netIncomeFromContinuingOperations": "56034000", "comprehensiveIncomeNetOfTax": "None", "ebit": "90436000", "ebitda": "100723000", "netIncome": "56034000"}, {"fiscalDateEnding": "2009-12-31", "reportedCurrency": "USD", "grossProfit": "237715000", "totalRevenue": "476750000", "costOfRevenue": "239035000", "costofGoodsAndServicesSold": "239035000", "operatingIncome": "71034000", "sellingGeneralAndAdministrative": "166621000", "researchAndDevelopment": "0", "operatingExpenses": "166621000", "investmentIncomeNet": "None", "netInterestIncome": "None", "interestIncome": "None", "interestExpense": "0", "nonInterestIncome": "None", "otherNonOperatingIncome": "None", "depreciation": "None", "depreciationAndAmortization": "9823000", "incomeBeforeTax": "71419000", "incomeTaxExpense": "26883000", "interestAndDebtExpense": "None", "netIncomeFromContinuingOperations": "0", "comprehensiveIncomeNetOfTax": "None", "ebit": "71154000", "ebitda": "80977000", "netIncome": "44536000"}, {"fiscalDateEnding": "2009-09-30", "reportedCurrency": "USD", "grossProfit": "244567000", "totalRevenue": "489339000", "costOfRevenue": "244772000", "costofGoodsAndServicesSold": "244772000", "operatingIncome": "76410000", "sellingGeneralAndAdministrative": "168119000", "researchAndDevelopment": "0", "operatingExpenses": "168119000", "investmentIncomeNet": "None", "netInterestIncome": "None", "interestIncome": "None", "interestExpense": "0", "nonInterestIncome": "None", "otherNonOperatingIncome": "592000", "depreciation": "None", "depreciationAndAmortization": "9800000", "incomeBeforeTax": "77002000", "incomeTaxExpense": "29413000", "interestAndDebtExpense": "None", "netIncomeFromContinuingOperations": "47589000", "comprehensiveIncomeNetOfTax": "None", "ebit": "76486000", "ebitda": "86286000", "netIncome": "47589000"}, {"fiscalDateEnding": "2009-06-30", "reportedCurrency": "USD", "grossProfit": "242505000", "totalRevenue": "474894000", "costOfRevenue": "232389000", "costofGoodsAndServicesSold": "232389000", "operatingIncome": "69938000", "sellingGeneralAndAdministrative": "172143000", "researchAndDevelopment": "0", "operatingExpenses": "172143000", "investmentIncomeNet": "None", "netInterestIncome": "None", "interestIncome": "None", "interestExpense": "0", "nonInterestIncome": "None", "otherNonOperatingIncome": "464000", "depreciation": "None", "depreciationAndAmortization": "10080000", "incomeBeforeTax": "70402000", "incomeTaxExpense": "26864000", "interestAndDebtExpense": "None", "netIncomeFromContinuingOperations": "43538000", "comprehensiveIncomeNetOfTax": "None", "ebit": "60282000", "ebitda": "70362000", "netIncome": "43538000"}, {"fiscalDateEnding": "2009-03-31", "reportedCurrency": "USD", "grossProfit": "258648000", "totalRevenue": "489347000", "costOfRevenue": "230699000", "costofGoodsAndServicesSold": "230699000", "operatingIncome": "78411000", "sellingGeneralAndAdministrative": "179909000", "researchAndDevelopment": "0", "operatingExpenses": "179909000", "investmentIncomeNet": "None", "netInterestIncome": "None", "interestIncome": "None", "interestExpense": "0", "nonInterestIncome": "None", "otherNonOperatingIncome": "None", "depreciation": "None", "depreciationAndAmortization": "10317000", "incomeBeforeTax": "78667000", "incomeTaxExpense": "29973000", "interestAndDebtExpense": "None", "netIncomeFromContinuingOperations": "0", "comprehensiveIncomeNetOfTax": "None", "ebit": "79067000", "ebitda": "89384000", "netIncome": "48694000"}, {"fiscalDateEnding": "2008-12-31", "reportedCurrency": "USD", "grossProfit": "291190000", "totalRevenue": "544959000", "costOfRevenue": "253769000", "costofGoodsAndServicesSold": "253769000", "operatingIncome": "99305000", "sellingGeneralAndAdministrative": "191917000", "researchAndDevelopment": "0", "operatingExpenses": "191718000", "investmentIncomeNet": "None", "netInterestIncome": "None", "interestIncome": "None", "interestExpense": "0", "nonInterestIncome": "None", "otherNonOperatingIncome": "None", "depreciation": "None", "depreciationAndAmortization": "9998000", "incomeBeforeTax": "99600000", "incomeTaxExpense": "37064000", "interestAndDebtExpense": "None", "netIncomeFromContinuingOperations": "0", "comprehensiveIncomeNetOfTax": "None", "ebit": "99440000", "ebitda": "109438000", "netIncome": "62536000"}, {"fiscalDateEnding": "2008-09-30", "reportedCurrency": "USD", "grossProfit": "330883000", "totalRevenue": "625037000", "costOfRevenue": "294154000", "costofGoodsAndServicesSold": "294154000", "operatingIncome": "117619000", "sellingGeneralAndAdministrative": "213310000", "researchAndDevelopment": "0", "operatingExpenses": "213264000", "investmentIncomeNet": "None", "netInterestIncome": "None", "interestIncome": "None", "interestExpense": "0", "nonInterestIncome": "None", "otherNonOperatingIncome": "None", "depreciation": "None", "depreciationAndAmortization": "9873000", "incomeBeforeTax": "117786000", "incomeTaxExpense": "44877000", "interestAndDebtExpense": "None", "netIncomeFromContinuingOperations": "0", "comprehensiveIncomeNetOfTax": "None", "ebit": "117573000", "ebitda": "127446000", "netIncome": "72909000"}, {"fiscalDateEnding": "2008-06-30", "reportedCurrency": "USD", "grossProfit": "317389000", "totalRevenue": "604219000", "costOfRevenue": "286830000", "costofGoodsAndServicesSold": "286830000", "operatingIncome": "123349000", "sellingGeneralAndAdministrative": "193899000", "researchAndDevelopment": "0", "operatingExpenses": "194040000", "investmentIncomeNet": "None", "netInterestIncome": "None", "interestIncome": "None", "interestExpense": "0", "nonInterestIncome": "None", "otherNonOperatingIncome": "None", "depreciation": "None", "depreciationAndAmortization": "9789000", "incomeBeforeTax": "123596000", "incomeTaxExpense": "47430000", "interestAndDebtExpense": "None", "netIncomeFromContinuingOperations": "0", "comprehensiveIncomeNetOfTax": "None", "ebit": "123490000", "ebitda": "133279000", "netIncome": "76166000"}, {"fiscalDateEnding": "2008-03-31", "reportedCurrency": "USD", "grossProfit": "296630000", "totalRevenue": "566210000", "costOfRevenue": "269580000", "costofGoodsAndServicesSold": "269580000", "operatingIncome": "109964000", "sellingGeneralAndAdministrative": "186562000", "researchAndDevelopment": "0", "operatingExpenses": "186666000", "investmentIncomeNet": "None", "netInterestIncome": "None", "interestIncome": "None", "interestExpense": "0", "nonInterestIncome": "None", "otherNonOperatingIncome": "None", "depreciation": "None", "depreciationAndAmortization": "9541000", "incomeBeforeTax": "110185000", "incomeTaxExpense": "42091000", "interestAndDebtExpense": "None", "netIncomeFromContinuingOperations": "0", "comprehensiveIncomeNetOfTax": "None", "ebit": "110068000", "ebitda": "119609000", "netIncome": "68094000"}, {"fiscalDateEnding": "2007-12-31", "reportedCurrency": "USD", "grossProfit": "264566000", "totalRevenue": "519206000", "costOfRevenue": "254640000", "costofGoodsAndServicesSold": "254640000", "operatingIncome": "91622000", "sellingGeneralAndAdministrative": "172958000", "researchAndDevelopment": "0", "operatingExpenses": "172944000", "investmentIncomeNet": "None", "netInterestIncome": "None", "interestIncome": "None", "interestExpense": "0", "nonInterestIncome": "None", "otherNonOperatingIncome": "None", "depreciation": "None", "depreciationAndAmortization": "9390000", "incomeBeforeTax": "91956000", "incomeTaxExpense": "35765000", "interestAndDebtExpense": "None", "netIncomeFromContinuingOperations": "0", "comprehensiveIncomeNetOfTax": "None", "ebit": "91608000", "ebitda": "100998000", "netIncome": "56191000"}, {"fiscalDateEnding": "2007-09-30", "reportedCurrency": "USD", "grossProfit": "272024000", "totalRevenue": "533750000", "costOfRevenue": "261726000", "costofGoodsAndServicesSold": "261726000", "operatingIncome": "98848000", "sellingGeneralAndAdministrative": "173178000", "researchAndDevelopment": "0", "operatingExpenses": "173176000", "investmentIncomeNet": "None", "netInterestIncome": "None", "interestIncome": "None", "interestExpense": "0", "nonInterestIncome": "None", "otherNonOperatingIncome": "None", "depreciation": "None", "depreciationAndAmortization": "9375000", "incomeBeforeTax": "99312000", "incomeTaxExpense": "37170000", "interestAndDebtExpense": "None", "netIncomeFromContinuingOperations": "0", "comprehensiveIncomeNetOfTax": "None", "ebit": "98846000", "ebitda": "108221000", "netIncome": "62142000"}, {"fiscalDateEnding": "2007-06-30", "reportedCurrency": "USD", "grossProfit": "261469000", "totalRevenue": "519706000", "costOfRevenue": "258237000", "costofGoodsAndServicesSold": "258237000", "operatingIncome": "97406000", "sellingGeneralAndAdministrative": "164261000", "researchAndDevelopment": "0", "operatingExpenses": "164063000", "investmentIncomeNet": "None", "netInterestIncome": "None", "interestIncome": "None", "interestExpense": "0", "nonInterestIncome": "None", "otherNonOperatingIncome": "None", "depreciation": "None", "depreciationAndAmortization": "9391000", "incomeBeforeTax": "97860000", "incomeTaxExpense": "37604000", "interestAndDebtExpense": "None", "netIncomeFromContinuingOperations": "0", "comprehensiveIncomeNetOfTax": "None", "ebit": "97208000", "ebitda": "106599000", "netIncome": "60256000"}, {"fiscalDateEnding": "2007-03-31", "reportedCurrency": "USD", "grossProfit": "249515000", "totalRevenue": "489157000", "costOfRevenue": "239642000", "costofGoodsAndServicesSold": "239642000", "operatingIncome": "88459000", "sellingGeneralAndAdministrative": "160851000", "researchAndDevelopment": "0", "operatingExpenses": "161056000", "investmentIncomeNet": "None", "netInterestIncome": "None", "interestIncome": "None", "interestExpense": "0", "nonInterestIncome": "None", "otherNonOperatingIncome": "None", "depreciation": "None", "depreciationAndAmortization": "9243000", "incomeBeforeTax": "88771000", "incomeTaxExpense": "34738000", "interestAndDebtExpense": "None", "netIncomeFromContinuingOperations": "0", "comprehensiveIncomeNetOfTax": "None", "ebit": "88574000", "ebitda": "97817000", "netIncome": "54033000"}, {"fiscalDateEnding": "2006-12-31", "reportedCurrency": "USD", "grossProfit": "223948000", "totalRevenue": "448729000", "costOfRevenue": "224781000", "costofGoodsAndServicesSold": "224781000", "operatingIncome": "72919000", "sellingGeneralAndAdministrative": "150982000", "researchAndDevelopment": "0", "operatingExpenses": "151029000", "investmentIncomeNet": "None", "netInterestIncome": "None", "interestIncome": "None", "interestExpense": "0", "nonInterestIncome": "None", "otherNonOperatingIncome": "None", "depreciation": "None", "depreciationAndAmortization": "10605000", "incomeBeforeTax": "73082000", "incomeTaxExpense": "27512000", "interestAndDebtExpense": "None", "netIncomeFromContinuingOperations": "0", "comprehensiveIncomeNetOfTax": "None", "ebit": "72966000", "ebitda": "83571000", "netIncome": "45570000"}, {"fiscalDateEnding": "2006-09-30", "reportedCurrency": "USD", "grossProfit": "237235000", "totalRevenue": "470088000", "costOfRevenue": "232853000", "costofGoodsAndServicesSold": "232853000", "operatingIncome": "87174000", "sellingGeneralAndAdministrative": "150035000", "researchAndDevelopment": "0", "operatingExpenses": "150061000", "investmentIncomeNet": "None", "netInterestIncome": "None", "interestIncome": "None", "interestExpense": "0", "nonInterestIncome": "None", "otherNonOperatingIncome": "None", "depreciation": "None", "depreciationAndAmortization": "7897000", "incomeBeforeTax": "87400000", "incomeTaxExpense": "33299000", "interestAndDebtExpense": "None", "netIncomeFromContinuingOperations": "0", "comprehensiveIncomeNetOfTax": "None", "ebit": "87200000", "ebitda": "95097000", "netIncome": "54101000"}, {"fiscalDateEnding": "2006-06-30", "reportedCurrency": "USD", "grossProfit": "229005000", "totalRevenue": "458817000", "costOfRevenue": "229812000", "costofGoodsAndServicesSold": "229812000", "operatingIncome": "82809000", "sellingGeneralAndAdministrative": "146081000", "researchAndDevelopment": "0", "operatingExpenses": "146196000", "investmentIncomeNet": "None", "netInterestIncome": "None", "interestIncome": "None", "interestExpense": "0", "nonInterestIncome": "None", "otherNonOperatingIncome": "None", "depreciation": "None", "depreciationAndAmortization": "7486000", "incomeBeforeTax": "83219000", "incomeTaxExpense": "31706000", "interestAndDebtExpense": "None", "netIncomeFromContinuingOperations": "0", "comprehensiveIncomeNetOfTax": "None", "ebit": "82924000", "ebitda": "90410000", "netIncome": "51513000"}, {"fiscalDateEnding": "2006-03-31", "reportedCurrency": "USD", "grossProfit": "217487000", "totalRevenue": "431703000", "costOfRevenue": "214216000", "costofGoodsAndServicesSold": "214216000", "operatingIncome": "76940000", "sellingGeneralAndAdministrative": "140512000", "researchAndDevelopment": "0", "operatingExpenses": "140547000", "investmentIncomeNet": "None", "netInterestIncome": "None", "interestIncome": "None", "interestExpense": "0", "nonInterestIncome": "None", "otherNonOperatingIncome": "None", "depreciation": "None", "depreciationAndAmortization": "7609000", "incomeBeforeTax": "76940000", "incomeTaxExpense": "29474000", "interestAndDebtExpense": "None", "netIncomeFromContinuingOperations": "0", "comprehensiveIncomeNetOfTax": "None", "ebit": "76975000", "ebitda": "84584000", "netIncome": "47854000"}, {"fiscalDateEnding": "2005-12-31", "reportedCurrency": "USD", "grossProfit": "184576000", "totalRevenue": "384043000", "costOfRevenue": "199467000", "costofGoodsAndServicesSold": "199467000", "operatingIncome": "62823000", "sellingGeneralAndAdministrative": "121619000", "researchAndDevelopment": "0", "operatingExpenses": "121753000", "investmentIncomeNet": "None", "netInterestIncome": "None", "interestIncome": "None", "interestExpense": "0", "nonInterestIncome": "None", "otherNonOperatingIncome": "None", "depreciation": "None", "depreciationAndAmortization": "7396000", "incomeBeforeTax": "63169000", "incomeTaxExpense": "24005000", "interestAndDebtExpense": "None", "netIncomeFromContinuingOperations": "0", "comprehensiveIncomeNetOfTax": "None", "ebit": "62957000", "ebitda": "70353000", "netIncome": "39164000"}, {"fiscalDateEnding": "2005-09-30", "reportedCurrency": "USD", "grossProfit": "202346000", "totalRevenue": "402218000", "costOfRevenue": "199872000", "costofGoodsAndServicesSold": "199872000", "operatingIncome": "73883000", "sellingGeneralAndAdministrative": "128602000", "researchAndDevelopment": "0", "operatingExpenses": "128463000", "investmentIncomeNet": "None", "netInterestIncome": "None", "interestIncome": "None", "interestExpense": "0", "nonInterestIncome": "None", "otherNonOperatingIncome": "None", "depreciation": "None", "depreciationAndAmortization": "7758000", "incomeBeforeTax": "74148000", "incomeTaxExpense": "28177000", "interestAndDebtExpense": "None", "netIncomeFromContinuingOperations": "0", "comprehensiveIncomeNetOfTax": "None", "ebit": "73744000", "ebitda": "81502000", "netIncome": "45971000"}, {"fiscalDateEnding": "2005-06-30", "reportedCurrency": "USD", "grossProfit": "193807000", "totalRevenue": "383263000", "costOfRevenue": "189456000", "costofGoodsAndServicesSold": "189456000", "operatingIncome": "71730000", "sellingGeneralAndAdministrative": "121873000", "researchAndDevelopment": "0", "operatingExpenses": "122077000", "investmentIncomeNet": "None", "netInterestIncome": "None", "interestIncome": "None", "interestExpense": "0", "nonInterestIncome": "None", "otherNonOperatingIncome": "None", "depreciation": "None", "depreciationAndAmortization": "7256000", "incomeBeforeTax": "72011000", "incomeTaxExpense": "27364000", "interestAndDebtExpense": "None", "netIncomeFromContinuingOperations": "0", "comprehensiveIncomeNetOfTax": "None", "ebit": "71934000", "ebitda": "79190000", "netIncome": "44647000"}, {"fiscalDateEnding": "2005-03-31", "reportedCurrency": "USD", "grossProfit": "177373000", "totalRevenue": "353809000", "costOfRevenue": "176436000", "costofGoodsAndServicesSold": "176436000", "operatingIncome": "59727000", "sellingGeneralAndAdministrative": "117697000", "researchAndDevelopment": "0", "operatingExpenses": "117646000", "investmentIncomeNet": "None", "netInterestIncome": "None", "interestIncome": "None", "interestExpense": "0", "nonInterestIncome": "None", "otherNonOperatingIncome": "None", "depreciation": "None", "depreciationAndAmortization": "6663000", "incomeBeforeTax": "59727000", "incomeTaxExpense": "22696000", "interestAndDebtExpense": "None", "netIncomeFromContinuingOperations": "0", "comprehensiveIncomeNetOfTax": "None", "ebit": "59975000", "ebitda": "66638000", "netIncome": "37031000"}]}