{"symbol": "EW", "annualReports": [{"fiscalDateEnding": "2024-12-31", "reportedCurrency": "USD", "grossProfit": "4322000000", "totalRevenue": "5439500000", "costOfRevenue": "1117500000", "costofGoodsAndServicesSold": "1117500000", "operatingIncome": "1378700000", "sellingGeneralAndAdministrative": "1789200000", "researchAndDevelopment": "1053000000", "operatingExpenses": "2943300000", "investmentIncomeNet": "None", "netInterestIncome": "100500000", "interestIncome": "120300000", "interestExpense": "19800000", "nonInterestIncome": "None", "otherNonOperatingIncome": "None", "depreciation": "None", "depreciationAndAmortization": "155200000", "incomeBeforeTax": "1548100000", "incomeTaxExpense": "152100000", "interestAndDebtExpense": "None", "netIncomeFromContinuingOperations": "1396000000", "comprehensiveIncomeNetOfTax": "None", "ebit": "1567900000", "ebitda": "1723100000", "netIncome": "4174600000"}, {"fiscalDateEnding": "2023-12-31", "reportedCurrency": "USD", "grossProfit": "4625000000", "totalRevenue": "6004800000", "costOfRevenue": "1379800000", "costofGoodsAndServicesSold": "1379800000", "operatingIncome": "1534100000", "sellingGeneralAndAdministrative": "1755600000", "researchAndDevelopment": "1071800000", "operatingExpenses": "2896400000", "investmentIncomeNet": "None", "netInterestIncome": "40700000", "interestIncome": "67200000", "interestExpense": "17600000", "nonInterestIncome": "None", "otherNonOperatingIncome": "None", "depreciation": "None", "depreciationAndAmortization": "144900000", "incomeBeforeTax": "1598100000", "incomeTaxExpense": "198700000", "interestAndDebtExpense": "None", "netIncomeFromContinuingOperations": "1428100000", "comprehensiveIncomeNetOfTax": "None", "ebit": "1534100000", "ebitda": "1534100000", "netIncome": "1402400000"}, {"fiscalDateEnding": "2022-12-31", "reportedCurrency": "USD", "grossProfit": "4302000000", "totalRevenue": "5382400000", "costOfRevenue": "1080400000", "costofGoodsAndServicesSold": "1080400000", "operatingIncome": "1748500000", "sellingGeneralAndAdministrative": "1566500000", "researchAndDevelopment": "945200000", "operatingExpenses": "2512800000", "investmentIncomeNet": "None", "netInterestIncome": "16300000", "interestIncome": "16300000", "interestExpense": "19200000", "nonInterestIncome": "None", "otherNonOperatingIncome": "38100000", "depreciation": "None", "depreciationAndAmortization": "166800000", "incomeBeforeTax": "1767400000", "incomeTaxExpense": "245500000", "interestAndDebtExpense": "None", "netIncomeFromContinuingOperations": "1521900000", "comprehensiveIncomeNetOfTax": "None", "ebit": "1793600000", "ebitda": "1960400000", "netIncome": "1521900000"}, {"fiscalDateEnding": "2021-12-31", "reportedCurrency": "USD", "grossProfit": "3983600000", "totalRevenue": "5232500000", "costOfRevenue": "1248900000", "costofGoodsAndServicesSold": "1248900000", "operatingIncome": "1348500000", "sellingGeneralAndAdministrative": "1494000000", "researchAndDevelopment": "903100000", "operatingExpenses": "2396800000", "investmentIncomeNet": "None", "netInterestIncome": "-1000000", "interestIncome": "1000000", "interestExpense": "18400000", "nonInterestIncome": "None", "otherNonOperatingIncome": "30100000", "depreciation": "None", "depreciationAndAmortization": "163300000", "incomeBeforeTax": "1702000000", "incomeTaxExpense": "198900000", "interestAndDebtExpense": "None", "netIncomeFromContinuingOperations": "1503100000", "comprehensiveIncomeNetOfTax": "None", "ebit": "1691900000", "ebitda": "1855200000", "netIncome": "1503100000"}, {"fiscalDateEnding": "2020-12-31", "reportedCurrency": "USD", "grossProfit": "3305700000", "totalRevenue": "4386300000", "costOfRevenue": "1080600000", "costofGoodsAndServicesSold": "1080600000", "operatingIncome": "1628400000", "sellingGeneralAndAdministrative": "1228400000", "researchAndDevelopment": "760700000", "operatingExpenses": "1989100000", "investmentIncomeNet": "None", "netInterestIncome": "7600000", "interestIncome": "7600000", "interestExpense": "15800000", "nonInterestIncome": "None", "otherNonOperatingIncome": "34900000", "depreciation": "None", "depreciationAndAmortization": "135400000", "incomeBeforeTax": "916700000", "incomeTaxExpense": "93300000", "interestAndDebtExpense": "None", "netIncomeFromContinuingOperations": "823400000", "comprehensiveIncomeNetOfTax": "None", "ebit": "938900000", "ebitda": "1074300000", "netIncome": "823400000"}, {"fiscalDateEnding": "2019-12-31", "reportedCurrency": "USD", "grossProfit": "3233600000", "totalRevenue": "4348000000", "costOfRevenue": "1114400000", "costofGoodsAndServicesSold": "1114400000", "operatingIncome": "1146800000", "sellingGeneralAndAdministrative": "1242200000", "researchAndDevelopment": "752700000", "operatingExpenses": "1994900000", "investmentIncomeNet": "None", "netInterestIncome": "11500000", "interestIncome": "32200000", "interestExpense": "20700000", "nonInterestIncome": "None", "otherNonOperatingIncome": "40400000", "depreciation": "None", "depreciationAndAmortization": "183800000", "incomeBeforeTax": "1166500000", "incomeTaxExpense": "119600000", "interestAndDebtExpense": "None", "netIncomeFromContinuingOperations": "1046900000", "comprehensiveIncomeNetOfTax": "None", "ebit": "1146800000", "ebitda": "1330600000", "netIncome": "1046900000"}, {"fiscalDateEnding": "2018-12-31", "reportedCurrency": "USD", "grossProfit": "2783400000", "totalRevenue": "3722800000", "costOfRevenue": "939400000", "costofGoodsAndServicesSold": "939400000", "operatingIncome": "748200000", "sellingGeneralAndAdministrative": "1088500000", "researchAndDevelopment": "622200000", "operatingExpenses": "1710700000", "investmentIncomeNet": "None", "netInterestIncome": "2100000", "interestIncome": "32000000", "interestExpense": "2100000", "nonInterestIncome": "None", "otherNonOperatingIncome": "36000000", "depreciation": "None", "depreciationAndAmortization": "77400000", "incomeBeforeTax": "761400000", "incomeTaxExpense": "39200000", "interestAndDebtExpense": "None", "netIncomeFromContinuingOperations": "722200000", "comprehensiveIncomeNetOfTax": "None", "ebit": "1312700000", "ebitda": "1390100000", "netIncome": "722200000"}, {"fiscalDateEnding": "2017-12-31", "reportedCurrency": "USD", "grossProfit": "2560000000", "totalRevenue": "3435300000", "costOfRevenue": "875300000", "costofGoodsAndServicesSold": "875300000", "operatingIncome": "1022700000", "sellingGeneralAndAdministrative": "984700000", "researchAndDevelopment": "552600000", "operatingExpenses": "1537300000", "investmentIncomeNet": "None", "netInterestIncome": "-2900000", "interestIncome": "20300000", "interestExpense": "2900000", "nonInterestIncome": "None", "otherNonOperatingIncome": "12100000", "depreciation": "None", "depreciationAndAmortization": "81900000", "incomeBeforeTax": "1034900000", "incomeTaxExpense": "412800000", "interestAndDebtExpense": "None", "netIncomeFromContinuingOperations": "583600000", "comprehensiveIncomeNetOfTax": "None", "ebit": "917500000", "ebitda": "999400000", "netIncome": "622100000"}, {"fiscalDateEnding": "2016-12-31", "reportedCurrency": "USD", "grossProfit": "2166300000", "totalRevenue": "2963700000", "costOfRevenue": "797400000", "costofGoodsAndServicesSold": "797400000", "operatingIncome": "783800000", "sellingGeneralAndAdministrative": "904700000", "researchAndDevelopment": "443300000", "operatingExpenses": "1348000000", "investmentIncomeNet": "None", "netInterestIncome": "-8400000", "interestIncome": "10800000", "interestExpense": "8400000", "nonInterestIncome": "None", "otherNonOperatingIncome": "5900000", "depreciation": "None", "depreciationAndAmortization": "71200000", "incomeBeforeTax": "737900000", "incomeTaxExpense": "168400000", "interestAndDebtExpense": "None", "netIncomeFromContinuingOperations": "569500000", "comprehensiveIncomeNetOfTax": "None", "ebit": "814200000", "ebitda": "885400000", "netIncome": "569500000"}, {"fiscalDateEnding": "2015-12-31", "reportedCurrency": "USD", "grossProfit": "1876500000", "totalRevenue": "2493700000", "costOfRevenue": "617200000", "costofGoodsAndServicesSold": "617200000", "operatingIncome": "642700000", "sellingGeneralAndAdministrative": "850700000", "researchAndDevelopment": "383100000", "operatingExpenses": "1233800000", "investmentIncomeNet": "None", "netInterestIncome": "None", "interestIncome": "None", "interestExpense": "9300000", "nonInterestIncome": "None", "otherNonOperatingIncome": "3900000", "depreciation": "None", "depreciationAndAmortization": "65800000", "incomeBeforeTax": "622400000", "incomeTaxExpense": "127500000", "interestAndDebtExpense": "None", "netIncomeFromContinuingOperations": "494900000", "comprehensiveIncomeNetOfTax": "None", "ebit": "583900000", "ebitda": "649700000", "netIncome": "494900000"}, {"fiscalDateEnding": "2014-12-31", "reportedCurrency": "USD", "grossProfit": "1697300000", "totalRevenue": "2322900000", "costOfRevenue": "625600000", "costofGoodsAndServicesSold": "625600000", "operatingIncome": "482600000", "sellingGeneralAndAdministrative": "858000000", "researchAndDevelopment": "346500000", "operatingExpenses": "1204500000", "investmentIncomeNet": "None", "netInterestIncome": "None", "interestIncome": "None", "interestExpense": "10800000", "nonInterestIncome": "None", "otherNonOperatingIncome": "-1300000", "depreciation": "None", "depreciationAndAmortization": "68600000", "incomeBeforeTax": "1144000000", "incomeTaxExpense": "332900000", "interestAndDebtExpense": "None", "netIncomeFromContinuingOperations": "811100000", "comprehensiveIncomeNetOfTax": "None", "ebit": "-245500000", "ebitda": "-176900000", "netIncome": "811100000"}, {"fiscalDateEnding": "2013-12-31", "reportedCurrency": "USD", "grossProfit": "1523100000", "totalRevenue": "2045500000", "costOfRevenue": "522400000", "costofGoodsAndServicesSold": "522400000", "operatingIncome": "454500000", "sellingGeneralAndAdministrative": "745600000", "researchAndDevelopment": "323000000", "operatingExpenses": "1068600000", "investmentIncomeNet": "None", "netInterestIncome": "None", "interestIncome": "None", "interestExpense": "5200000", "nonInterestIncome": "None", "otherNonOperatingIncome": "3300000", "depreciation": "None", "depreciationAndAmortization": "68700000", "incomeBeforeTax": "515300000", "incomeTaxExpense": "123600000", "interestAndDebtExpense": "None", "netIncomeFromContinuingOperations": "391700000", "comprehensiveIncomeNetOfTax": "None", "ebit": "318500000", "ebitda": "387200000", "netIncome": "391700000"}, {"fiscalDateEnding": "2012-12-31", "reportedCurrency": "USD", "grossProfit": "1405000000", "totalRevenue": "1899600000", "costOfRevenue": "494600000", "costofGoodsAndServicesSold": "494600000", "operatingIncome": "408400000", "sellingGeneralAndAdministrative": "705300000", "researchAndDevelopment": "291300000", "operatingExpenses": "996600000", "investmentIncomeNet": "None", "netInterestIncome": "None", "interestIncome": "None", "interestExpense": "4400000", "nonInterestIncome": "None", "otherNonOperatingIncome": "3100000", "depreciation": "None", "depreciationAndAmortization": "57300000", "incomeBeforeTax": "391100000", "incomeTaxExpense": "97900000", "interestAndDebtExpense": "None", "netIncomeFromContinuingOperations": "293200000", "comprehensiveIncomeNetOfTax": "None", "ebit": "367100000", "ebitda": "424400000", "netIncome": "293200000"}, {"fiscalDateEnding": "2011-12-31", "reportedCurrency": "USD", "grossProfit": "1188800000", "totalRevenue": "1678600000", "costOfRevenue": "489800000", "costofGoodsAndServicesSold": "489800000", "operatingIncome": "300100000", "sellingGeneralAndAdministrative": "642400000", "researchAndDevelopment": "246300000", "operatingExpenses": "888700000", "investmentIncomeNet": "None", "netInterestIncome": "None", "interestIncome": "None", "interestExpense": "3100000", "nonInterestIncome": "None", "otherNonOperatingIncome": "8200000", "depreciation": "None", "depreciationAndAmortization": "58000000", "incomeBeforeTax": "283600000", "incomeTaxExpense": "46900000", "interestAndDebtExpense": "None", "netIncomeFromContinuingOperations": "236700000", "comprehensiveIncomeNetOfTax": "None", "ebit": "258900000", "ebitda": "316900000", "netIncome": "236700000"}, {"fiscalDateEnding": "2010-12-31", "reportedCurrency": "USD", "grossProfit": "1038700000", "totalRevenue": "1447000000", "costOfRevenue": "408300000", "costofGoodsAndServicesSold": "408300000", "operatingIncome": "284300000", "sellingGeneralAndAdministrative": "550000000", "researchAndDevelopment": "204400000", "operatingExpenses": "754400000", "investmentIncomeNet": "None", "netInterestIncome": "None", "interestIncome": "None", "interestExpense": "2400000", "nonInterestIncome": "None", "otherNonOperatingIncome": "9000000", "depreciation": "None", "depreciationAndAmortization": "56500000", "incomeBeforeTax": "268200000", "incomeTaxExpense": "50200000", "interestAndDebtExpense": "None", "netIncomeFromContinuingOperations": "218000000", "comprehensiveIncomeNetOfTax": "None", "ebit": "242400000", "ebitda": "298900000", "netIncome": "218000000"}, {"fiscalDateEnding": "2009-12-31", "reportedCurrency": "USD", "grossProfit": "922300000", "totalRevenue": "1321400000", "costOfRevenue": "399100000", "costofGoodsAndServicesSold": "399100000", "operatingIncome": "238000000", "sellingGeneralAndAdministrative": "508800000", "researchAndDevelopment": "175500000", "operatingExpenses": "684300000", "investmentIncomeNet": "None", "netInterestIncome": "None", "interestIncome": "None", "interestExpense": "1100000", "nonInterestIncome": "None", "otherNonOperatingIncome": "None", "depreciation": "None", "depreciationAndAmortization": "58700000", "incomeBeforeTax": "304400000", "incomeTaxExpense": "75300000", "interestAndDebtExpense": "None", "netIncomeFromContinuingOperations": "None", "comprehensiveIncomeNetOfTax": "None", "ebit": "238000000", "ebitda": "296700000", "netIncome": "229100000"}, {"fiscalDateEnding": "2008-12-31", "reportedCurrency": "USD", "grossProfit": "818100000", "totalRevenue": "1237700000", "costOfRevenue": "419600000", "costofGoodsAndServicesSold": "419600000", "operatingIncome": "198300000", "sellingGeneralAndAdministrative": "480600000", "researchAndDevelopment": "139200000", "operatingExpenses": "643800000", "investmentIncomeNet": "None", "netInterestIncome": "None", "interestIncome": "None", "interestExpense": "7200000", "nonInterestIncome": "None", "otherNonOperatingIncome": "None", "depreciation": "None", "depreciationAndAmortization": "55600000", "incomeBeforeTax": "164400000", "incomeTaxExpense": "35500000", "interestAndDebtExpense": "None", "netIncomeFromContinuingOperations": "None", "comprehensiveIncomeNetOfTax": "None", "ebit": "118700000", "ebitda": "174300000", "netIncome": "128900000"}, {"fiscalDateEnding": "2007-12-31", "reportedCurrency": "USD", "grossProfit": "712900000", "totalRevenue": "1091100000", "costOfRevenue": "378200000", "costofGoodsAndServicesSold": "378200000", "operatingIncome": "172600000", "sellingGeneralAndAdministrative": "418000000", "researchAndDevelopment": "122300000", "operatingExpenses": "540300000", "investmentIncomeNet": "None", "netInterestIncome": "None", "interestIncome": "None", "interestExpense": "9100000", "nonInterestIncome": "None", "otherNonOperatingIncome": "None", "depreciation": "None", "depreciationAndAmortization": "54800000", "incomeBeforeTax": "149800000", "incomeTaxExpense": "36800000", "interestAndDebtExpense": "None", "netIncomeFromContinuingOperations": "None", "comprehensiveIncomeNetOfTax": "None", "ebit": "194000000", "ebitda": "248800000", "netIncome": "113000000"}, {"fiscalDateEnding": "2006-12-31", "reportedCurrency": "USD", "grossProfit": "663400000", "totalRevenue": "1037000000", "costOfRevenue": "373600000", "costofGoodsAndServicesSold": "373600000", "operatingIncome": "173200000", "sellingGeneralAndAdministrative": "376000000", "researchAndDevelopment": "114200000", "operatingExpenses": "490200000", "investmentIncomeNet": "None", "netInterestIncome": "None", "interestIncome": "None", "interestExpense": "10500000", "nonInterestIncome": "None", "otherNonOperatingIncome": "None", "depreciation": "None", "depreciationAndAmortization": "56800000", "incomeBeforeTax": "172300000", "incomeTaxExpense": "41800000", "interestAndDebtExpense": "None", "netIncomeFromContinuingOperations": "None", "comprehensiveIncomeNetOfTax": "None", "ebit": "171400000", "ebitda": "228200000", "netIncome": "130500000"}, {"fiscalDateEnding": "2005-12-31", "reportedCurrency": "USD", "grossProfit": "623300000", "totalRevenue": "997900000", "costOfRevenue": "374600000", "costofGoodsAndServicesSold": "374600000", "operatingIncome": "175600000", "sellingGeneralAndAdministrative": "348700000", "researchAndDevelopment": "99000000", "operatingExpenses": "447700000", "investmentIncomeNet": "None", "netInterestIncome": "None", "interestIncome": "None", "interestExpense": "9700000", "nonInterestIncome": "None", "otherNonOperatingIncome": "None", "depreciation": "None", "depreciationAndAmortization": "56200000", "incomeBeforeTax": "116700000", "incomeTaxExpense": "37400000", "interestAndDebtExpense": "None", "netIncomeFromContinuingOperations": "None", "comprehensiveIncomeNetOfTax": "None", "ebit": "224800000", "ebitda": "281000000", "netIncome": "79300000"}], "quarterlyReports": [{"fiscalDateEnding": "2024-12-31", "reportedCurrency": "USD", "grossProfit": "1093600000", "totalRevenue": "1385800000", "costOfRevenue": "292200000", "costofGoodsAndServicesSold": "292200000", "operatingIncome": "312600000", "sellingGeneralAndAdministrative": "491900000", "researchAndDevelopment": "271100000", "operatingExpenses": "781000000", "investmentIncomeNet": "None", "netInterestIncome": "44200000", "interestIncome": "64000000", "interestExpense": "None", "nonInterestIncome": "None", "otherNonOperatingIncome": "None", "depreciation": "None", "depreciationAndAmortization": "42600000", "incomeBeforeTax": "390100000", "incomeTaxExpense": "45100000", "interestAndDebtExpense": "None", "netIncomeFromContinuingOperations": "345000000", "comprehensiveIncomeNetOfTax": "None", "ebit": "441100000", "ebitda": "483700000", "netIncome": "385600000"}, {"fiscalDateEnding": "2024-09-30", "reportedCurrency": "USD", "grossProfit": "1091500000", "totalRevenue": "1354400000", "costOfRevenue": "262900000", "costofGoodsAndServicesSold": "262900000", "operatingIncome": "394300000", "sellingGeneralAndAdministrative": "421400000", "researchAndDevelopment": "253400000", "operatingExpenses": "698500000", "investmentIncomeNet": "None", "netInterestIncome": "24300000", "interestIncome": "24300000", "interestExpense": "None", "nonInterestIncome": "None", "otherNonOperatingIncome": "None", "depreciation": "None", "depreciationAndAmortization": "34500000", "incomeBeforeTax": "402800000", "incomeTaxExpense": "40700000", "interestAndDebtExpense": "None", "netIncomeFromContinuingOperations": "362100000", "comprehensiveIncomeNetOfTax": "None", "ebit": "402800000", "ebitda": "437300000", "netIncome": "3070800000"}, {"fiscalDateEnding": "2024-06-30", "reportedCurrency": "USD", "grossProfit": "1088100000", "totalRevenue": "1385900000", "costOfRevenue": "297800000", "costofGoodsAndServicesSold": "297800000", "operatingIncome": "364700000", "sellingGeneralAndAdministrative": "450800000", "researchAndDevelopment": "272600000", "operatingExpenses": "723400000", "investmentIncomeNet": "None", "netInterestIncome": "15500000", "interestIncome": "15500000", "interestExpense": "None", "nonInterestIncome": "None", "otherNonOperatingIncome": "None", "depreciation": "None", "depreciationAndAmortization": "39600000", "incomeBeforeTax": "386600000", "incomeTaxExpense": "20200000", "interestAndDebtExpense": "None", "netIncomeFromContinuingOperations": "366400000", "comprehensiveIncomeNetOfTax": "None", "ebit": "377200000", "ebitda": "416800000", "netIncome": "366300000"}, {"fiscalDateEnding": "2024-03-31", "reportedCurrency": "USD", "grossProfit": "1214000000", "totalRevenue": "1598200000", "costOfRevenue": "384200000", "costofGoodsAndServicesSold": "384200000", "operatingIncome": "437700000", "sellingGeneralAndAdministrative": "489700000", "researchAndDevelopment": "285200000", "operatingExpenses": "776300000", "investmentIncomeNet": "None", "netInterestIncome": "16500000", "interestIncome": "None", "interestExpense": "None", "nonInterestIncome": "None", "otherNonOperatingIncome": "None", "depreciation": "None", "depreciationAndAmortization": "38500000", "incomeBeforeTax": "409400000", "incomeTaxExpense": "58400000", "interestAndDebtExpense": "None", "netIncomeFromContinuingOperations": "351000000", "comprehensiveIncomeNetOfTax": "None", "ebit": "437700000", "ebitda": "476200000", "netIncome": "351900000"}, {"fiscalDateEnding": "2023-12-31", "reportedCurrency": "USD", "grossProfit": "1177200000", "totalRevenue": "1534100000", "costOfRevenue": "356900000", "costofGoodsAndServicesSold": "356900000", "operatingIncome": "400100000", "sellingGeneralAndAdministrative": "478800000", "researchAndDevelopment": "270000000", "operatingExpenses": "748800000", "investmentIncomeNet": "None", "netInterestIncome": "16800000", "interestIncome": "None", "interestExpense": "27800000", "nonInterestIncome": "None", "otherNonOperatingIncome": "None", "depreciation": "None", "depreciationAndAmortization": "36800000", "incomeBeforeTax": "421700000", "incomeTaxExpense": "52000000", "interestAndDebtExpense": "None", "netIncomeFromContinuingOperations": "369700000", "comprehensiveIncomeNetOfTax": "None", "ebit": "421700000", "ebitda": "458500000", "netIncome": "369900000"}, {"fiscalDateEnding": "2023-09-30", "reportedCurrency": "USD", "grossProfit": "1130500000", "totalRevenue": "1480900000", "costOfRevenue": "350400000", "costofGoodsAndServicesSold": "350400000", "operatingIncome": "418400000", "sellingGeneralAndAdministrative": "439600000", "researchAndDevelopment": "270300000", "operatingExpenses": "709900000", "investmentIncomeNet": "None", "netInterestIncome": "15100000", "interestIncome": "15100000", "interestExpense": "None", "nonInterestIncome": "None", "otherNonOperatingIncome": "None", "depreciation": "None", "depreciationAndAmortization": "36900000", "incomeBeforeTax": "439300000", "incomeTaxExpense": "55600000", "interestAndDebtExpense": "None", "netIncomeFromContinuingOperations": "383700000", "comprehensiveIncomeNetOfTax": "None", "ebit": "385900000", "ebitda": "422800000", "netIncome": "384900000"}, {"fiscalDateEnding": "2023-06-30", "reportedCurrency": "USD", "grossProfit": "1187200000", "totalRevenue": "1530200000", "costOfRevenue": "343000000", "costofGoodsAndServicesSold": "343000000", "operatingIncome": "327200000", "sellingGeneralAndAdministrative": "468700000", "researchAndDevelopment": "270300000", "operatingExpenses": "739000000", "investmentIncomeNet": "None", "netInterestIncome": "9100000", "interestIncome": "9100000", "interestExpense": "9100000", "nonInterestIncome": "None", "otherNonOperatingIncome": "2200000", "depreciation": "None", "depreciationAndAmortization": "122085", "incomeBeforeTax": "338500000", "incomeTaxExpense": "33000000", "interestAndDebtExpense": "None", "netIncomeFromContinuingOperations": "305500000", "comprehensiveIncomeNetOfTax": "None", "ebit": "569077915", "ebitda": "569200000", "netIncome": "307100000"}, {"fiscalDateEnding": "2023-03-31", "reportedCurrency": "USD", "grossProfit": "1130100000", "totalRevenue": "1459600000", "costOfRevenue": "329500000", "costofGoodsAndServicesSold": "329500000", "operatingIncome": "388400000", "sellingGeneralAndAdministrative": "437000000", "researchAndDevelopment": "261200000", "operatingExpenses": "697500000", "investmentIncomeNet": "None", "netInterestIncome": "8600000", "interestIncome": "8600000", "interestExpense": "10200000", "nonInterestIncome": "None", "otherNonOperatingIncome": "1600000", "depreciation": "None", "depreciationAndAmortization": "41584", "incomeBeforeTax": "398600000", "incomeTaxExpense": "58100000", "interestAndDebtExpense": "None", "netIncomeFromContinuingOperations": "340500000", "comprehensiveIncomeNetOfTax": "None", "ebit": "476758416", "ebitda": "476800000", "netIncome": "340500000"}, {"fiscalDateEnding": "2022-12-31", "reportedCurrency": "USD", "grossProfit": "1090400000", "totalRevenue": "1348300000", "costOfRevenue": "257900000", "costofGoodsAndServicesSold": "257900000", "operatingIncome": "447800000", "sellingGeneralAndAdministrative": "411000000", "researchAndDevelopment": "232200000", "operatingExpenses": "643200000", "investmentIncomeNet": "None", "netInterestIncome": "7900000", "interestIncome": "7900000", "interestExpense": "7900000", "nonInterestIncome": "None", "otherNonOperatingIncome": "39100000", "depreciation": "None", "depreciationAndAmortization": "54880", "incomeBeforeTax": "459300000", "incomeTaxExpense": "60900000", "interestAndDebtExpense": "None", "netIncomeFromContinuingOperations": "398400000", "comprehensiveIncomeNetOfTax": "None", "ebit": "446545120", "ebitda": "446600000", "netIncome": "398400000"}, {"fiscalDateEnding": "2022-09-30", "reportedCurrency": "USD", "grossProfit": "1065200000", "totalRevenue": "1319000000", "costOfRevenue": "253800000", "costofGoodsAndServicesSold": "253800000", "operatingIncome": "402400000", "sellingGeneralAndAdministrative": "377300000", "researchAndDevelopment": "233600000", "operatingExpenses": "610900000", "investmentIncomeNet": "None", "netInterestIncome": "6900000", "interestIncome": "6900000", "interestExpense": "6900000", "nonInterestIncome": "None", "otherNonOperatingIncome": "-2000000", "depreciation": "None", "depreciationAndAmortization": "27081", "incomeBeforeTax": "407300000", "incomeTaxExpense": "63800000", "interestAndDebtExpense": "None", "netIncomeFromContinuingOperations": "343500000", "comprehensiveIncomeNetOfTax": "None", "ebit": "506172919", "ebitda": "506200000", "netIncome": "343500000"}, {"fiscalDateEnding": "2022-06-30", "reportedCurrency": "USD", "grossProfit": "1104500000", "totalRevenue": "1373900000", "costOfRevenue": "269400000", "costofGoodsAndServicesSold": "269400000", "operatingIncome": "459500000", "sellingGeneralAndAdministrative": "388100000", "researchAndDevelopment": "250800000", "operatingExpenses": "659800000", "investmentIncomeNet": "None", "netInterestIncome": "900000", "interestIncome": "3700000", "interestExpense": "900000", "nonInterestIncome": "None", "otherNonOperatingIncome": "4300000", "depreciation": "None", "depreciationAndAmortization": "86065", "incomeBeforeTax": "464700000", "incomeTaxExpense": "58300000", "interestAndDebtExpense": "None", "netIncomeFromContinuingOperations": "406400000", "comprehensiveIncomeNetOfTax": "None", "ebit": "429813935", "ebitda": "429900000", "netIncome": "406400000"}, {"fiscalDateEnding": "2022-03-31", "reportedCurrency": "USD", "grossProfit": "1041900000", "totalRevenue": "1341200000", "costOfRevenue": "299300000", "costofGoodsAndServicesSold": "299300000", "operatingIncome": "438800000", "sellingGeneralAndAdministrative": "370300000", "researchAndDevelopment": "228600000", "operatingExpenses": "598900000", "investmentIncomeNet": "None", "netInterestIncome": "600000", "interestIncome": "600000", "interestExpense": "600000", "nonInterestIncome": "None", "otherNonOperatingIncome": "-3300000", "depreciation": "None", "depreciationAndAmortization": "60459", "incomeBeforeTax": "436100000", "incomeTaxExpense": "62500000", "interestAndDebtExpense": "None", "netIncomeFromContinuingOperations": "373600000", "comprehensiveIncomeNetOfTax": "None", "ebit": "447139541", "ebitda": "447200000", "netIncome": "373600000"}, {"fiscalDateEnding": "2021-12-31", "reportedCurrency": "USD", "grossProfit": "1020200000", "totalRevenue": "1329700000", "costOfRevenue": "309500000", "costofGoodsAndServicesSold": "309500000", "operatingIncome": "374400000", "sellingGeneralAndAdministrative": "424000000", "researchAndDevelopment": "232800000", "operatingExpenses": "656800000", "investmentIncomeNet": "None", "netInterestIncome": "500000", "interestIncome": "500000", "interestExpense": "500000", "nonInterestIncome": "None", "otherNonOperatingIncome": "18800000", "depreciation": "None", "depreciationAndAmortization": "71391", "incomeBeforeTax": "376300000", "incomeTaxExpense": "41000000", "interestAndDebtExpense": "None", "netIncomeFromContinuingOperations": "335300000", "comprehensiveIncomeNetOfTax": "None", "ebit": "352328609", "ebitda": "352400000", "netIncome": "335300000"}, {"fiscalDateEnding": "2021-09-30", "reportedCurrency": "USD", "grossProfit": "998500000", "totalRevenue": "1310200000", "costOfRevenue": "311700000", "costofGoodsAndServicesSold": "311700000", "operatingIncome": "390300000", "sellingGeneralAndAdministrative": "364400000", "researchAndDevelopment": "238000000", "operatingExpenses": "602400000", "investmentIncomeNet": "None", "netInterestIncome": "-800000", "interestIncome": "800000", "interestExpense": "800000", "nonInterestIncome": "None", "otherNonOperatingIncome": "1400000", "depreciation": "None", "depreciationAndAmortization": "54000", "incomeBeforeTax": "390900000", "incomeTaxExpense": "50800000", "interestAndDebtExpense": "None", "netIncomeFromContinuingOperations": "340100000", "comprehensiveIncomeNetOfTax": "None", "ebit": "401846000", "ebitda": "401900000", "netIncome": "340100000"}, {"fiscalDateEnding": "2021-06-30", "reportedCurrency": "USD", "grossProfit": "1041700000", "totalRevenue": "1376000000", "costOfRevenue": "334300000", "costofGoodsAndServicesSold": "334300000", "operatingIncome": "542100000", "sellingGeneralAndAdministrative": "374500000", "researchAndDevelopment": "225300000", "operatingExpenses": "599800000", "investmentIncomeNet": "None", "netInterestIncome": "-1000000", "interestIncome": "3100000", "interestExpense": "1000000", "nonInterestIncome": "None", "otherNonOperatingIncome": "4400000", "depreciation": "None", "depreciationAndAmortization": "55806", "incomeBeforeTax": "545500000", "incomeTaxExpense": "56000000", "interestAndDebtExpense": "None", "netIncomeFromContinuingOperations": "489500000", "comprehensiveIncomeNetOfTax": "None", "ebit": "341644194", "ebitda": "341700000", "netIncome": "489500000"}, {"fiscalDateEnding": "2021-03-31", "reportedCurrency": "USD", "grossProfit": "923200000", "totalRevenue": "1216600000", "costOfRevenue": "293400000", "costofGoodsAndServicesSold": "293400000", "operatingIncome": "383500000", "sellingGeneralAndAdministrative": "326300000", "researchAndDevelopment": "207000000", "operatingExpenses": "537800000", "investmentIncomeNet": "None", "netInterestIncome": "300000", "interestIncome": "300000", "interestExpense": "300000", "nonInterestIncome": "None", "otherNonOperatingIncome": "5500000", "depreciation": "None", "depreciationAndAmortization": "55213", "incomeBeforeTax": "389300000", "incomeTaxExpense": "51100000", "interestAndDebtExpense": "None", "netIncomeFromContinuingOperations": "338200000", "comprehensiveIncomeNetOfTax": "None", "ebit": "387244787", "ebitda": "387300000", "netIncome": "338200000"}, {"fiscalDateEnding": "2020-12-31", "reportedCurrency": "USD", "grossProfit": "895400000", "totalRevenue": "1191700000", "costOfRevenue": "296300000", "costofGoodsAndServicesSold": "296300000", "operatingIncome": "351400000", "sellingGeneralAndAdministrative": "307800000", "researchAndDevelopment": "195700000", "operatingExpenses": "534200000", "investmentIncomeNet": "None", "netInterestIncome": "500000", "interestIncome": "500000", "interestExpense": "15800000", "nonInterestIncome": "None", "otherNonOperatingIncome": "27600000", "depreciation": "None", "depreciationAndAmortization": "55131", "incomeBeforeTax": "356100000", "incomeTaxExpense": "46600000", "interestAndDebtExpense": "None", "netIncomeFromContinuingOperations": "309500000", "comprehensiveIncomeNetOfTax": "None", "ebit": "370944869", "ebitda": "371000000", "netIncome": "309500000"}, {"fiscalDateEnding": "2020-09-30", "reportedCurrency": "USD", "grossProfit": "859900000", "totalRevenue": "1140900000", "costOfRevenue": "281000000", "costofGoodsAndServicesSold": "281000000", "operatingIncome": "357800000", "sellingGeneralAndAdministrative": "307200000", "researchAndDevelopment": "195500000", "operatingExpenses": "502700000", "investmentIncomeNet": "None", "netInterestIncome": "800000", "interestIncome": "6100000", "interestExpense": "800000", "nonInterestIncome": "None", "otherNonOperatingIncome": "5700000", "depreciation": "None", "depreciationAndAmortization": "52750", "incomeBeforeTax": "364300000", "incomeTaxExpense": "39100000", "interestAndDebtExpense": "None", "netIncomeFromContinuingOperations": "325200000", "comprehensiveIncomeNetOfTax": "None", "ebit": "356547250", "ebitda": "356600000", "netIncome": "325200000"}, {"fiscalDateEnding": "2020-06-30", "reportedCurrency": "USD", "grossProfit": "686800000", "totalRevenue": "925000000", "costOfRevenue": "238200000", "costofGoodsAndServicesSold": "238200000", "operatingIncome": "-169700000", "sellingGeneralAndAdministrative": "274900000", "researchAndDevelopment": "182100000", "operatingExpenses": "457000000", "investmentIncomeNet": "None", "netInterestIncome": "1800000", "interestIncome": "1800000", "interestExpense": "1800000", "nonInterestIncome": "None", "otherNonOperatingIncome": "-300000", "depreciation": "None", "depreciationAndAmortization": "51116", "incomeBeforeTax": "-168200000", "incomeTaxExpense": "-46300000", "interestAndDebtExpense": "None", "netIncomeFromContinuingOperations": "-121900000", "comprehensiveIncomeNetOfTax": "None", "ebit": "629248884", "ebitda": "629300000", "netIncome": "-121900000"}, {"fiscalDateEnding": "2020-03-31", "reportedCurrency": "USD", "grossProfit": "863600000", "totalRevenue": "1128700000", "costOfRevenue": "265100000", "costofGoodsAndServicesSold": "265100000", "operatingIncome": "358100000", "sellingGeneralAndAdministrative": "307800000", "researchAndDevelopment": "187400000", "operatingExpenses": "495200000", "investmentIncomeNet": "None", "netInterestIncome": "4500000", "interestIncome": "4500000", "interestExpense": "4500000", "nonInterestIncome": "None", "otherNonOperatingIncome": "1900000", "depreciation": "None", "depreciationAndAmortization": "47300", "incomeBeforeTax": "364500000", "incomeTaxExpense": "53900000", "interestAndDebtExpense": "None", "netIncomeFromContinuingOperations": "310600000", "comprehensiveIncomeNetOfTax": "None", "ebit": "378652700", "ebitda": "378700000", "netIncome": "310600000"}, {"fiscalDateEnding": "2019-12-31", "reportedCurrency": "USD", "grossProfit": "887900000", "totalRevenue": "1174100000", "costOfRevenue": "286200000", "costofGoodsAndServicesSold": "286200000", "operatingIncome": "310800000", "sellingGeneralAndAdministrative": "347200000", "researchAndDevelopment": "193900000", "operatingExpenses": "541100000", "investmentIncomeNet": "None", "netInterestIncome": "4300000", "interestIncome": "4300000", "interestExpense": "27900000", "nonInterestIncome": "None", "otherNonOperatingIncome": "32600000", "depreciation": "None", "depreciationAndAmortization": "46467", "incomeBeforeTax": "315500000", "incomeTaxExpense": "35300000", "interestAndDebtExpense": "None", "netIncomeFromContinuingOperations": "280200000", "comprehensiveIncomeNetOfTax": "None", "ebit": "382753533", "ebitda": "382800000", "netIncome": "280200000"}, {"fiscalDateEnding": "2019-09-30", "reportedCurrency": "USD", "grossProfit": "801600000", "totalRevenue": "1094000000", "costOfRevenue": "292400000", "costofGoodsAndServicesSold": "292400000", "operatingIncome": "294300000", "sellingGeneralAndAdministrative": "306200000", "researchAndDevelopment": "195500000", "operatingExpenses": "501700000", "investmentIncomeNet": "None", "netInterestIncome": "2800000", "interestIncome": "10700000", "interestExpense": "2800000", "nonInterestIncome": "None", "otherNonOperatingIncome": "4600000", "depreciation": "None", "depreciationAndAmortization": "44646", "incomeBeforeTax": "301700000", "incomeTaxExpense": "27000000", "interestAndDebtExpense": "None", "netIncomeFromContinuingOperations": "274700000", "comprehensiveIncomeNetOfTax": "None", "ebit": "305455354", "ebitda": "305500000", "netIncome": "274700000"}, {"fiscalDateEnding": "2019-06-30", "reportedCurrency": "USD", "grossProfit": "782900000", "totalRevenue": "1086900000", "costOfRevenue": "304000000", "costofGoodsAndServicesSold": "304000000", "operatingIncome": "267500000", "sellingGeneralAndAdministrative": "308500000", "researchAndDevelopment": "191900000", "operatingExpenses": "500400000", "investmentIncomeNet": "None", "netInterestIncome": "2400000", "interestIncome": "2400000", "interestExpense": "2400000", "nonInterestIncome": "None", "otherNonOperatingIncome": "1400000", "depreciation": "None", "depreciationAndAmortization": "40963", "incomeBeforeTax": "271300000", "incomeTaxExpense": "29000000", "interestAndDebtExpense": "None", "netIncomeFromContinuingOperations": "242300000", "comprehensiveIncomeNetOfTax": "None", "ebit": "297459037", "ebitda": "297500000", "netIncome": "242300000"}, {"fiscalDateEnding": "2019-03-31", "reportedCurrency": "USD", "grossProfit": "761200000", "totalRevenue": "993000000", "costOfRevenue": "231800000", "costofGoodsAndServicesSold": "231800000", "operatingIncome": "274200000", "sellingGeneralAndAdministrative": "280300000", "researchAndDevelopment": "171400000", "operatingExpenses": "451700000", "investmentIncomeNet": "None", "netInterestIncome": "2000000", "interestIncome": "2000000", "interestExpense": "2000000", "nonInterestIncome": "None", "otherNonOperatingIncome": "1800000", "depreciation": "None", "depreciationAndAmortization": "40374", "incomeBeforeTax": "278000000", "incomeTaxExpense": "28300000", "interestAndDebtExpense": "None", "netIncomeFromContinuingOperations": "249700000", "comprehensiveIncomeNetOfTax": "None", "ebit": "344759626", "ebitda": "344800000", "netIncome": "249700000"}, {"fiscalDateEnding": "2018-12-31", "reportedCurrency": "USD", "grossProfit": "743000000", "totalRevenue": "977700000", "costOfRevenue": "234700000", "costofGoodsAndServicesSold": "234700000", "operatingIncome": "-5300000", "sellingGeneralAndAdministrative": "288100000", "researchAndDevelopment": "163100000", "operatingExpenses": "451200000", "investmentIncomeNet": "None", "netInterestIncome": "None", "interestIncome": "None", "interestExpense": "1800000", "nonInterestIncome": "None", "otherNonOperatingIncome": "33700000", "depreciation": "None", "depreciationAndAmortization": "19900000", "incomeBeforeTax": "-1800000", "incomeTaxExpense": "-8800000", "interestAndDebtExpense": "None", "netIncomeFromContinuingOperations": "7000000", "comprehensiveIncomeNetOfTax": "None", "ebit": "569000000", "ebitda": "588900000", "netIncome": "7000000"}, {"fiscalDateEnding": "2018-09-30", "reportedCurrency": "USD", "grossProfit": "681700000", "totalRevenue": "906600000", "costOfRevenue": "224900000", "costofGoodsAndServicesSold": "224900000", "operatingIncome": "248900000", "sellingGeneralAndAdministrative": "269500000", "researchAndDevelopment": "161800000", "operatingExpenses": "431300000", "investmentIncomeNet": "None", "netInterestIncome": "None", "interestIncome": "None", "interestExpense": "500000", "nonInterestIncome": "None", "otherNonOperatingIncome": "300000", "depreciation": "None", "depreciationAndAmortization": "19200000", "incomeBeforeTax": "248700000", "incomeTaxExpense": "22800000", "interestAndDebtExpense": "None", "netIncomeFromContinuingOperations": "225900000", "comprehensiveIncomeNetOfTax": "None", "ebit": "232700000", "ebitda": "251900000", "netIncome": "225900000"}, {"fiscalDateEnding": "2018-06-30", "reportedCurrency": "USD", "grossProfit": "697500000", "totalRevenue": "943700000", "costOfRevenue": "246200000", "costofGoodsAndServicesSold": "246200000", "operatingIncome": "252100000", "sellingGeneralAndAdministrative": "274900000", "researchAndDevelopment": "154100000", "operatingExpenses": "429000000", "investmentIncomeNet": "None", "netInterestIncome": "None", "interestIncome": "None", "interestExpense": "200000", "nonInterestIncome": "None", "otherNonOperatingIncome": "-1100000", "depreciation": "None", "depreciationAndAmortization": "19200000", "incomeBeforeTax": "251000000", "incomeTaxExpense": "-31700000", "interestAndDebtExpense": "None", "netIncomeFromContinuingOperations": "282700000", "comprehensiveIncomeNetOfTax": "None", "ebit": "265700000", "ebitda": "284900000", "netIncome": "282700000"}, {"fiscalDateEnding": "2018-03-31", "reportedCurrency": "USD", "grossProfit": "661200000", "totalRevenue": "894800000", "costOfRevenue": "233600000", "costofGoodsAndServicesSold": "233600000", "operatingIncome": "252500000", "sellingGeneralAndAdministrative": "256000000", "researchAndDevelopment": "143200000", "operatingExpenses": "399200000", "investmentIncomeNet": "None", "netInterestIncome": "None", "interestIncome": "None", "interestExpense": "800000", "nonInterestIncome": "None", "otherNonOperatingIncome": "3100000", "depreciation": "None", "depreciationAndAmortization": "19100000", "incomeBeforeTax": "263500000", "incomeTaxExpense": "56900000", "interestAndDebtExpense": "None", "netIncomeFromContinuingOperations": "206600000", "comprehensiveIncomeNetOfTax": "None", "ebit": "245300000", "ebitda": "264400000", "netIncome": "206600000"}, {"fiscalDateEnding": "2017-12-31", "reportedCurrency": "USD", "grossProfit": "653200000", "totalRevenue": "888500000", "costOfRevenue": "235300000", "costofGoodsAndServicesSold": "235300000", "operatingIncome": "239900000", "sellingGeneralAndAdministrative": "266700000", "researchAndDevelopment": "146600000", "operatingExpenses": "413300000", "investmentIncomeNet": "None", "netInterestIncome": "None", "interestIncome": "None", "interestExpense": "1000000", "nonInterestIncome": "None", "otherNonOperatingIncome": "19500000", "depreciation": "None", "depreciationAndAmortization": "21200000", "incomeBeforeTax": "323900000", "incomeTaxExpense": "288200000", "interestAndDebtExpense": "None", "netIncomeFromContinuingOperations": "-2800000", "comprehensiveIncomeNetOfTax": "None", "ebit": "134900000", "ebitda": "156100000", "netIncome": "35700000"}, {"fiscalDateEnding": "2017-09-30", "reportedCurrency": "USD", "grossProfit": "608200000", "totalRevenue": "821500000", "costOfRevenue": "213300000", "costofGoodsAndServicesSold": "213300000", "operatingIncome": "220700000", "sellingGeneralAndAdministrative": "244600000", "researchAndDevelopment": "142900000", "operatingExpenses": "387500000", "investmentIncomeNet": "None", "netInterestIncome": "None", "interestIncome": "None", "interestExpense": "100000", "nonInterestIncome": "None", "otherNonOperatingIncome": "-1600000", "depreciation": "None", "depreciationAndAmortization": "20700000", "incomeBeforeTax": "211800000", "incomeTaxExpense": "41700000", "interestAndDebtExpense": "None", "netIncomeFromContinuingOperations": "170100000", "comprehensiveIncomeNetOfTax": "None", "ebit": "207200000", "ebitda": "227900000", "netIncome": "170100000"}, {"fiscalDateEnding": "2017-06-30", "reportedCurrency": "USD", "grossProfit": "630700000", "totalRevenue": "841800000", "costOfRevenue": "211100000", "costofGoodsAndServicesSold": "211100000", "operatingIncome": "252500000", "sellingGeneralAndAdministrative": "243800000", "researchAndDevelopment": "134400000", "operatingExpenses": "378200000", "investmentIncomeNet": "None", "netInterestIncome": "None", "interestIncome": "None", "interestExpense": "1400000", "nonInterestIncome": "None", "otherNonOperatingIncome": "-3500000", "depreciation": "None", "depreciationAndAmortization": "18900000", "incomeBeforeTax": "205600000", "incomeTaxExpense": "19500000", "interestAndDebtExpense": "None", "netIncomeFromContinuingOperations": "186100000", "comprehensiveIncomeNetOfTax": "None", "ebit": "275600000", "ebitda": "294500000", "netIncome": "186100000"}, {"fiscalDateEnding": "2017-03-31", "reportedCurrency": "USD", "grossProfit": "667900000", "totalRevenue": "883500000", "costOfRevenue": "215600000", "costofGoodsAndServicesSold": "215600000", "operatingIncome": "309600000", "sellingGeneralAndAdministrative": "229600000", "researchAndDevelopment": "128700000", "operatingExpenses": "358300000", "investmentIncomeNet": "None", "netInterestIncome": "None", "interestIncome": "None", "interestExpense": "2400000", "nonInterestIncome": "None", "otherNonOperatingIncome": "-2300000", "depreciation": "None", "depreciationAndAmortization": "21100000", "incomeBeforeTax": "293600000", "incomeTaxExpense": "63400000", "interestAndDebtExpense": "None", "netIncomeFromContinuingOperations": "230200000", "comprehensiveIncomeNetOfTax": "None", "ebit": "299800000", "ebitda": "320900000", "netIncome": "230200000"}, {"fiscalDateEnding": "2016-12-31", "reportedCurrency": "USD", "grossProfit": "554500000", "totalRevenue": "767700000", "costOfRevenue": "213200000", "costofGoodsAndServicesSold": "213200000", "operatingIncome": "206000000", "sellingGeneralAndAdministrative": "233600000", "researchAndDevelopment": "114900000", "operatingExpenses": "348500000", "investmentIncomeNet": "None", "netInterestIncome": "None", "interestIncome": "None", "interestExpense": "1500000", "nonInterestIncome": "None", "otherNonOperatingIncome": "11500000", "depreciation": "None", "depreciationAndAmortization": "19100000", "incomeBeforeTax": "200400000", "incomeTaxExpense": "41900000", "interestAndDebtExpense": "None", "netIncomeFromContinuingOperations": "158500000", "comprehensiveIncomeNetOfTax": "None", "ebit": "191700000", "ebitda": "210800000", "netIncome": "158500000"}, {"fiscalDateEnding": "2016-09-30", "reportedCurrency": "USD", "grossProfit": "538000000", "totalRevenue": "739400000", "costOfRevenue": "201400000", "costofGoodsAndServicesSold": "201400000", "operatingIncome": "195300000", "sellingGeneralAndAdministrative": "229600000", "researchAndDevelopment": "113100000", "operatingExpenses": "342700000", "investmentIncomeNet": "None", "netInterestIncome": "None", "interestIncome": "None", "interestExpense": "2100000", "nonInterestIncome": "None", "otherNonOperatingIncome": "-1500000", "depreciation": "None", "depreciationAndAmortization": "18200000", "incomeBeforeTax": "185200000", "incomeTaxExpense": "43800000", "interestAndDebtExpense": "None", "netIncomeFromContinuingOperations": "141400000", "comprehensiveIncomeNetOfTax": "None", "ebit": "183600000", "ebitda": "201800000", "netIncome": "141400000"}, {"fiscalDateEnding": "2016-06-30", "reportedCurrency": "USD", "grossProfit": "556800000", "totalRevenue": "759300000", "costOfRevenue": "202500000", "costofGoodsAndServicesSold": "202500000", "operatingIncome": "180600000", "sellingGeneralAndAdministrative": "228800000", "researchAndDevelopment": "112900000", "operatingExpenses": "341700000", "investmentIncomeNet": "None", "netInterestIncome": "None", "interestIncome": "None", "interestExpense": "2400000", "nonInterestIncome": "None", "otherNonOperatingIncome": "-100000", "depreciation": "None", "depreciationAndAmortization": "18000000", "incomeBeforeTax": "169000000", "incomeTaxExpense": "42400000", "interestAndDebtExpense": "None", "netIncomeFromContinuingOperations": "126600000", "comprehensiveIncomeNetOfTax": "None", "ebit": "240700000", "ebitda": "258700000", "netIncome": "126600000"}, {"fiscalDateEnding": "2016-03-31", "reportedCurrency": "USD", "grossProfit": "517000000", "totalRevenue": "697300000", "costOfRevenue": "180300000", "costofGoodsAndServicesSold": "180300000", "operatingIncome": "201900000", "sellingGeneralAndAdministrative": "212700000", "researchAndDevelopment": "102400000", "operatingExpenses": "315100000", "investmentIncomeNet": "None", "netInterestIncome": "None", "interestIncome": "None", "interestExpense": "2400000", "nonInterestIncome": "None", "otherNonOperatingIncome": "-4000000", "depreciation": "None", "depreciationAndAmortization": "15900000", "incomeBeforeTax": "183300000", "incomeTaxExpense": "40300000", "interestAndDebtExpense": "None", "netIncomeFromContinuingOperations": "143000000", "comprehensiveIncomeNetOfTax": "None", "ebit": "198200000", "ebitda": "214100000", "netIncome": "143000000"}, {"fiscalDateEnding": "2015-12-31", "reportedCurrency": "USD", "grossProfit": "495200000", "totalRevenue": "671100000", "costOfRevenue": "175900000", "costofGoodsAndServicesSold": "175900000", "operatingIncome": "174700000", "sellingGeneralAndAdministrative": "222300000", "researchAndDevelopment": "98200000", "operatingExpenses": "320500000", "investmentIncomeNet": "None", "netInterestIncome": "None", "interestIncome": "None", "interestExpense": "2600000", "nonInterestIncome": "None", "otherNonOperatingIncome": "6100000", "depreciation": "None", "depreciationAndAmortization": "14500000", "incomeBeforeTax": "167000000", "incomeTaxExpense": "26300000", "interestAndDebtExpense": "None", "netIncomeFromContinuingOperations": "140700000", "comprehensiveIncomeNetOfTax": "None", "ebit": "163500000", "ebitda": "178000000", "netIncome": "140700000"}, {"fiscalDateEnding": "2015-09-30", "reportedCurrency": "USD", "grossProfit": "468800000", "totalRevenue": "615500000", "costOfRevenue": "146700000", "costofGoodsAndServicesSold": "146700000", "operatingIncome": "155800000", "sellingGeneralAndAdministrative": "212000000", "researchAndDevelopment": "101000000", "operatingExpenses": "313000000", "investmentIncomeNet": "None", "netInterestIncome": "None", "interestIncome": "None", "interestExpense": "2500000", "nonInterestIncome": "None", "otherNonOperatingIncome": "-200000", "depreciation": "None", "depreciationAndAmortization": "18500000", "incomeBeforeTax": "150700000", "incomeTaxExpense": "32600000", "interestAndDebtExpense": "None", "netIncomeFromContinuingOperations": "118100000", "comprehensiveIncomeNetOfTax": "None", "ebit": "139700000", "ebitda": "158200000", "netIncome": "118100000"}, {"fiscalDateEnding": "2015-06-30", "reportedCurrency": "USD", "grossProfit": "458200000", "totalRevenue": "616800000", "costOfRevenue": "158600000", "costofGoodsAndServicesSold": "158600000", "operatingIncome": "146800000", "sellingGeneralAndAdministrative": "213900000", "researchAndDevelopment": "97500000", "operatingExpenses": "311400000", "investmentIncomeNet": "None", "netInterestIncome": "None", "interestIncome": "None", "interestExpense": "1800000", "nonInterestIncome": "None", "otherNonOperatingIncome": "-1800000", "depreciation": "None", "depreciationAndAmortization": "16800000", "incomeBeforeTax": "142200000", "incomeTaxExpense": "29500000", "interestAndDebtExpense": "None", "netIncomeFromContinuingOperations": "112700000", "comprehensiveIncomeNetOfTax": "None", "ebit": "131000000", "ebitda": "147800000", "netIncome": "112700000"}, {"fiscalDateEnding": "2015-03-31", "reportedCurrency": "USD", "grossProfit": "454300000", "totalRevenue": "590300000", "costOfRevenue": "136000000", "costofGoodsAndServicesSold": "136000000", "operatingIncome": "165400000", "sellingGeneralAndAdministrative": "202500000", "researchAndDevelopment": "86400000", "operatingExpenses": "288900000", "investmentIncomeNet": "None", "netInterestIncome": "None", "interestIncome": "None", "interestExpense": "2400000", "nonInterestIncome": "None", "otherNonOperatingIncome": "-200000", "depreciation": "None", "depreciationAndAmortization": "16000000", "incomeBeforeTax": "162500000", "incomeTaxExpense": "39100000", "interestAndDebtExpense": "None", "netIncomeFromContinuingOperations": "123400000", "comprehensiveIncomeNetOfTax": "None", "ebit": "149700000", "ebitda": "165700000", "netIncome": "123400000"}, {"fiscalDateEnding": "2014-12-31", "reportedCurrency": "USD", "grossProfit": "457600000", "totalRevenue": "618000000", "costOfRevenue": "160400000", "costofGoodsAndServicesSold": "160400000", "operatingIncome": "140300000", "sellingGeneralAndAdministrative": "223100000", "researchAndDevelopment": "84000000", "operatingExpenses": "307100000", "investmentIncomeNet": "None", "netInterestIncome": "None", "interestIncome": "None", "interestExpense": "1700000", "nonInterestIncome": "None", "otherNonOperatingIncome": "1300000", "depreciation": "None", "depreciationAndAmortization": "18300000", "incomeBeforeTax": "132900000", "incomeTaxExpense": "23700000", "interestAndDebtExpense": "None", "netIncomeFromContinuingOperations": "109200000", "comprehensiveIncomeNetOfTax": "None", "ebit": "143000000", "ebitda": "161300000", "netIncome": "109200000"}, {"fiscalDateEnding": "2014-09-30", "reportedCurrency": "USD", "grossProfit": "439300000", "totalRevenue": "607400000", "costOfRevenue": "168100000", "costofGoodsAndServicesSold": "168100000", "operatingIncome": "129500000", "sellingGeneralAndAdministrative": "222200000", "researchAndDevelopment": "87600000", "operatingExpenses": "309800000", "investmentIncomeNet": "None", "netInterestIncome": "None", "interestIncome": "None", "interestExpense": "2500000", "nonInterestIncome": "None", "otherNonOperatingIncome": "-2500000", "depreciation": "None", "depreciationAndAmortization": "18000000", "incomeBeforeTax": "120600000", "incomeTaxExpense": "26000000", "interestAndDebtExpense": "None", "netIncomeFromContinuingOperations": "94600000", "comprehensiveIncomeNetOfTax": "None", "ebit": "115400000", "ebitda": "133400000", "netIncome": "94600000"}, {"fiscalDateEnding": "2014-06-30", "reportedCurrency": "USD", "grossProfit": "423900000", "totalRevenue": "575100000", "costOfRevenue": "151200000", "costofGoodsAndServicesSold": "151200000", "operatingIncome": "119300000", "sellingGeneralAndAdministrative": "215500000", "researchAndDevelopment": "89100000", "operatingExpenses": "304600000", "investmentIncomeNet": "None", "netInterestIncome": "None", "interestIncome": "None", "interestExpense": "3100000", "nonInterestIncome": "None", "otherNonOperatingIncome": "-400000", "depreciation": "None", "depreciationAndAmortization": "16100000", "incomeBeforeTax": "813200000", "incomeTaxExpense": "266200000", "interestAndDebtExpense": "None", "netIncomeFromContinuingOperations": "547000000", "comprehensiveIncomeNetOfTax": "None", "ebit": "-594200000", "ebitda": "-578100000", "netIncome": "547000000"}, {"fiscalDateEnding": "2014-03-31", "reportedCurrency": "USD", "grossProfit": "376500000", "totalRevenue": "522400000", "costOfRevenue": "145900000", "costofGoodsAndServicesSold": "145900000", "operatingIncome": "93500000", "sellingGeneralAndAdministrative": "197200000", "researchAndDevelopment": "85800000", "operatingExpenses": "283000000", "investmentIncomeNet": "None", "netInterestIncome": "None", "interestIncome": "None", "interestExpense": "3500000", "nonInterestIncome": "None", "otherNonOperatingIncome": "300000", "depreciation": "None", "depreciationAndAmortization": "16200000", "incomeBeforeTax": "77300000", "incomeTaxExpense": "17000000", "interestAndDebtExpense": "None", "netIncomeFromContinuingOperations": "60300000", "comprehensiveIncomeNetOfTax": "None", "ebit": "90300000", "ebitda": "106500000", "netIncome": "60300000"}, {"fiscalDateEnding": "2013-12-31", "reportedCurrency": "USD", "grossProfit": "390500000", "totalRevenue": "536000000", "costOfRevenue": "145500000", "costofGoodsAndServicesSold": "145500000", "operatingIncome": "121400000", "sellingGeneralAndAdministrative": "190500000", "researchAndDevelopment": "78600000", "operatingExpenses": "269100000", "investmentIncomeNet": "None", "netInterestIncome": "None", "interestIncome": "None", "interestExpense": "4000000", "nonInterestIncome": "None", "otherNonOperatingIncome": "5000000", "depreciation": "None", "depreciationAndAmortization": "18800000", "incomeBeforeTax": "101500000", "incomeTaxExpense": "25700000", "interestAndDebtExpense": "None", "netIncomeFromContinuingOperations": "75800000", "comprehensiveIncomeNetOfTax": "None", "ebit": "118900000", "ebitda": "137700000", "netIncome": "75800000"}, {"fiscalDateEnding": "2013-09-30", "reportedCurrency": "USD", "grossProfit": "365900000", "totalRevenue": "495600000", "costOfRevenue": "129700000", "costofGoodsAndServicesSold": "129700000", "operatingIncome": "101300000", "sellingGeneralAndAdministrative": "180500000", "researchAndDevelopment": "84100000", "operatingExpenses": "264600000", "investmentIncomeNet": "None", "netInterestIncome": "None", "interestIncome": "None", "interestExpense": "1000000", "nonInterestIncome": "None", "otherNonOperatingIncome": "-400000", "depreciation": "None", "depreciationAndAmortization": "18500000", "incomeBeforeTax": "99900000", "incomeTaxExpense": "23000000", "interestAndDebtExpense": "None", "netIncomeFromContinuingOperations": "76900000", "comprehensiveIncomeNetOfTax": "None", "ebit": "82800000", "ebitda": "101300000", "netIncome": "76800000"}, {"fiscalDateEnding": "2013-06-30", "reportedCurrency": "USD", "grossProfit": "392200000", "totalRevenue": "517200000", "costOfRevenue": "125000000", "costofGoodsAndServicesSold": "125000000", "operatingIncome": "122300000", "sellingGeneralAndAdministrative": "189400000", "researchAndDevelopment": "80500000", "operatingExpenses": "269900000", "investmentIncomeNet": "None", "netInterestIncome": "None", "interestIncome": "None", "interestExpense": "400000", "nonInterestIncome": "None", "otherNonOperatingIncome": "-100000", "depreciation": "None", "depreciationAndAmortization": "16100000", "incomeBeforeTax": "121800000", "incomeTaxExpense": "27700000", "interestAndDebtExpense": "None", "netIncomeFromContinuingOperations": "94100000", "comprehensiveIncomeNetOfTax": "None", "ebit": "106200000", "ebitda": "122300000", "netIncome": "93300000"}, {"fiscalDateEnding": "2013-03-31", "reportedCurrency": "USD", "grossProfit": "374500000", "totalRevenue": "496700000", "costOfRevenue": "122200000", "costofGoodsAndServicesSold": "122200000", "operatingIncome": "109500000", "sellingGeneralAndAdministrative": "185200000", "researchAndDevelopment": "79800000", "operatingExpenses": "265000000", "investmentIncomeNet": "None", "netInterestIncome": "None", "interestIncome": "None", "interestExpense": "1400000", "nonInterestIncome": "None", "otherNonOperatingIncome": "-1200000", "depreciation": "None", "depreciationAndAmortization": "15300000", "incomeBeforeTax": "192100000", "incomeTaxExpense": "47200000", "interestAndDebtExpense": "None", "netIncomeFromContinuingOperations": "144900000", "comprehensiveIncomeNetOfTax": "None", "ebit": "10600000", "ebitda": "25900000", "netIncome": "143900000"}, {"fiscalDateEnding": "2012-12-31", "reportedCurrency": "USD", "grossProfit": "384700000", "totalRevenue": "510500000", "costOfRevenue": "125800000", "costofGoodsAndServicesSold": "125800000", "operatingIncome": "131900000", "sellingGeneralAndAdministrative": "177900000", "researchAndDevelopment": "74900000", "operatingExpenses": "252800000", "investmentIncomeNet": "None", "netInterestIncome": "None", "interestIncome": "None", "interestExpense": "1200000", "nonInterestIncome": "None", "otherNonOperatingIncome": "4100000", "depreciation": "None", "depreciationAndAmortization": "15100000", "incomeBeforeTax": "122200000", "incomeTaxExpense": "31100000", "interestAndDebtExpense": "None", "netIncomeFromContinuingOperations": "91100000", "comprehensiveIncomeNetOfTax": "None", "ebit": "125800000", "ebitda": "140900000", "netIncome": "91100000"}, {"fiscalDateEnding": "2012-09-30", "reportedCurrency": "USD", "grossProfit": "336200000", "totalRevenue": "447900000", "costOfRevenue": "111700000", "costofGoodsAndServicesSold": "111700000", "operatingIncome": "94600000", "sellingGeneralAndAdministrative": "167800000", "researchAndDevelopment": "73800000", "operatingExpenses": "241600000", "investmentIncomeNet": "None", "netInterestIncome": "None", "interestIncome": "None", "interestExpense": "900000", "nonInterestIncome": "None", "otherNonOperatingIncome": "-1500000", "depreciation": "None", "depreciationAndAmortization": "14400000", "incomeBeforeTax": "93400000", "incomeTaxExpense": "24200000", "interestAndDebtExpense": "None", "netIncomeFromContinuingOperations": "69200000", "comprehensiveIncomeNetOfTax": "None", "ebit": "78700000", "ebitda": "93100000", "netIncome": "69200000"}, {"fiscalDateEnding": "2012-06-30", "reportedCurrency": "USD", "grossProfit": "352200000", "totalRevenue": "482000000", "costOfRevenue": "129800000", "costofGoodsAndServicesSold": "129800000", "operatingIncome": "95800000", "sellingGeneralAndAdministrative": "182400000", "researchAndDevelopment": "74000000", "operatingExpenses": "256400000", "investmentIncomeNet": "None", "netInterestIncome": "None", "interestIncome": "None", "interestExpense": "1200000", "nonInterestIncome": "None", "otherNonOperatingIncome": "1000000", "depreciation": "None", "depreciationAndAmortization": "14000000", "incomeBeforeTax": "89900000", "incomeTaxExpense": "22100000", "interestAndDebtExpense": "None", "netIncomeFromContinuingOperations": "67800000", "comprehensiveIncomeNetOfTax": "None", "ebit": "87800000", "ebitda": "101800000", "netIncome": "67800000"}, {"fiscalDateEnding": "2012-03-31", "reportedCurrency": "USD", "grossProfit": "331900000", "totalRevenue": "459200000", "costOfRevenue": "127300000", "costofGoodsAndServicesSold": "127300000", "operatingIncome": "86100000", "sellingGeneralAndAdministrative": "177200000", "researchAndDevelopment": "68600000", "operatingExpenses": "245800000", "investmentIncomeNet": "None", "netInterestIncome": "None", "interestIncome": "None", "interestExpense": "1100000", "nonInterestIncome": "None", "otherNonOperatingIncome": "-500000", "depreciation": "None", "depreciationAndAmortization": "13800000", "incomeBeforeTax": "85600000", "incomeTaxExpense": "20500000", "interestAndDebtExpense": "None", "netIncomeFromContinuingOperations": "65100000", "comprehensiveIncomeNetOfTax": "None", "ebit": "71800000", "ebitda": "85600000", "netIncome": "65100000"}, {"fiscalDateEnding": "2011-12-31", "reportedCurrency": "USD", "grossProfit": "310600000", "totalRevenue": "430200000", "costOfRevenue": "119600000", "costofGoodsAndServicesSold": "119600000", "operatingIncome": "86500000", "sellingGeneralAndAdministrative": "163400000", "researchAndDevelopment": "60700000", "operatingExpenses": "224100000", "investmentIncomeNet": "None", "netInterestIncome": "None", "interestIncome": "None", "interestExpense": "900000", "nonInterestIncome": "None", "otherNonOperatingIncome": "3100000", "depreciation": "None", "depreciationAndAmortization": "14800000", "incomeBeforeTax": "68600000", "incomeTaxExpense": "5500000", "interestAndDebtExpense": "None", "netIncomeFromContinuingOperations": "63100000", "comprehensiveIncomeNetOfTax": "None", "ebit": "89600000", "ebitda": "104400000", "netIncome": "63100000"}, {"fiscalDateEnding": "2011-09-30", "reportedCurrency": "USD", "grossProfit": "287100000", "totalRevenue": "412700000", "costOfRevenue": "125600000", "costofGoodsAndServicesSold": "125600000", "operatingIncome": "59900000", "sellingGeneralAndAdministrative": "165500000", "researchAndDevelopment": "61700000", "operatingExpenses": "227200000", "investmentIncomeNet": "None", "netInterestIncome": "None", "interestIncome": "None", "interestExpense": "1000000", "nonInterestIncome": "None", "otherNonOperatingIncome": "-2300000", "depreciation": "None", "depreciationAndAmortization": "13900000", "incomeBeforeTax": "57600000", "incomeTaxExpense": "6000000", "interestAndDebtExpense": "None", "netIncomeFromContinuingOperations": "51600000", "comprehensiveIncomeNetOfTax": "None", "ebit": "48300000", "ebitda": "62200000", "netIncome": "51600000"}, {"fiscalDateEnding": "2011-06-30", "reportedCurrency": "USD", "grossProfit": "303400000", "totalRevenue": "431200000", "costOfRevenue": "127800000", "costofGoodsAndServicesSold": "127800000", "operatingIncome": "75300000", "sellingGeneralAndAdministrative": "163200000", "researchAndDevelopment": "64900000", "operatingExpenses": "228100000", "investmentIncomeNet": "None", "netInterestIncome": "None", "interestIncome": "None", "interestExpense": "700000", "nonInterestIncome": "None", "otherNonOperatingIncome": "1200000", "depreciation": "None", "depreciationAndAmortization": "14800000", "incomeBeforeTax": "72800000", "incomeTaxExpense": "14700000", "interestAndDebtExpense": "None", "netIncomeFromContinuingOperations": "58100000", "comprehensiveIncomeNetOfTax": "None", "ebit": "65700000", "ebitda": "80500000", "netIncome": "58100000"}, {"fiscalDateEnding": "2011-03-31", "reportedCurrency": "USD", "grossProfit": "287700000", "totalRevenue": "404500000", "costOfRevenue": "116800000", "costofGoodsAndServicesSold": "116800000", "operatingIncome": "78400000", "sellingGeneralAndAdministrative": "150300000", "researchAndDevelopment": "59000000", "operatingExpenses": "209300000", "investmentIncomeNet": "None", "netInterestIncome": "None", "interestIncome": "None", "interestExpense": "500000", "nonInterestIncome": "None", "otherNonOperatingIncome": "6200000", "depreciation": "None", "depreciationAndAmortization": "14500000", "incomeBeforeTax": "84600000", "incomeTaxExpense": "20700000", "interestAndDebtExpense": "None", "netIncomeFromContinuingOperations": "63900000", "comprehensiveIncomeNetOfTax": "None", "ebit": "57700000", "ebitda": "72200000", "netIncome": "63900000"}, {"fiscalDateEnding": "2010-12-31", "reportedCurrency": "USD", "grossProfit": "278900000", "totalRevenue": "392400000", "costOfRevenue": "113500000", "costofGoodsAndServicesSold": "113500000", "operatingIncome": "80600000", "sellingGeneralAndAdministrative": "142400000", "researchAndDevelopment": "55900000", "operatingExpenses": "198300000", "investmentIncomeNet": "None", "netInterestIncome": "None", "interestIncome": "None", "interestExpense": "500000", "nonInterestIncome": "None", "otherNonOperatingIncome": "None", "depreciation": "None", "depreciationAndAmortization": "15400000", "incomeBeforeTax": "70100000", "incomeTaxExpense": "5300000", "interestAndDebtExpense": "None", "netIncomeFromContinuingOperations": "0", "comprehensiveIncomeNetOfTax": "None", "ebit": "80700000", "ebitda": "96100000", "netIncome": "64800000"}, {"fiscalDateEnding": "2010-09-30", "reportedCurrency": "USD", "grossProfit": "253100000", "totalRevenue": "348900000", "costOfRevenue": "95800000", "costofGoodsAndServicesSold": "95800000", "operatingIncome": "67400000", "sellingGeneralAndAdministrative": "133000000", "researchAndDevelopment": "52700000", "operatingExpenses": "185700000", "investmentIncomeNet": "None", "netInterestIncome": "None", "interestIncome": "None", "interestExpense": "700000", "nonInterestIncome": "None", "otherNonOperatingIncome": "3100000", "depreciation": "None", "depreciationAndAmortization": "13400000", "incomeBeforeTax": "66200000", "incomeTaxExpense": "18200000", "interestAndDebtExpense": "None", "netIncomeFromContinuingOperations": "48000000", "comprehensiveIncomeNetOfTax": "None", "ebit": "54800000", "ebitda": "68200000", "netIncome": "48000000"}, {"fiscalDateEnding": "2010-06-30", "reportedCurrency": "USD", "grossProfit": "264800000", "totalRevenue": "365200000", "costOfRevenue": "100400000", "costofGoodsAndServicesSold": "100400000", "operatingIncome": "73600000", "sellingGeneralAndAdministrative": "140600000", "researchAndDevelopment": "50600000", "operatingExpenses": "191200000", "investmentIncomeNet": "None", "netInterestIncome": "None", "interestIncome": "None", "interestExpense": "500000", "nonInterestIncome": "None", "otherNonOperatingIncome": "1600000", "depreciation": "None", "depreciationAndAmortization": "13700000", "incomeBeforeTax": "66400000", "incomeTaxExpense": "8900000", "interestAndDebtExpense": "None", "netIncomeFromContinuingOperations": "57500000", "comprehensiveIncomeNetOfTax": "None", "ebit": "59900000", "ebitda": "73600000", "netIncome": "57500000"}, {"fiscalDateEnding": "2010-03-31", "reportedCurrency": "USD", "grossProfit": "241900000", "totalRevenue": "340500000", "costOfRevenue": "98600000", "costofGoodsAndServicesSold": "98600000", "operatingIncome": "62700000", "sellingGeneralAndAdministrative": "134000000", "researchAndDevelopment": "45200000", "operatingExpenses": "179200000", "investmentIncomeNet": "None", "netInterestIncome": "None", "interestIncome": "None", "interestExpense": "200000", "nonInterestIncome": "None", "otherNonOperatingIncome": "None", "depreciation": "None", "depreciationAndAmortization": "14000000", "incomeBeforeTax": "65500000", "incomeTaxExpense": "17800000", "interestAndDebtExpense": "None", "netIncomeFromContinuingOperations": "0", "comprehensiveIncomeNetOfTax": "None", "ebit": "48700000", "ebitda": "62700000", "netIncome": "47700000"}, {"fiscalDateEnding": "2009-12-31", "reportedCurrency": "USD", "grossProfit": "245000000", "totalRevenue": "346700000", "costOfRevenue": "101700000", "costofGoodsAndServicesSold": "101700000", "operatingIncome": "64400000", "sellingGeneralAndAdministrative": "132300000", "researchAndDevelopment": "48300000", "operatingExpenses": "180600000", "investmentIncomeNet": "None", "netInterestIncome": "None", "interestIncome": "None", "interestExpense": "500000", "nonInterestIncome": "None", "otherNonOperatingIncome": "None", "depreciation": "None", "depreciationAndAmortization": "14200000", "incomeBeforeTax": "62400000", "incomeTaxExpense": "14800000", "interestAndDebtExpense": "None", "netIncomeFromContinuingOperations": "0", "comprehensiveIncomeNetOfTax": "None", "ebit": "64700000", "ebitda": "78900000", "netIncome": "47600000"}, {"fiscalDateEnding": "2009-09-30", "reportedCurrency": "USD", "grossProfit": "227200000", "totalRevenue": "325700000", "costOfRevenue": "98500000", "costofGoodsAndServicesSold": "98500000", "operatingIncome": "56400000", "sellingGeneralAndAdministrative": "126100000", "researchAndDevelopment": "44700000", "operatingExpenses": "170600000", "investmentIncomeNet": "None", "netInterestIncome": "None", "interestIncome": "None", "interestExpense": "900000", "nonInterestIncome": "None", "otherNonOperatingIncome": "None", "depreciation": "None", "depreciationAndAmortization": "15400000", "incomeBeforeTax": "94200000", "incomeTaxExpense": "20700000", "interestAndDebtExpense": "None", "netIncomeFromContinuingOperations": "0", "comprehensiveIncomeNetOfTax": "None", "ebit": "3000000", "ebitda": "18400000", "netIncome": "73500000"}, {"fiscalDateEnding": "2009-06-30", "reportedCurrency": "USD", "grossProfit": "233600000", "totalRevenue": "335500000", "costOfRevenue": "101900000", "costofGoodsAndServicesSold": "101900000", "operatingIncome": "62500000", "sellingGeneralAndAdministrative": "128500000", "researchAndDevelopment": "42600000", "operatingExpenses": "171100000", "investmentIncomeNet": "None", "netInterestIncome": "None", "interestIncome": "None", "interestExpense": "200000", "nonInterestIncome": "None", "otherNonOperatingIncome": "None", "depreciation": "None", "depreciationAndAmortization": "14900000", "incomeBeforeTax": "62800000", "incomeTaxExpense": "15300000", "interestAndDebtExpense": "None", "netIncomeFromContinuingOperations": "0", "comprehensiveIncomeNetOfTax": "None", "ebit": "51600000", "ebitda": "66500000", "netIncome": "47500000"}, {"fiscalDateEnding": "2009-03-31", "reportedCurrency": "USD", "grossProfit": "216500000", "totalRevenue": "313500000", "costOfRevenue": "97000000", "costofGoodsAndServicesSold": "97000000", "operatingIncome": "54700000", "sellingGeneralAndAdministrative": "121900000", "researchAndDevelopment": "39900000", "operatingExpenses": "161800000", "investmentIncomeNet": "None", "netInterestIncome": "None", "interestIncome": "None", "interestExpense": "800000", "nonInterestIncome": "None", "otherNonOperatingIncome": "None", "depreciation": "None", "depreciationAndAmortization": "14200000", "incomeBeforeTax": "85000000", "incomeTaxExpense": "24500000", "interestAndDebtExpense": "None", "netIncomeFromContinuingOperations": "0", "comprehensiveIncomeNetOfTax": "None", "ebit": "55400000", "ebitda": "69600000", "netIncome": "60500000"}, {"fiscalDateEnding": "2008-12-31", "reportedCurrency": "USD", "grossProfit": "210900000", "totalRevenue": "309700000", "costOfRevenue": "98800000", "costofGoodsAndServicesSold": "98800000", "operatingIncome": "54900000", "sellingGeneralAndAdministrative": "120200000", "researchAndDevelopment": "35800000", "operatingExpenses": "156000000", "investmentIncomeNet": "None", "netInterestIncome": "None", "interestIncome": "None", "interestExpense": "7200000", "nonInterestIncome": "None", "otherNonOperatingIncome": "None", "depreciation": "None", "depreciationAndAmortization": "14300000", "incomeBeforeTax": "34000000", "incomeTaxExpense": "-4100000", "interestAndDebtExpense": "None", "netIncomeFromContinuingOperations": "0", "comprehensiveIncomeNetOfTax": "None", "ebit": "48400000", "ebitda": "62700000", "netIncome": "38100000"}, {"fiscalDateEnding": "2008-09-30", "reportedCurrency": "USD", "grossProfit": "198700000", "totalRevenue": "303600000", "costOfRevenue": "104900000", "costofGoodsAndServicesSold": "104900000", "operatingIncome": "44300000", "sellingGeneralAndAdministrative": "119300000", "researchAndDevelopment": "35100000", "operatingExpenses": "154400000", "investmentIncomeNet": "None", "netInterestIncome": "None", "interestIncome": "None", "interestExpense": "400000", "nonInterestIncome": "None", "otherNonOperatingIncome": "None", "depreciation": "None", "depreciationAndAmortization": "13800000", "incomeBeforeTax": "43600000", "incomeTaxExpense": "10700000", "interestAndDebtExpense": "None", "netIncomeFromContinuingOperations": "0", "comprehensiveIncomeNetOfTax": "None", "ebit": "45400000", "ebitda": "59200000", "netIncome": "32900000"}, {"fiscalDateEnding": "2008-06-30", "reportedCurrency": "USD", "grossProfit": "214600000", "totalRevenue": "327600000", "costOfRevenue": "113000000", "costofGoodsAndServicesSold": "113000000", "operatingIncome": "52700000", "sellingGeneralAndAdministrative": "126500000", "researchAndDevelopment": "35400000", "operatingExpenses": "161900000", "investmentIncomeNet": "None", "netInterestIncome": "None", "interestIncome": "None", "interestExpense": "400000", "nonInterestIncome": "None", "otherNonOperatingIncome": "None", "depreciation": "None", "depreciationAndAmortization": "14000000", "incomeBeforeTax": "52100000", "incomeTaxExpense": "12400000", "interestAndDebtExpense": "None", "netIncomeFromContinuingOperations": "0", "comprehensiveIncomeNetOfTax": "None", "ebit": "52900000", "ebitda": "66900000", "netIncome": "39700000"}, {"fiscalDateEnding": "2008-03-31", "reportedCurrency": "USD", "grossProfit": "193900000", "totalRevenue": "296800000", "costOfRevenue": "102900000", "costofGoodsAndServicesSold": "102900000", "operatingIncome": "34700000", "sellingGeneralAndAdministrative": "114600000", "researchAndDevelopment": "32900000", "operatingExpenses": "159200000", "investmentIncomeNet": "None", "netInterestIncome": "None", "interestIncome": "None", "interestExpense": "400000", "nonInterestIncome": "None", "otherNonOperatingIncome": "None", "depreciation": "None", "depreciationAndAmortization": "13500000", "incomeBeforeTax": "34700000", "incomeTaxExpense": "16500000", "interestAndDebtExpense": "None", "netIncomeFromContinuingOperations": "0", "comprehensiveIncomeNetOfTax": "None", "ebit": "46000000", "ebitda": "59500000", "netIncome": "18200000"}, {"fiscalDateEnding": "2007-12-31", "reportedCurrency": "USD", "grossProfit": "193400000", "totalRevenue": "293000000", "costOfRevenue": "99600000", "costofGoodsAndServicesSold": "99600000", "operatingIncome": "45400000", "sellingGeneralAndAdministrative": "114500000", "researchAndDevelopment": "33500000", "operatingExpenses": "148000000", "investmentIncomeNet": "None", "netInterestIncome": "None", "interestIncome": "None", "interestExpense": "9100000", "nonInterestIncome": "None", "otherNonOperatingIncome": "None", "depreciation": "None", "depreciationAndAmortization": "13700000", "incomeBeforeTax": "19600000", "incomeTaxExpense": "3800000", "interestAndDebtExpense": "None", "netIncomeFromContinuingOperations": "0", "comprehensiveIncomeNetOfTax": "None", "ebit": "70800000", "ebitda": "84500000", "netIncome": "15800000"}, {"fiscalDateEnding": "2007-09-30", "reportedCurrency": "USD", "grossProfit": "170700000", "totalRevenue": "261400000", "costOfRevenue": "90700000", "costofGoodsAndServicesSold": "90700000", "operatingIncome": "36600000", "sellingGeneralAndAdministrative": "103200000", "researchAndDevelopment": "30900000", "operatingExpenses": "134100000", "investmentIncomeNet": "None", "netInterestIncome": "None", "interestIncome": "None", "interestExpense": "400000", "nonInterestIncome": "None", "otherNonOperatingIncome": "None", "depreciation": "None", "depreciationAndAmortization": "14000000", "incomeBeforeTax": "38800000", "incomeTaxExpense": "9700000", "interestAndDebtExpense": "None", "netIncomeFromContinuingOperations": "0", "comprehensiveIncomeNetOfTax": "None", "ebit": "34000000", "ebitda": "48000000", "netIncome": "29100000"}, {"fiscalDateEnding": "2007-06-30", "reportedCurrency": "USD", "grossProfit": "177900000", "totalRevenue": "272600000", "costOfRevenue": "94700000", "costofGoodsAndServicesSold": "94700000", "operatingIncome": "47100000", "sellingGeneralAndAdministrative": "101700000", "researchAndDevelopment": "29100000", "operatingExpenses": "130800000", "investmentIncomeNet": "None", "netInterestIncome": "None", "interestIncome": "None", "interestExpense": "400000", "nonInterestIncome": "None", "otherNonOperatingIncome": "None", "depreciation": "None", "depreciationAndAmortization": "13700000", "incomeBeforeTax": "46800000", "incomeTaxExpense": "11900000", "interestAndDebtExpense": "None", "netIncomeFromContinuingOperations": "0", "comprehensiveIncomeNetOfTax": "None", "ebit": "47000000", "ebitda": "60700000", "netIncome": "34900000"}, {"fiscalDateEnding": "2007-03-31", "reportedCurrency": "USD", "grossProfit": "170900000", "totalRevenue": "264100000", "costOfRevenue": "93200000", "costofGoodsAndServicesSold": "93200000", "operatingIncome": "44600000", "sellingGeneralAndAdministrative": "98600000", "researchAndDevelopment": "28800000", "operatingExpenses": "126300000", "investmentIncomeNet": "None", "netInterestIncome": "None", "interestIncome": "None", "interestExpense": "200000", "nonInterestIncome": "None", "otherNonOperatingIncome": "None", "depreciation": "None", "depreciationAndAmortization": "13400000", "incomeBeforeTax": "44600000", "incomeTaxExpense": "11400000", "interestAndDebtExpense": "None", "netIncomeFromContinuingOperations": "0", "comprehensiveIncomeNetOfTax": "None", "ebit": "43300000", "ebitda": "56700000", "netIncome": "33200000"}, {"fiscalDateEnding": "2006-12-31", "reportedCurrency": "USD", "grossProfit": "168200000", "totalRevenue": "265600000", "costOfRevenue": "97400000", "costofGoodsAndServicesSold": "97400000", "operatingIncome": "43100000", "sellingGeneralAndAdministrative": "95100000", "researchAndDevelopment": "30000000", "operatingExpenses": "125100000", "investmentIncomeNet": "None", "netInterestIncome": "None", "interestIncome": "None", "interestExpense": "10500000", "nonInterestIncome": "None", "otherNonOperatingIncome": "None", "depreciation": "None", "depreciationAndAmortization": "14600000", "incomeBeforeTax": "23700000", "incomeTaxExpense": "3000000", "interestAndDebtExpense": "None", "netIncomeFromContinuingOperations": "0", "comprehensiveIncomeNetOfTax": "None", "ebit": "62100000", "ebitda": "76700000", "netIncome": "20700000"}, {"fiscalDateEnding": "2006-09-30", "reportedCurrency": "USD", "grossProfit": "160000000", "totalRevenue": "247400000", "costOfRevenue": "87400000", "costofGoodsAndServicesSold": "87400000", "operatingIncome": "40200000", "sellingGeneralAndAdministrative": "91700000", "researchAndDevelopment": "28100000", "operatingExpenses": "119800000", "investmentIncomeNet": "None", "netInterestIncome": "None", "interestIncome": "None", "interestExpense": "800000", "nonInterestIncome": "None", "otherNonOperatingIncome": "None", "depreciation": "None", "depreciationAndAmortization": "13800000", "incomeBeforeTax": "36700000", "incomeTaxExpense": "8900000", "interestAndDebtExpense": "None", "netIncomeFromContinuingOperations": "0", "comprehensiveIncomeNetOfTax": "None", "ebit": "42900000", "ebitda": "56700000", "netIncome": "27800000"}, {"fiscalDateEnding": "2006-06-30", "reportedCurrency": "USD", "grossProfit": "171600000", "totalRevenue": "267300000", "costOfRevenue": "95700000", "costofGoodsAndServicesSold": "95700000", "operatingIncome": "45700000", "sellingGeneralAndAdministrative": "97000000", "researchAndDevelopment": "28900000", "operatingExpenses": "125900000", "investmentIncomeNet": "None", "netInterestIncome": "None", "interestIncome": "None", "interestExpense": "600000", "nonInterestIncome": "None", "otherNonOperatingIncome": "None", "depreciation": "None", "depreciationAndAmortization": "14400000", "incomeBeforeTax": "45500000", "incomeTaxExpense": "9400000", "interestAndDebtExpense": "None", "netIncomeFromContinuingOperations": "0", "comprehensiveIncomeNetOfTax": "None", "ebit": "45300000", "ebitda": "59700000", "netIncome": "36100000"}, {"fiscalDateEnding": "2006-03-31", "reportedCurrency": "USD", "grossProfit": "164000000", "totalRevenue": "257000000", "costOfRevenue": "93000000", "costofGoodsAndServicesSold": "93000000", "operatingIncome": "66000000", "sellingGeneralAndAdministrative": "92000000", "researchAndDevelopment": "27000000", "operatingExpenses": "98000000", "investmentIncomeNet": "None", "netInterestIncome": "None", "interestIncome": "None", "interestExpense": "900000", "nonInterestIncome": "None", "otherNonOperatingIncome": "None", "depreciation": "None", "depreciationAndAmortization": "14000000", "incomeBeforeTax": "66000000", "incomeTaxExpense": "21000000", "interestAndDebtExpense": "None", "netIncomeFromContinuingOperations": "0", "comprehensiveIncomeNetOfTax": "None", "ebit": "43000000", "ebitda": "57000000", "netIncome": "46000000"}, {"fiscalDateEnding": "2005-12-31", "reportedCurrency": "USD", "grossProfit": "160100000", "totalRevenue": "249700000", "costOfRevenue": "89600000", "costofGoodsAndServicesSold": "89600000", "operatingIncome": "47200000", "sellingGeneralAndAdministrative": "87100000", "researchAndDevelopment": "25800000", "operatingExpenses": "112900000", "investmentIncomeNet": "None", "netInterestIncome": "None", "interestIncome": "None", "interestExpense": "9700000", "nonInterestIncome": "None", "otherNonOperatingIncome": "None", "depreciation": "None", "depreciationAndAmortization": "14400000", "incomeBeforeTax": "43500000", "incomeTaxExpense": "4900000", "interestAndDebtExpense": "None", "netIncomeFromContinuingOperations": "0", "comprehensiveIncomeNetOfTax": "None", "ebit": "49500000", "ebitda": "63900000", "netIncome": "38600000"}, {"fiscalDateEnding": "2005-09-30", "reportedCurrency": "USD", "grossProfit": "150000000", "totalRevenue": "240900000", "costOfRevenue": "90900000", "costofGoodsAndServicesSold": "90900000", "operatingIncome": "40100000", "sellingGeneralAndAdministrative": "85900000", "researchAndDevelopment": "24000000", "operatingExpenses": "109900000", "investmentIncomeNet": "None", "netInterestIncome": "None", "interestIncome": "None", "interestExpense": "2200000", "nonInterestIncome": "None", "otherNonOperatingIncome": "None", "depreciation": "None", "depreciationAndAmortization": "14000000", "incomeBeforeTax": "15300000", "incomeTaxExpense": "19700000", "interestAndDebtExpense": "None", "netIncomeFromContinuingOperations": "0", "comprehensiveIncomeNetOfTax": "None", "ebit": "62700000", "ebitda": "76700000", "netIncome": "-4400000"}, {"fiscalDateEnding": "2005-06-30", "reportedCurrency": "USD", "grossProfit": "160300000", "totalRevenue": "258200000", "costOfRevenue": "97900000", "costofGoodsAndServicesSold": "97900000", "operatingIncome": "46000000", "sellingGeneralAndAdministrative": "90100000", "researchAndDevelopment": "24200000", "operatingExpenses": "114300000", "investmentIncomeNet": "None", "netInterestIncome": "None", "interestIncome": "None", "interestExpense": "3300000", "nonInterestIncome": "None", "otherNonOperatingIncome": "None", "depreciation": "None", "depreciationAndAmortization": "14200000", "incomeBeforeTax": "15300000", "incomeTaxExpense": "1400000", "interestAndDebtExpense": "None", "netIncomeFromContinuingOperations": "0", "comprehensiveIncomeNetOfTax": "None", "ebit": "73400000", "ebitda": "87600000", "netIncome": "13900000"}, {"fiscalDateEnding": "2005-03-31", "reportedCurrency": "USD", "grossProfit": "152900000", "totalRevenue": "249100000", "costOfRevenue": "96200000", "costofGoodsAndServicesSold": "96200000", "operatingIncome": "42600000", "sellingGeneralAndAdministrative": "85600000", "researchAndDevelopment": "25000000", "operatingExpenses": "110300000", "investmentIncomeNet": "None", "netInterestIncome": "None", "interestIncome": "None", "interestExpense": "2800000", "nonInterestIncome": "None", "otherNonOperatingIncome": "None", "depreciation": "None", "depreciationAndAmortization": "13600000", "incomeBeforeTax": "42600000", "incomeTaxExpense": "11400000", "interestAndDebtExpense": "None", "netIncomeFromContinuingOperations": "0", "comprehensiveIncomeNetOfTax": "None", "ebit": "39500000", "ebitda": "53100000", "netIncome": "31200000"}, {"fiscalDateEnding": "2004-12-31", "reportedCurrency": "USD", "grossProfit": "145900000", "totalRevenue": "237100000", "costOfRevenue": "91200000", "costofGoodsAndServicesSold": "91200000", "operatingIncome": "39800000", "sellingGeneralAndAdministrative": "82700000", "researchAndDevelopment": "23400000", "operatingExpenses": "106100000", "investmentIncomeNet": "None", "netInterestIncome": "None", "interestIncome": "None", "interestExpense": "14200000", "nonInterestIncome": "None", "otherNonOperatingIncome": "None", "depreciation": "None", "depreciationAndAmortization": "14600000", "incomeBeforeTax": "34100000", "incomeTaxExpense": "8200000", "interestAndDebtExpense": "None", "netIncomeFromContinuingOperations": "0", "comprehensiveIncomeNetOfTax": "None", "ebit": "42000000", "ebitda": "56600000", "netIncome": "25900000"}]}