{"symbol": "CDW", "annualReports": [{"fiscalDateEnding": "2024-12-31", "reportedCurrency": "USD", "grossProfit": "4602400000", "totalRevenue": "20998700000", "costOfRevenue": "16396300000", "costofGoodsAndServicesSold": "16396300000", "operatingIncome": "1651300000", "sellingGeneralAndAdministrative": "2951100000", "researchAndDevelopment": "None", "operatingExpenses": "2951100000", "investmentIncomeNet": "None", "netInterestIncome": "-214500000", "interestIncome": "None", "interestExpense": "214500000", "nonInterestIncome": "None", "otherNonOperatingIncome": "None", "depreciation": "None", "depreciationAndAmortization": "1400000", "incomeBeforeTax": "1435400000", "incomeTaxExpense": "357600000", "interestAndDebtExpense": "None", "netIncomeFromContinuingOperations": "1077800000", "comprehensiveIncomeNetOfTax": "None", "ebit": "1649900000", "ebitda": "1651300000", "netIncome": "1077800000"}, {"fiscalDateEnding": "2023-12-31", "reportedCurrency": "USD", "grossProfit": "4652400000", "totalRevenue": "21376000000", "costOfRevenue": "16723600000", "costofGoodsAndServicesSold": "16723600000", "operatingIncome": "1680900000", "sellingGeneralAndAdministrative": "2987200000", "researchAndDevelopment": "None", "operatingExpenses": "2971500000", "investmentIncomeNet": "None", "netInterestIncome": "-232700000", "interestIncome": "None", "interestExpense": "226600000", "nonInterestIncome": "None", "otherNonOperatingIncome": "None", "depreciation": "None", "depreciationAndAmortization": "270700000", "incomeBeforeTax": "1450200000", "incomeTaxExpense": "-345900000", "interestAndDebtExpense": "None", "netIncomeFromContinuingOperations": "1095400000", "comprehensiveIncomeNetOfTax": "None", "ebit": "1680900000", "ebitda": "1680900000", "netIncome": "1104300000"}, {"fiscalDateEnding": "2022-12-31", "reportedCurrency": "USD", "grossProfit": "4686600000", "totalRevenue": "23748700000", "costOfRevenue": "19062100000", "costofGoodsAndServicesSold": "19062100000", "operatingIncome": "1735200000", "sellingGeneralAndAdministrative": "2951400000", "researchAndDevelopment": "None", "operatingExpenses": "2951400000", "investmentIncomeNet": "None", "netInterestIncome": "-235700000", "interestIncome": "None", "interestExpense": "235700000", "nonInterestIncome": "None", "otherNonOperatingIncome": "-11700000", "depreciation": "None", "depreciationAndAmortization": "291000000", "incomeBeforeTax": "1487800000", "incomeTaxExpense": "373300000", "interestAndDebtExpense": "None", "netIncomeFromContinuingOperations": "1114500000", "comprehensiveIncomeNetOfTax": "None", "ebit": "1727100000", "ebitda": "2018100000", "netIncome": "1114500000"}, {"fiscalDateEnding": "2021-12-31", "reportedCurrency": "USD", "grossProfit": "3568500000", "totalRevenue": "20820800000", "costOfRevenue": "17252300000", "costofGoodsAndServicesSold": "17252300000", "operatingIncome": "1419000000", "sellingGeneralAndAdministrative": "2149500000", "researchAndDevelopment": "None", "operatingExpenses": "2149500000", "investmentIncomeNet": "None", "netInterestIncome": "-150900000", "interestIncome": "None", "interestExpense": "150900000", "nonInterestIncome": "None", "otherNonOperatingIncome": "29700000", "depreciation": "None", "depreciationAndAmortization": "191000000", "incomeBeforeTax": "1297800000", "incomeTaxExpense": "309200000", "interestAndDebtExpense": "None", "netIncomeFromContinuingOperations": "988600000", "comprehensiveIncomeNetOfTax": "None", "ebit": "1451200000", "ebitda": "1642200000", "netIncome": "988600000"}, {"fiscalDateEnding": "2020-12-31", "reportedCurrency": "USD", "grossProfit": "3210100000", "totalRevenue": "18467500000", "costOfRevenue": "15257400000", "costofGoodsAndServicesSold": "15257400000", "operatingIncome": "731600000", "sellingGeneralAndAdministrative": "2030900000", "researchAndDevelopment": "None", "operatingExpenses": "2030900000", "investmentIncomeNet": "None", "netInterestIncome": "-154900000", "interestIncome": "None", "interestExpense": "154900000", "nonInterestIncome": "None", "otherNonOperatingIncome": "-22000000", "depreciation": "None", "depreciationAndAmortization": "425000000", "incomeBeforeTax": "1002300000", "incomeTaxExpense": "213800000", "interestAndDebtExpense": "None", "netIncomeFromContinuingOperations": "788500000", "comprehensiveIncomeNetOfTax": "None", "ebit": "1163200000", "ebitda": "1588200000", "netIncome": "788500000"}, {"fiscalDateEnding": "2019-12-31", "reportedCurrency": "USD", "grossProfit": "3039900000", "totalRevenue": "18032400000", "costOfRevenue": "14992500000", "costofGoodsAndServicesSold": "14992500000", "operatingIncome": "842000000", "sellingGeneralAndAdministrative": "1713100000", "researchAndDevelopment": "None", "operatingExpenses": "1906300000", "investmentIncomeNet": "None", "netInterestIncome": "-159400000", "interestIncome": "159400000", "interestExpense": "159400000", "nonInterestIncome": "None", "otherNonOperatingIncome": "-24500000", "depreciation": "None", "depreciationAndAmortization": "260000000", "incomeBeforeTax": "949700000", "incomeTaxExpense": "212900000", "interestAndDebtExpense": "None", "netIncomeFromContinuingOperations": "1162600000", "comprehensiveIncomeNetOfTax": "None", "ebit": "1111100000", "ebitda": "1371100000", "netIncome": "736800000"}, {"fiscalDateEnding": "2018-12-31", "reportedCurrency": "USD", "grossProfit": "2706900000", "totalRevenue": "16240500000", "costOfRevenue": "13533600000", "costofGoodsAndServicesSold": "13533600000", "operatingIncome": "987300000", "sellingGeneralAndAdministrative": "1537100000", "researchAndDevelopment": "None", "operatingExpenses": "1719600000", "investmentIncomeNet": "None", "netInterestIncome": "-148600000", "interestIncome": "148600000", "interestExpense": "148600000", "nonInterestIncome": "None", "otherNonOperatingIncome": "1800000", "depreciation": "None", "depreciationAndAmortization": "265600000", "incomeBeforeTax": "840500000", "incomeTaxExpense": "197500000", "interestAndDebtExpense": "None", "netIncomeFromContinuingOperations": "1038000000", "comprehensiveIncomeNetOfTax": "None", "ebit": "987300000", "ebitda": "1252900000", "netIncome": "643000000"}, {"fiscalDateEnding": "2017-12-31", "reportedCurrency": "USD", "grossProfit": "2449900000", "totalRevenue": "15191500000", "costOfRevenue": "12741600000", "costofGoodsAndServicesSold": "12741600000", "operatingIncome": "866100000", "sellingGeneralAndAdministrative": "1410100000", "researchAndDevelopment": "0", "operatingExpenses": "1583800000", "investmentIncomeNet": "None", "netInterestIncome": "-150500000", "interestIncome": "150500000", "interestExpense": "150500000", "nonInterestIncome": "None", "otherNonOperatingIncome": "-57400000", "depreciation": "None", "depreciationAndAmortization": "260899999", "incomeBeforeTax": "660300000", "incomeTaxExpense": "137300000", "interestAndDebtExpense": "None", "netIncomeFromContinuingOperations": "797600000", "comprehensiveIncomeNetOfTax": "None", "ebit": "866500001", "ebitda": "1127400000", "netIncome": "523000000"}, {"fiscalDateEnding": "2016-12-31", "reportedCurrency": "USD", "grossProfit": "2327200000", "totalRevenue": "13981900000", "costOfRevenue": "11654700000", "costofGoodsAndServicesSold": "11654700000", "operatingIncome": "819200000", "sellingGeneralAndAdministrative": "1345100000", "researchAndDevelopment": "0", "operatingExpenses": "1508000000", "investmentIncomeNet": "None", "netInterestIncome": "-146500000", "interestIncome": "146500000", "interestExpense": "146500000", "nonInterestIncome": "None", "otherNonOperatingIncome": "-2100000", "depreciation": "None", "depreciationAndAmortization": "254500000", "incomeBeforeTax": "672400000", "incomeTaxExpense": "248000000", "interestAndDebtExpense": "None", "netIncomeFromContinuingOperations": "920400000", "comprehensiveIncomeNetOfTax": "None", "ebit": "820000000", "ebitda": "1074500000", "netIncome": "424400000"}, {"fiscalDateEnding": "2015-12-31", "reportedCurrency": "USD", "grossProfit": "2115800000", "totalRevenue": "12988700000", "costOfRevenue": "10872900000", "costofGoodsAndServicesSold": "10872900000", "operatingIncome": "742000000", "sellingGeneralAndAdministrative": "1226000000", "researchAndDevelopment": "0", "operatingExpenses": "1373800000", "investmentIncomeNet": "None", "netInterestIncome": "None", "interestIncome": "61400000", "interestExpense": "159500000", "nonInterestIncome": "None", "otherNonOperatingIncome": "-24300000", "depreciation": "None", "depreciationAndAmortization": "227400000", "incomeBeforeTax": "647000000", "incomeTaxExpense": "243900000", "interestAndDebtExpense": "None", "netIncomeFromContinuingOperations": "890900000", "comprehensiveIncomeNetOfTax": "None", "ebit": "742000000", "ebitda": "969400000", "netIncome": "403100000"}, {"fiscalDateEnding": "2014-12-31", "reportedCurrency": "USD", "grossProfit": "1921300000", "totalRevenue": "12074500000", "costOfRevenue": "10153200000", "costofGoodsAndServicesSold": "10153200000", "operatingIncome": "673000000", "sellingGeneralAndAdministrative": "1110300000", "researchAndDevelopment": "0", "operatingExpenses": "1248300000", "investmentIncomeNet": "None", "netInterestIncome": "None", "interestIncome": "None", "interestExpense": "197300000", "nonInterestIncome": "None", "otherNonOperatingIncome": "-90700000", "depreciation": "None", "depreciationAndAmortization": "207900000", "incomeBeforeTax": "387700000", "incomeTaxExpense": "142800000", "interestAndDebtExpense": "None", "netIncomeFromContinuingOperations": "530500000", "comprehensiveIncomeNetOfTax": "None", "ebit": "673000000", "ebitda": "880900000", "netIncome": "244900000"}, {"fiscalDateEnding": "2013-12-31", "reportedCurrency": "USD", "grossProfit": "1760300000", "totalRevenue": "10768600000", "costOfRevenue": "9008300000", "costofGoodsAndServicesSold": "9008300000", "operatingIncome": "508600000", "sellingGeneralAndAdministrative": "1120900000", "researchAndDevelopment": "0", "operatingExpenses": "1251700000", "investmentIncomeNet": "None", "netInterestIncome": "None", "interestIncome": "None", "interestExpense": "250100000", "nonInterestIncome": "None", "otherNonOperatingIncome": "-63000000", "depreciation": "None", "depreciationAndAmortization": "208200000", "incomeBeforeTax": "195500000", "incomeTaxExpense": "62700000", "interestAndDebtExpense": "None", "netIncomeFromContinuingOperations": "132800000", "comprehensiveIncomeNetOfTax": "None", "ebit": "508600000", "ebitda": "716800000", "netIncome": "132800000"}, {"fiscalDateEnding": "2012-12-31", "reportedCurrency": "USD", "grossProfit": "1669600000", "totalRevenue": "10128200000", "costOfRevenue": "8458600000", "costofGoodsAndServicesSold": "8458600000", "operatingIncome": "510600000", "sellingGeneralAndAdministrative": "1029500000", "researchAndDevelopment": "0", "operatingExpenses": "1159000000", "investmentIncomeNet": "None", "netInterestIncome": "None", "interestIncome": "None", "interestExpense": "307400000", "nonInterestIncome": "None", "otherNonOperatingIncome": "-17100000", "depreciation": "None", "depreciationAndAmortization": "210200000", "incomeBeforeTax": "186100000", "incomeTaxExpense": "67100000", "interestAndDebtExpense": "None", "netIncomeFromContinuingOperations": "119000000", "comprehensiveIncomeNetOfTax": "None", "ebit": "510700000", "ebitda": "720900000", "netIncome": "119000000"}, {"fiscalDateEnding": "2011-12-31", "reportedCurrency": "USD", "grossProfit": "1587400000", "totalRevenue": "9602400000", "costOfRevenue": "8015000000", "costofGoodsAndServicesSold": "8015000000", "operatingIncome": "470700000", "sellingGeneralAndAdministrative": "994000000", "researchAndDevelopment": "0", "operatingExpenses": "1116700000", "investmentIncomeNet": "None", "netInterestIncome": "None", "interestIncome": "None", "interestExpense": "324200000", "nonInterestIncome": "None", "otherNonOperatingIncome": "-118200000", "depreciation": "None", "depreciationAndAmortization": "204900000", "incomeBeforeTax": "28300000", "incomeTaxExpense": "11200000", "interestAndDebtExpense": "None", "netIncomeFromContinuingOperations": "17100000", "comprehensiveIncomeNetOfTax": "None", "ebit": "588900000", "ebitda": "793800000", "netIncome": "17100000"}, {"fiscalDateEnding": "2010-12-31", "reportedCurrency": "USD", "grossProfit": "1390800000", "totalRevenue": "8801200000", "costOfRevenue": "7410400000", "costofGoodsAndServicesSold": "7410400000", "operatingIncome": "352700000", "sellingGeneralAndAdministrative": "932100000", "researchAndDevelopment": "None", "operatingExpenses": "1038100000", "investmentIncomeNet": "None", "netInterestIncome": "None", "interestIncome": "None", "interestExpense": "391900000", "nonInterestIncome": "None", "otherNonOperatingIncome": "None", "depreciation": "None", "depreciationAndAmortization": "209400000", "incomeBeforeTax": "-37000000", "incomeTaxExpense": "-7800000", "interestAndDebtExpense": "None", "netIncomeFromContinuingOperations": "None", "comprehensiveIncomeNetOfTax": "None", "ebit": "350500000", "ebitda": "559900000", "netIncome": "-29200000"}, {"fiscalDateEnding": "2009-12-31", "reportedCurrency": "USD", "grossProfit": "1132900000", "totalRevenue": "7162600000", "costOfRevenue": "6029700000", "costofGoodsAndServicesSold": "6029700000", "operatingIncome": "-31900000", "sellingGeneralAndAdministrative": "821100000", "researchAndDevelopment": "None", "operatingExpenses": "923000000", "investmentIncomeNet": "None", "netInterestIncome": "None", "interestIncome": "None", "interestExpense": "431700000", "nonInterestIncome": "None", "otherNonOperatingIncome": "None", "depreciation": "None", "depreciationAndAmortization": "218200000", "incomeBeforeTax": "-461200000", "incomeTaxExpense": "-87800000", "interestAndDebtExpense": "None", "netIncomeFromContinuingOperations": "None", "comprehensiveIncomeNetOfTax": "None", "ebit": "449300000", "ebitda": "667500000", "netIncome": "-373400000"}, {"fiscalDateEnding": "2008-12-31", "reportedCurrency": "USD", "grossProfit": "1361000000", "totalRevenue": "8071200000", "costOfRevenue": "6710200000", "costofGoodsAndServicesSold": "6710200000", "operatingIncome": "-1387100000", "sellingGeneralAndAdministrative": "894800000", "researchAndDevelopment": "None", "operatingExpenses": "1036100000", "investmentIncomeNet": "None", "netInterestIncome": "None", "interestIncome": "None", "interestExpense": "390300000", "nonInterestIncome": "None", "otherNonOperatingIncome": "None", "depreciation": "None", "depreciationAndAmortization": "218400000", "incomeBeforeTax": "-1777200000", "incomeTaxExpense": "-12100000", "interestAndDebtExpense": "None", "netIncomeFromContinuingOperations": "None", "comprehensiveIncomeNetOfTax": "None", "ebit": "2036700000", "ebitda": "2255100000", "netIncome": "-1765100000"}, {"fiscalDateEnding": "2006-12-31", "reportedCurrency": "USD", "grossProfit": "1069843000", "totalRevenue": "6785473000", "costOfRevenue": "5715630000", "costofGoodsAndServicesSold": "5715630000", "operatingIncome": "396399000", "sellingGeneralAndAdministrative": "530120000", "researchAndDevelopment": "None", "operatingExpenses": "673444000", "investmentIncomeNet": "None", "netInterestIncome": "None", "interestIncome": "None", "interestExpense": "0", "nonInterestIncome": "None", "otherNonOperatingIncome": "None", "depreciation": "None", "depreciationAndAmortization": "28138000", "incomeBeforeTax": "414351000", "incomeTaxExpense": "148271000", "interestAndDebtExpense": "None", "netIncomeFromContinuingOperations": "None", "comprehensiveIncomeNetOfTax": "None", "ebit": "396399000", "ebitda": "424537000", "netIncome": "266080000"}, {"fiscalDateEnding": "2005-12-31", "reportedCurrency": "USD", "grossProfit": "967630000", "totalRevenue": "6291845000", "costOfRevenue": "5324215000", "costofGoodsAndServicesSold": "5324215000", "operatingIncome": "419634000", "sellingGeneralAndAdministrative": "433482000", "researchAndDevelopment": "None", "operatingExpenses": "547996000", "investmentIncomeNet": "None", "netInterestIncome": "None", "interestIncome": "None", "interestExpense": "0", "nonInterestIncome": "None", "otherNonOperatingIncome": "None", "depreciation": "None", "depreciationAndAmortization": "21493000", "incomeBeforeTax": "432958000", "incomeTaxExpense": "160866000", "interestAndDebtExpense": "None", "netIncomeFromContinuingOperations": "None", "comprehensiveIncomeNetOfTax": "None", "ebit": "419634000", "ebitda": "441127000", "netIncome": "272092000"}, {"fiscalDateEnding": "2004-12-31", "reportedCurrency": "USD", "grossProfit": "870124000", "totalRevenue": "5737774000", "costOfRevenue": "4867650000", "costofGoodsAndServicesSold": "4867650000", "operatingIncome": "392759000", "sellingGeneralAndAdministrative": "386563000", "researchAndDevelopment": "None", "operatingExpenses": "477365000", "investmentIncomeNet": "None", "netInterestIncome": "None", "interestIncome": "None", "interestExpense": "0", "nonInterestIncome": "None", "otherNonOperatingIncome": "None", "depreciation": "None", "depreciationAndAmortization": "16998000", "incomeBeforeTax": "399860000", "incomeTaxExpense": "158415000", "interestAndDebtExpense": "None", "netIncomeFromContinuingOperations": "None", "comprehensiveIncomeNetOfTax": "None", "ebit": "392759000", "ebitda": "409757000", "netIncome": "241445000"}], "quarterlyReports": [{"fiscalDateEnding": "2024-12-31", "reportedCurrency": "USD", "grossProfit": "1155300000", "totalRevenue": "5186000000", "costOfRevenue": "4030700000", "costofGoodsAndServicesSold": "4030700000", "operatingIncome": "408600000", "sellingGeneralAndAdministrative": "746700000", "researchAndDevelopment": "None", "operatingExpenses": "746700000", "investmentIncomeNet": "None", "netInterestIncome": "-56500000", "interestIncome": "None", "interestExpense": "56500000", "nonInterestIncome": "None", "otherNonOperatingIncome": "None", "depreciation": "None", "depreciationAndAmortization": "600000", "incomeBeforeTax": "351500000", "incomeTaxExpense": "87300000", "interestAndDebtExpense": "None", "netIncomeFromContinuingOperations": "264200000", "comprehensiveIncomeNetOfTax": "None", "ebit": "408000000", "ebitda": "408600000", "netIncome": "264200000"}, {"fiscalDateEnding": "2024-09-30", "reportedCurrency": "USD", "grossProfit": "1200700000", "totalRevenue": "5516600000", "costOfRevenue": "4315900000", "costofGoodsAndServicesSold": "4315900000", "operatingIncome": "481600000", "sellingGeneralAndAdministrative": "719100000", "researchAndDevelopment": "None", "operatingExpenses": "719100000", "investmentIncomeNet": "None", "netInterestIncome": "-54400000", "interestIncome": "None", "interestExpense": "54400000", "nonInterestIncome": "None", "otherNonOperatingIncome": "None", "depreciation": "None", "depreciationAndAmortization": "69100000", "incomeBeforeTax": "427600000", "incomeTaxExpense": "111200000", "interestAndDebtExpense": "None", "netIncomeFromContinuingOperations": "316400000", "comprehensiveIncomeNetOfTax": "None", "ebit": "482000000", "ebitda": "551100000", "netIncome": "316400000"}, {"fiscalDateEnding": "2024-06-30", "reportedCurrency": "USD", "grossProfit": "1183100000", "totalRevenue": "5423400000", "costOfRevenue": "4240300000", "costofGoodsAndServicesSold": "4240300000", "operatingIncome": "434000000", "sellingGeneralAndAdministrative": "750000000", "researchAndDevelopment": "None", "operatingExpenses": "749100000", "investmentIncomeNet": "None", "netInterestIncome": "-52300000", "interestIncome": "None", "interestExpense": "52300000", "nonInterestIncome": "None", "otherNonOperatingIncome": "None", "depreciation": "None", "depreciationAndAmortization": "69400000", "incomeBeforeTax": "379700000", "incomeTaxExpense": "98600000", "interestAndDebtExpense": "None", "netIncomeFromContinuingOperations": "281100000", "comprehensiveIncomeNetOfTax": "None", "ebit": "433100000", "ebitda": "502500000", "netIncome": "281100000"}, {"fiscalDateEnding": "2024-03-31", "reportedCurrency": "USD", "grossProfit": "1063300000", "totalRevenue": "4872700000", "costOfRevenue": "3809400000", "costofGoodsAndServicesSold": "3809400000", "operatingIncome": "328700000", "sellingGeneralAndAdministrative": "735300000", "researchAndDevelopment": "None", "operatingExpenses": "734600000", "investmentIncomeNet": "None", "netInterestIncome": "-51300000", "interestIncome": "None", "interestExpense": "51300000", "nonInterestIncome": "None", "otherNonOperatingIncome": "None", "depreciation": "None", "depreciationAndAmortization": "67300000", "incomeBeforeTax": "276600000", "incomeTaxExpense": "60500000", "interestAndDebtExpense": "None", "netIncomeFromContinuingOperations": "216100000", "comprehensiveIncomeNetOfTax": "None", "ebit": "335300000", "ebitda": "402600000", "netIncome": "216100000"}, {"fiscalDateEnding": "2023-12-31", "reportedCurrency": "USD", "grossProfit": "1192000000", "totalRevenue": "5018500000", "costOfRevenue": "3826500000", "costofGoodsAndServicesSold": "3826500000", "operatingIncome": "435000000", "sellingGeneralAndAdministrative": "503800000", "researchAndDevelopment": "None", "operatingExpenses": "757000000", "investmentIncomeNet": "None", "netInterestIncome": "-53300000", "interestIncome": "None", "interestExpense": "53300000", "nonInterestIncome": "None", "otherNonOperatingIncome": "None", "depreciation": "None", "depreciationAndAmortization": "38200000", "incomeBeforeTax": "380700000", "incomeTaxExpense": "84600000", "interestAndDebtExpense": "None", "netIncomeFromContinuingOperations": "296100000", "comprehensiveIncomeNetOfTax": "None", "ebit": "434000000", "ebitda": "472200000", "netIncome": "296100000"}, {"fiscalDateEnding": "2023-09-30", "reportedCurrency": "USD", "grossProfit": "1227700000", "totalRevenue": "5628300000", "costOfRevenue": "4400600000", "costofGoodsAndServicesSold": "4400600000", "operatingIncome": "478400000", "sellingGeneralAndAdministrative": "749300000", "researchAndDevelopment": "None", "operatingExpenses": "749300000", "investmentIncomeNet": "None", "netInterestIncome": "-57400000", "interestIncome": "None", "interestExpense": "57400000", "nonInterestIncome": "None", "otherNonOperatingIncome": "None", "depreciation": "None", "depreciationAndAmortization": "66000000", "incomeBeforeTax": "419800000", "incomeTaxExpense": "104300000", "interestAndDebtExpense": "None", "netIncomeFromContinuingOperations": "315500000", "comprehensiveIncomeNetOfTax": "None", "ebit": "478400000", "ebitda": "544400000", "netIncome": "315500000"}, {"fiscalDateEnding": "2023-06-30", "reportedCurrency": "USD", "grossProfit": "1181500000", "totalRevenue": "5626100000", "costOfRevenue": "4444600000", "costofGoodsAndServicesSold": "4444600000", "operatingIncome": "412200000", "sellingGeneralAndAdministrative": "769300000", "researchAndDevelopment": "None", "operatingExpenses": "769300000", "investmentIncomeNet": "None", "netInterestIncome": "-58200000", "interestIncome": "None", "interestExpense": "58200000", "nonInterestIncome": "None", "otherNonOperatingIncome": "-600000", "depreciation": "None", "depreciationAndAmortization": "65900000", "incomeBeforeTax": "353400000", "incomeTaxExpense": "90800000", "interestAndDebtExpense": "None", "netIncomeFromContinuingOperations": "262600000", "comprehensiveIncomeNetOfTax": "None", "ebit": "411600000", "ebitda": "477500000", "netIncome": "262600000"}, {"fiscalDateEnding": "2023-03-31", "reportedCurrency": "USD", "grossProfit": "1089400000", "totalRevenue": "5103100000", "costOfRevenue": "4013700000", "costofGoodsAndServicesSold": "4013700000", "operatingIncome": "283300000", "sellingGeneralAndAdministrative": "734100000", "researchAndDevelopment": "None", "operatingExpenses": "734100000", "investmentIncomeNet": "None", "netInterestIncome": "-57700000", "interestIncome": "None", "interestExpense": "57700000", "nonInterestIncome": "None", "otherNonOperatingIncome": "-1300000", "depreciation": "None", "depreciationAndAmortization": "70700000", "incomeBeforeTax": "296300000", "incomeTaxExpense": "66200000", "interestAndDebtExpense": "None", "netIncomeFromContinuingOperations": "230100000", "comprehensiveIncomeNetOfTax": "None", "ebit": "356200000", "ebitda": "426900000", "netIncome": "230100000"}, {"fiscalDateEnding": "2022-12-31", "reportedCurrency": "USD", "grossProfit": "1181100000", "totalRevenue": "5438300000", "costOfRevenue": "4257200000", "costofGoodsAndServicesSold": "4257200000", "operatingIncome": "446600000", "sellingGeneralAndAdministrative": "523500000", "researchAndDevelopment": "None", "operatingExpenses": "734500000", "investmentIncomeNet": "None", "netInterestIncome": "-59400000", "interestIncome": "None", "interestExpense": "59400000", "nonInterestIncome": "None", "otherNonOperatingIncome": "-6000000", "depreciation": "None", "depreciationAndAmortization": "41500000", "incomeBeforeTax": "381200000", "incomeTaxExpense": "94000000", "interestAndDebtExpense": "None", "netIncomeFromContinuingOperations": "287200000", "comprehensiveIncomeNetOfTax": "None", "ebit": "441600000", "ebitda": "483100000", "netIncome": "287200000"}, {"fiscalDateEnding": "2022-09-30", "reportedCurrency": "USD", "grossProfit": "1233200000", "totalRevenue": "6215500000", "costOfRevenue": "4982300000", "costofGoodsAndServicesSold": "4982300000", "operatingIncome": "466400000", "sellingGeneralAndAdministrative": "766800000", "researchAndDevelopment": "None", "operatingExpenses": "766800000", "investmentIncomeNet": "None", "netInterestIncome": "-62600000", "interestIncome": "None", "interestExpense": "62600000", "nonInterestIncome": "None", "otherNonOperatingIncome": "-4800000", "depreciation": "None", "depreciationAndAmortization": "75600000", "incomeBeforeTax": "399000000", "incomeTaxExpense": "101200000", "interestAndDebtExpense": "None", "netIncomeFromContinuingOperations": "297800000", "comprehensiveIncomeNetOfTax": "None", "ebit": "466400000", "ebitda": "542000000", "netIncome": "297800000"}, {"fiscalDateEnding": "2022-06-30", "reportedCurrency": "USD", "grossProfit": "1168200000", "totalRevenue": "6145800000", "costOfRevenue": "4977600000", "costofGoodsAndServicesSold": "4977600000", "operatingIncome": "435300000", "sellingGeneralAndAdministrative": "732900000", "researchAndDevelopment": "None", "operatingExpenses": "732900000", "investmentIncomeNet": "None", "netInterestIncome": "-57700000", "interestIncome": "None", "interestExpense": "57700000", "nonInterestIncome": "None", "otherNonOperatingIncome": "-400000", "depreciation": "None", "depreciationAndAmortization": "71100000", "incomeBeforeTax": "377200000", "incomeTaxExpense": "97900000", "interestAndDebtExpense": "None", "netIncomeFromContinuingOperations": "279300000", "comprehensiveIncomeNetOfTax": "None", "ebit": "434900000", "ebitda": "506000000", "netIncome": "279300000"}, {"fiscalDateEnding": "2022-03-31", "reportedCurrency": "USD", "grossProfit": "1104100000", "totalRevenue": "5949100000", "costOfRevenue": "4845000000", "costofGoodsAndServicesSold": "4845000000", "operatingIncome": "386900000", "sellingGeneralAndAdministrative": "717200000", "researchAndDevelopment": "None", "operatingExpenses": "717200000", "investmentIncomeNet": "None", "netInterestIncome": "-56000000", "interestIncome": "None", "interestExpense": "56000000", "nonInterestIncome": "None", "otherNonOperatingIncome": "-500000", "depreciation": "None", "depreciationAndAmortization": "71400000", "incomeBeforeTax": "330400000", "incomeTaxExpense": "80200000", "interestAndDebtExpense": "None", "netIncomeFromContinuingOperations": "250200000", "comprehensiveIncomeNetOfTax": "None", "ebit": "386900000", "ebitda": "458300000", "netIncome": "250200000"}, {"fiscalDateEnding": "2021-12-31", "reportedCurrency": "USD", "grossProfit": "975600000", "totalRevenue": "5536900000", "costOfRevenue": "4561300000", "costofGoodsAndServicesSold": "4561300000", "operatingIncome": "339300000", "sellingGeneralAndAdministrative": "636300000", "researchAndDevelopment": "None", "operatingExpenses": "636300000", "investmentIncomeNet": "None", "netInterestIncome": "-43400000", "interestIncome": "None", "interestExpense": "43400000", "nonInterestIncome": "None", "otherNonOperatingIncome": "-8600000", "depreciation": "None", "depreciationAndAmortization": "51200000", "incomeBeforeTax": "287300000", "incomeTaxExpense": "72000000", "interestAndDebtExpense": "None", "netIncomeFromContinuingOperations": "215300000", "comprehensiveIncomeNetOfTax": "None", "ebit": "381100000", "ebitda": "432300000", "netIncome": "215300000"}, {"fiscalDateEnding": "2021-09-30", "reportedCurrency": "USD", "grossProfit": "914900000", "totalRevenue": "5300000000", "costOfRevenue": "4385100000", "costofGoodsAndServicesSold": "4385100000", "operatingIncome": "386400000", "sellingGeneralAndAdministrative": "528500000", "researchAndDevelopment": "None", "operatingExpenses": "528500000", "investmentIncomeNet": "None", "netInterestIncome": "-36400000", "interestIncome": "None", "interestExpense": "36400000", "nonInterestIncome": "None", "otherNonOperatingIncome": "400000", "depreciation": "None", "depreciationAndAmortization": "48200000", "incomeBeforeTax": "350400000", "incomeTaxExpense": "83800000", "interestAndDebtExpense": "None", "netIncomeFromContinuingOperations": "266600000", "comprehensiveIncomeNetOfTax": "None", "ebit": "386800000", "ebitda": "435000000", "netIncome": "266600000"}, {"fiscalDateEnding": "2021-06-30", "reportedCurrency": "USD", "grossProfit": "882800000", "totalRevenue": "5146400000", "costOfRevenue": "4263600000", "costofGoodsAndServicesSold": "4263600000", "operatingIncome": "369900000", "sellingGeneralAndAdministrative": "512900000", "researchAndDevelopment": "None", "operatingExpenses": "512900000", "investmentIncomeNet": "None", "netInterestIncome": "-35500000", "interestIncome": "None", "interestExpense": "35500000", "nonInterestIncome": "None", "otherNonOperatingIncome": "36800000", "depreciation": "None", "depreciationAndAmortization": "46600000", "incomeBeforeTax": "371200000", "incomeTaxExpense": "97100000", "interestAndDebtExpense": "None", "netIncomeFromContinuingOperations": "274100000", "comprehensiveIncomeNetOfTax": "None", "ebit": "372700000", "ebitda": "419300000", "netIncome": "274100000"}, {"fiscalDateEnding": "2021-03-31", "reportedCurrency": "USD", "grossProfit": "795200000", "totalRevenue": "4837500000", "costOfRevenue": "4042300000", "costofGoodsAndServicesSold": "4042300000", "operatingIncome": "323400000", "sellingGeneralAndAdministrative": "471800000", "researchAndDevelopment": "None", "operatingExpenses": "471800000", "investmentIncomeNet": "None", "netInterestIncome": "-35600000", "interestIncome": "None", "interestExpense": "35600000", "nonInterestIncome": "None", "otherNonOperatingIncome": "1100000", "depreciation": "None", "depreciationAndAmortization": "45200000", "incomeBeforeTax": "288900000", "incomeTaxExpense": "56300000", "interestAndDebtExpense": "None", "netIncomeFromContinuingOperations": "232600000", "comprehensiveIncomeNetOfTax": "None", "ebit": "324500000", "ebitda": "369700000", "netIncome": "232600000"}, {"fiscalDateEnding": "2020-12-31", "reportedCurrency": "USD", "grossProfit": "880900000", "totalRevenue": "4956200000", "costOfRevenue": "4075300000", "costofGoodsAndServicesSold": "4075300000", "operatingIncome": "332200000", "sellingGeneralAndAdministrative": "548700000", "researchAndDevelopment": "None", "operatingExpenses": "548700000", "investmentIncomeNet": "None", "netInterestIncome": "-37100000", "interestIncome": "None", "interestExpense": "37100000", "nonInterestIncome": "None", "otherNonOperatingIncome": "-100000", "depreciation": "None", "depreciationAndAmortization": "76600000", "incomeBeforeTax": "295000000", "incomeTaxExpense": "56700000", "interestAndDebtExpense": "None", "netIncomeFromContinuingOperations": "150500000", "comprehensiveIncomeNetOfTax": "None", "ebit": "337100000", "ebitda": "413700000", "netIncome": "238300000"}, {"fiscalDateEnding": "2020-09-30", "reportedCurrency": "USD", "grossProfit": "825500000", "totalRevenue": "4756400000", "costOfRevenue": "3930900000", "costofGoodsAndServicesSold": "3930900000", "operatingIncome": "317800000", "sellingGeneralAndAdministrative": "507700000", "researchAndDevelopment": "None", "operatingExpenses": "507700000", "investmentIncomeNet": "None", "netInterestIncome": "-40200000", "interestIncome": "None", "interestExpense": "40200000", "nonInterestIncome": "None", "otherNonOperatingIncome": "-27500000", "depreciation": "None", "depreciationAndAmortization": "132400000", "incomeBeforeTax": "250100000", "incomeTaxExpense": "56900000", "interestAndDebtExpense": "None", "netIncomeFromContinuingOperations": "193200000", "comprehensiveIncomeNetOfTax": "None", "ebit": "317800000", "ebitda": "450200000", "netIncome": "193200000"}, {"fiscalDateEnding": "2020-06-30", "reportedCurrency": "USD", "grossProfit": "747200000", "totalRevenue": "4365700000", "costOfRevenue": "3618500000", "costofGoodsAndServicesSold": "3618500000", "operatingIncome": "283400000", "sellingGeneralAndAdministrative": "463800000", "researchAndDevelopment": "None", "operatingExpenses": "463800000", "investmentIncomeNet": "None", "netInterestIncome": "-39700000", "interestIncome": "None", "interestExpense": "39700000", "nonInterestIncome": "None", "otherNonOperatingIncome": "1700000", "depreciation": "None", "depreciationAndAmortization": "125200000", "incomeBeforeTax": "245400000", "incomeTaxExpense": "56300000", "interestAndDebtExpense": "None", "netIncomeFromContinuingOperations": "189100000", "comprehensiveIncomeNetOfTax": "None", "ebit": "283400000", "ebitda": "408600000", "netIncome": "189100000"}, {"fiscalDateEnding": "2020-03-31", "reportedCurrency": "USD", "grossProfit": "756500000", "totalRevenue": "4389200000", "costOfRevenue": "3632700000", "costofGoodsAndServicesSold": "3632700000", "operatingIncome": "245800000", "sellingGeneralAndAdministrative": "510700000", "researchAndDevelopment": "None", "operatingExpenses": "510700000", "investmentIncomeNet": "None", "netInterestIncome": "-37900000", "interestIncome": "37900000", "interestExpense": "37900000", "nonInterestIncome": "None", "otherNonOperatingIncome": "3900000", "depreciation": "None", "depreciationAndAmortization": "91400000", "incomeBeforeTax": "211800000", "incomeTaxExpense": "43900000", "interestAndDebtExpense": "None", "netIncomeFromContinuingOperations": "255700000", "comprehensiveIncomeNetOfTax": "None", "ebit": "245800000", "ebitda": "337200000", "netIncome": "167900000"}, {"fiscalDateEnding": "2019-12-31", "reportedCurrency": "USD", "grossProfit": "777500000", "totalRevenue": "4536900000", "costOfRevenue": "3759400000", "costofGoodsAndServicesSold": "3759400000", "operatingIncome": "283800000", "sellingGeneralAndAdministrative": "443800000", "researchAndDevelopment": "None", "operatingExpenses": "493700000", "investmentIncomeNet": "None", "netInterestIncome": "-38300000", "interestIncome": "38300000", "interestExpense": "38300000", "nonInterestIncome": "None", "otherNonOperatingIncome": "-9500000", "depreciation": "None", "depreciationAndAmortization": "69600000", "incomeBeforeTax": "236000000", "incomeTaxExpense": "50400000", "interestAndDebtExpense": "None", "netIncomeFromContinuingOperations": "286400000", "comprehensiveIncomeNetOfTax": "None", "ebit": "283800000", "ebitda": "353400000", "netIncome": "185600000"}, {"fiscalDateEnding": "2019-09-30", "reportedCurrency": "USD", "grossProfit": "816500000", "totalRevenue": "4907700000", "costOfRevenue": "4091200000", "costofGoodsAndServicesSold": "4091200000", "operatingIncome": "320600000", "sellingGeneralAndAdministrative": "444900000", "researchAndDevelopment": "None", "operatingExpenses": "495900000", "investmentIncomeNet": "None", "netInterestIncome": "-42300000", "interestIncome": "42300000", "interestExpense": "42300000", "nonInterestIncome": "None", "otherNonOperatingIncome": "-17400000", "depreciation": "None", "depreciationAndAmortization": "68200000", "incomeBeforeTax": "260900000", "incomeTaxExpense": "59200000", "interestAndDebtExpense": "None", "netIncomeFromContinuingOperations": "320100000", "comprehensiveIncomeNetOfTax": "None", "ebit": "320600000", "ebitda": "388800000", "netIncome": "201700000"}, {"fiscalDateEnding": "2019-06-30", "reportedCurrency": "USD", "grossProfit": "773800000", "totalRevenue": "4629900000", "costOfRevenue": "3856100000", "costofGoodsAndServicesSold": "3856100000", "operatingIncome": "300300000", "sellingGeneralAndAdministrative": "420400000", "researchAndDevelopment": "None", "operatingExpenses": "473500000", "investmentIncomeNet": "None", "netInterestIncome": "-40500000", "interestIncome": "40500000", "interestExpense": "40500000", "nonInterestIncome": "None", "otherNonOperatingIncome": "1400000", "depreciation": "None", "depreciationAndAmortization": "65000000", "incomeBeforeTax": "261200000", "incomeTaxExpense": "64600000", "interestAndDebtExpense": "None", "netIncomeFromContinuingOperations": "325800000", "comprehensiveIncomeNetOfTax": "None", "ebit": "300300000", "ebitda": "365300000", "netIncome": "196600000"}, {"fiscalDateEnding": "2019-03-31", "reportedCurrency": "USD", "grossProfit": "672100000", "totalRevenue": "3957900000", "costOfRevenue": "3285800000", "costofGoodsAndServicesSold": "3285800000", "operatingIncome": "228900000", "sellingGeneralAndAdministrative": "404000000", "researchAndDevelopment": "None", "operatingExpenses": "443200000", "investmentIncomeNet": "None", "netInterestIncome": "-38300000", "interestIncome": "38300000", "interestExpense": "38300000", "nonInterestIncome": "None", "otherNonOperatingIncome": "1000000", "depreciation": "None", "depreciationAndAmortization": "64300000", "incomeBeforeTax": "191600000", "incomeTaxExpense": "38700000", "interestAndDebtExpense": "None", "netIncomeFromContinuingOperations": "230300000", "comprehensiveIncomeNetOfTax": "None", "ebit": "228900000", "ebitda": "293200000", "netIncome": "152900000"}, {"fiscalDateEnding": "2018-12-31", "reportedCurrency": "USD", "grossProfit": "693800000", "totalRevenue": "4074800000", "costOfRevenue": "3381000000", "costofGoodsAndServicesSold": "3381000000", "operatingIncome": "242900000", "sellingGeneralAndAdministrative": "402300000", "researchAndDevelopment": "0", "operatingExpenses": "450900000", "investmentIncomeNet": "None", "netInterestIncome": "None", "interestIncome": "None", "interestExpense": "37100000", "nonInterestIncome": "None", "otherNonOperatingIncome": "800000", "depreciation": "None", "depreciationAndAmortization": "66900000", "incomeBeforeTax": "206600000", "incomeTaxExpense": "47300000", "interestAndDebtExpense": "None", "netIncomeFromContinuingOperations": "253600000", "comprehensiveIncomeNetOfTax": "None", "ebit": "242900000", "ebitda": "309800000", "netIncome": "159300000"}, {"fiscalDateEnding": "2018-09-30", "reportedCurrency": "USD", "grossProfit": "713600000", "totalRevenue": "4373200000", "costOfRevenue": "3659600000", "costofGoodsAndServicesSold": "3659600000", "operatingIncome": "274800000", "sellingGeneralAndAdministrative": "390700000", "researchAndDevelopment": "0", "operatingExpenses": "438800000", "investmentIncomeNet": "None", "netInterestIncome": "None", "interestIncome": "None", "interestExpense": "36600000", "nonInterestIncome": "None", "otherNonOperatingIncome": "200000", "depreciation": "None", "depreciationAndAmortization": "65800000", "incomeBeforeTax": "238400000", "incomeTaxExpense": "54700000", "interestAndDebtExpense": "None", "netIncomeFromContinuingOperations": "293100000", "comprehensiveIncomeNetOfTax": "None", "ebit": "275000000", "ebitda": "340800000", "netIncome": "183700000"}, {"fiscalDateEnding": "2018-06-30", "reportedCurrency": "USD", "grossProfit": "695600000", "totalRevenue": "4186100000", "costOfRevenue": "3490500000", "costofGoodsAndServicesSold": "3490500000", "operatingIncome": "265500000", "sellingGeneralAndAdministrative": "381400000", "researchAndDevelopment": "0", "operatingExpenses": "430100000", "investmentIncomeNet": "None", "netInterestIncome": "None", "interestIncome": "None", "interestExpense": "37200000", "nonInterestIncome": "None", "otherNonOperatingIncome": "1500000", "depreciation": "None", "depreciationAndAmortization": "66300000", "incomeBeforeTax": "229800000", "incomeTaxExpense": "56800000", "interestAndDebtExpense": "None", "netIncomeFromContinuingOperations": "286600000", "comprehensiveIncomeNetOfTax": "None", "ebit": "265500000", "ebitda": "331800000", "netIncome": "173000000"}, {"fiscalDateEnding": "2018-03-31", "reportedCurrency": "USD", "grossProfit": "603900000", "totalRevenue": "3606400000", "costOfRevenue": "3002500000", "costofGoodsAndServicesSold": "3002500000", "operatingIncome": "204100000", "sellingGeneralAndAdministrative": "362700000", "researchAndDevelopment": "0", "operatingExpenses": "399800000", "investmentIncomeNet": "None", "netInterestIncome": "None", "interestIncome": "None", "interestExpense": "37700000", "nonInterestIncome": "None", "otherNonOperatingIncome": "-700000", "depreciation": "None", "depreciationAndAmortization": "66600000", "incomeBeforeTax": "165700000", "incomeTaxExpense": "38700000", "interestAndDebtExpense": "None", "netIncomeFromContinuingOperations": "204700000", "comprehensiveIncomeNetOfTax": "None", "ebit": "204100000", "ebitda": "270700000", "netIncome": "127000000"}, {"fiscalDateEnding": "2017-12-31", "reportedCurrency": "USD", "grossProfit": "614400000", "totalRevenue": "3838600000", "costOfRevenue": "3224200000", "costofGoodsAndServicesSold": "3224200000", "operatingIncome": "221600000", "sellingGeneralAndAdministrative": "347300000", "researchAndDevelopment": "0", "operatingExpenses": "392800000", "investmentIncomeNet": "None", "netInterestIncome": "None", "interestIncome": "None", "interestExpense": "37100000", "nonInterestIncome": "None", "otherNonOperatingIncome": "-1000000", "depreciation": "None", "depreciationAndAmortization": "65700000", "incomeBeforeTax": "184600000", "incomeTaxExpense": "-10600000", "interestAndDebtExpense": "None", "netIncomeFromContinuingOperations": "174000000", "comprehensiveIncomeNetOfTax": "None", "ebit": "220900000", "ebitda": "286600000", "netIncome": "195200000"}, {"fiscalDateEnding": "2017-09-30", "reportedCurrency": "USD", "grossProfit": "642000000", "totalRevenue": "4033900000", "costOfRevenue": "3391900000", "costofGoodsAndServicesSold": "3391900000", "operatingIncome": "243700000", "sellingGeneralAndAdministrative": "352000000", "researchAndDevelopment": "0", "operatingExpenses": "398300000", "investmentIncomeNet": "None", "netInterestIncome": "None", "interestIncome": "None", "interestExpense": "37800000", "nonInterestIncome": "None", "otherNonOperatingIncome": "700000", "depreciation": "None", "depreciationAndAmortization": "65700000", "incomeBeforeTax": "206600000", "incomeTaxExpense": "77400000", "interestAndDebtExpense": "None", "netIncomeFromContinuingOperations": "284000000", "comprehensiveIncomeNetOfTax": "None", "ebit": "244000000", "ebitda": "309700000", "netIncome": "129200000"}, {"fiscalDateEnding": "2017-06-30", "reportedCurrency": "USD", "grossProfit": "641100000", "totalRevenue": "3994400000", "costOfRevenue": "3353300000", "costofGoodsAndServicesSold": "3353300000", "operatingIncome": "231100000", "sellingGeneralAndAdministrative": "363500000", "researchAndDevelopment": "0", "operatingExpenses": "410000000", "investmentIncomeNet": "None", "netInterestIncome": "None", "interestIncome": "None", "interestExpense": "35900000", "nonInterestIncome": "None", "otherNonOperatingIncome": "300000", "depreciation": "None", "depreciationAndAmortization": "65300000", "incomeBeforeTax": "195500000", "incomeTaxExpense": "54500000", "interestAndDebtExpense": "None", "netIncomeFromContinuingOperations": "250000000", "comprehensiveIncomeNetOfTax": "None", "ebit": "230800000", "ebitda": "296100000", "netIncome": "141000000"}, {"fiscalDateEnding": "2017-03-31", "reportedCurrency": "USD", "grossProfit": "552600000", "totalRevenue": "3324700000", "costOfRevenue": "2772100000", "costofGoodsAndServicesSold": "2772100000", "operatingIncome": "169800000", "sellingGeneralAndAdministrative": "347400000", "researchAndDevelopment": "0", "operatingExpenses": "382800000", "investmentIncomeNet": "None", "netInterestIncome": "None", "interestIncome": "None", "interestExpense": "39700000", "nonInterestIncome": "None", "otherNonOperatingIncome": "-57400000", "depreciation": "None", "depreciationAndAmortization": "64200000", "incomeBeforeTax": "73600000", "incomeTaxExpense": "16000000", "interestAndDebtExpense": "None", "netIncomeFromContinuingOperations": "89600000", "comprehensiveIncomeNetOfTax": "None", "ebit": "170700000", "ebitda": "234900000", "netIncome": "57600000"}, {"fiscalDateEnding": "2016-12-31", "reportedCurrency": "USD", "grossProfit": "577900000", "totalRevenue": "3492400000", "costOfRevenue": "2914500000", "costofGoodsAndServicesSold": "2914500000", "operatingIncome": "197200000", "sellingGeneralAndAdministrative": "336100000", "researchAndDevelopment": "0", "operatingExpenses": "380700000", "investmentIncomeNet": "None", "netInterestIncome": "None", "interestIncome": "None", "interestExpense": "33900000", "nonInterestIncome": "None", "otherNonOperatingIncome": "-1900000", "depreciation": "None", "depreciationAndAmortization": "63800000", "incomeBeforeTax": "162800000", "incomeTaxExpense": "59600000", "interestAndDebtExpense": "None", "netIncomeFromContinuingOperations": "222400000", "comprehensiveIncomeNetOfTax": "None", "ebit": "197200000", "ebitda": "261000000", "netIncome": "103200000"}, {"fiscalDateEnding": "2016-09-30", "reportedCurrency": "USD", "grossProfit": "614300000", "totalRevenue": "3708200000", "costOfRevenue": "3093900000", "costofGoodsAndServicesSold": "3093900000", "operatingIncome": "237500000", "sellingGeneralAndAdministrative": "334900000", "researchAndDevelopment": "0", "operatingExpenses": "376800000", "investmentIncomeNet": "None", "netInterestIncome": "None", "interestIncome": "None", "interestExpense": "37600000", "nonInterestIncome": "None", "otherNonOperatingIncome": "-2100000", "depreciation": "None", "depreciationAndAmortization": "63000000", "incomeBeforeTax": "198200000", "incomeTaxExpense": "72300000", "interestAndDebtExpense": "None", "netIncomeFromContinuingOperations": "270500000", "comprehensiveIncomeNetOfTax": "None", "ebit": "235800000", "ebitda": "298800000", "netIncome": "125900000"}, {"fiscalDateEnding": "2016-06-30", "reportedCurrency": "USD", "grossProfit": "610500000", "totalRevenue": "3664600000", "costOfRevenue": "3054100000", "costofGoodsAndServicesSold": "3054100000", "operatingIncome": "223500000", "sellingGeneralAndAdministrative": "344700000", "researchAndDevelopment": "0", "operatingExpenses": "387000000", "investmentIncomeNet": "None", "netInterestIncome": "None", "interestIncome": "None", "interestExpense": "36900000", "nonInterestIncome": "None", "otherNonOperatingIncome": "900000", "depreciation": "None", "depreciationAndAmortization": "63700000", "incomeBeforeTax": "187500000", "incomeTaxExpense": "70000000", "interestAndDebtExpense": "None", "netIncomeFromContinuingOperations": "257500000", "comprehensiveIncomeNetOfTax": "None", "ebit": "223500000", "ebitda": "287200000", "netIncome": "117500000"}, {"fiscalDateEnding": "2016-03-31", "reportedCurrency": "USD", "grossProfit": "524500000", "totalRevenue": "3116700000", "costOfRevenue": "2592200000", "costofGoodsAndServicesSold": "2592200000", "operatingIncome": "161000000", "sellingGeneralAndAdministrative": "329300000", "researchAndDevelopment": "0", "operatingExpenses": "363500000", "investmentIncomeNet": "None", "netInterestIncome": "None", "interestIncome": "None", "interestExpense": "38100000", "nonInterestIncome": "None", "otherNonOperatingIncome": "1000000", "depreciation": "None", "depreciationAndAmortization": "64000000", "incomeBeforeTax": "123900000", "incomeTaxExpense": "46100000", "interestAndDebtExpense": "None", "netIncomeFromContinuingOperations": "170000000", "comprehensiveIncomeNetOfTax": "None", "ebit": "161000000", "ebitda": "225000000", "netIncome": "77800000"}, {"fiscalDateEnding": "2015-12-31", "reportedCurrency": "USD", "grossProfit": "557600000", "totalRevenue": "3418400000", "costOfRevenue": "2860800000", "costofGoodsAndServicesSold": "2860800000", "operatingIncome": "179900000", "sellingGeneralAndAdministrative": "338500000", "researchAndDevelopment": "0", "operatingExpenses": "377700000", "investmentIncomeNet": "None", "netInterestIncome": "None", "interestIncome": "None", "interestExpense": "38400000", "nonInterestIncome": "None", "otherNonOperatingIncome": "-102100000", "depreciation": "None", "depreciationAndAmortization": "62400000", "incomeBeforeTax": "141700000", "incomeTaxExpense": "52400000", "interestAndDebtExpense": "None", "netIncomeFromContinuingOperations": "194100000", "comprehensiveIncomeNetOfTax": "None", "ebit": "189900000", "ebitda": "252300000", "netIncome": "89300000"}, {"fiscalDateEnding": "2015-09-30", "reportedCurrency": "USD", "grossProfit": "567200000", "totalRevenue": "3501100000", "costOfRevenue": "2933900000", "costofGoodsAndServicesSold": "2933900000", "operatingIncome": "204600000", "sellingGeneralAndAdministrative": "321400000", "researchAndDevelopment": "0", "operatingExpenses": "362600000", "investmentIncomeNet": "None", "netInterestIncome": "None", "interestIncome": "None", "interestExpense": "38500000", "nonInterestIncome": "None", "otherNonOperatingIncome": "98100000", "depreciation": "None", "depreciationAndAmortization": "59900000", "incomeBeforeTax": "246200000", "incomeTaxExpense": "95300000", "interestAndDebtExpense": "None", "netIncomeFromContinuingOperations": "341500000", "comprehensiveIncomeNetOfTax": "None", "ebit": "204600000", "ebitda": "264500000", "netIncome": "150900000"}, {"fiscalDateEnding": "2015-06-30", "reportedCurrency": "USD", "grossProfit": "534500000", "totalRevenue": "3314000000", "costOfRevenue": "2779500000", "costofGoodsAndServicesSold": "2779500000", "operatingIncome": "205900000", "sellingGeneralAndAdministrative": "290600000", "researchAndDevelopment": "0", "operatingExpenses": "328600000", "investmentIncomeNet": "None", "netInterestIncome": "None", "interestIncome": "None", "interestExpense": "37800000", "nonInterestIncome": "None", "otherNonOperatingIncome": "4000000", "depreciation": "None", "depreciationAndAmortization": "52600000", "incomeBeforeTax": "172100000", "incomeTaxExpense": "63900000", "interestAndDebtExpense": "None", "netIncomeFromContinuingOperations": "236000000", "comprehensiveIncomeNetOfTax": "None", "ebit": "205900000", "ebitda": "258500000", "netIncome": "108200000"}, {"fiscalDateEnding": "2015-03-31", "reportedCurrency": "USD", "grossProfit": "456500000", "totalRevenue": "2755200000", "costOfRevenue": "2298700000", "costofGoodsAndServicesSold": "2298700000", "operatingIncome": "151600000", "sellingGeneralAndAdministrative": "275500000", "researchAndDevelopment": "0", "operatingExpenses": "304900000", "investmentIncomeNet": "None", "netInterestIncome": "None", "interestIncome": "None", "interestExpense": "44800000", "nonInterestIncome": "None", "otherNonOperatingIncome": "-24300000", "depreciation": "None", "depreciationAndAmortization": "52500000", "incomeBeforeTax": "87000000", "incomeTaxExpense": "32300000", "interestAndDebtExpense": "None", "netIncomeFromContinuingOperations": "119300000", "comprehensiveIncomeNetOfTax": "None", "ebit": "151600000", "ebitda": "204100000", "netIncome": "54700000"}, {"fiscalDateEnding": "2014-12-31", "reportedCurrency": "USD", "grossProfit": "491900000", "totalRevenue": "3050100000", "costOfRevenue": "2558200000", "costofGoodsAndServicesSold": "2558200000", "operatingIncome": "164300000", "sellingGeneralAndAdministrative": "290100000", "researchAndDevelopment": "0", "operatingExpenses": "327600000", "investmentIncomeNet": "None", "netInterestIncome": "None", "interestIncome": "None", "interestExpense": "48600000", "nonInterestIncome": "None", "otherNonOperatingIncome": "-37400000", "depreciation": "None", "depreciationAndAmortization": "52000000", "incomeBeforeTax": "80100000", "incomeTaxExpense": "28300000", "interestAndDebtExpense": "None", "netIncomeFromContinuingOperations": "168400000", "comprehensiveIncomeNetOfTax": "None", "ebit": "164300000", "ebitda": "216300000", "netIncome": "51800000"}, {"fiscalDateEnding": "2014-09-30", "reportedCurrency": "USD", "grossProfit": "507300000", "totalRevenue": "3266100000", "costOfRevenue": "2758800000", "costofGoodsAndServicesSold": "2758800000", "operatingIncome": "184700000", "sellingGeneralAndAdministrative": "285400000", "researchAndDevelopment": "0", "operatingExpenses": "322600000", "investmentIncomeNet": "None", "netInterestIncome": "None", "interestIncome": "None", "interestExpense": "50100000", "nonInterestIncome": "None", "otherNonOperatingIncome": "-45800000", "depreciation": "None", "depreciationAndAmortization": "51900000", "incomeBeforeTax": "89500000", "incomeTaxExpense": "33900000", "interestAndDebtExpense": "None", "netIncomeFromContinuingOperations": "123400000", "comprehensiveIncomeNetOfTax": "None", "ebit": "184700000", "ebitda": "236600000", "netIncome": "55600000"}, {"fiscalDateEnding": "2014-06-30", "reportedCurrency": "USD", "grossProfit": "496900000", "totalRevenue": "3106000000", "costOfRevenue": "2609100000", "costofGoodsAndServicesSold": "2609100000", "operatingIncome": "188200000", "sellingGeneralAndAdministrative": "273900000", "researchAndDevelopment": "0", "operatingExpenses": "308700000", "investmentIncomeNet": "None", "netInterestIncome": "None", "interestIncome": "None", "interestExpense": "48500000", "nonInterestIncome": "None", "otherNonOperatingIncome": "-2600000", "depreciation": "None", "depreciationAndAmortization": "52000000", "incomeBeforeTax": "137200000", "incomeTaxExpense": "50600000", "interestAndDebtExpense": "None", "netIncomeFromContinuingOperations": "187800000", "comprehensiveIncomeNetOfTax": "None", "ebit": "188200000", "ebitda": "240200000", "netIncome": "86600000"}, {"fiscalDateEnding": "2014-03-31", "reportedCurrency": "USD", "grossProfit": "425200000", "totalRevenue": "2652300000", "costOfRevenue": "2227100000", "costofGoodsAndServicesSold": "2227100000", "operatingIncome": "135800000", "sellingGeneralAndAdministrative": "260900000", "researchAndDevelopment": "0", "operatingExpenses": "289400000", "investmentIncomeNet": "None", "netInterestIncome": "None", "interestIncome": "None", "interestExpense": "50100000", "nonInterestIncome": "None", "otherNonOperatingIncome": "-4900000", "depreciation": "None", "depreciationAndAmortization": "52000000", "incomeBeforeTax": "80800000", "incomeTaxExpense": "29900000", "interestAndDebtExpense": "None", "netIncomeFromContinuingOperations": "50900000", "comprehensiveIncomeNetOfTax": "None", "ebit": "135800000", "ebitda": "187800000", "netIncome": "50900000"}, {"fiscalDateEnding": "2013-12-31", "reportedCurrency": "USD", "grossProfit": "448300000", "totalRevenue": "2713300000", "costOfRevenue": "2265000000", "costofGoodsAndServicesSold": "2265000000", "operatingIncome": "142000000", "sellingGeneralAndAdministrative": "270600000", "researchAndDevelopment": "0", "operatingExpenses": "306300000", "investmentIncomeNet": "None", "netInterestIncome": "None", "interestIncome": "None", "interestExpense": "51500000", "nonInterestIncome": "None", "otherNonOperatingIncome": "-7900000", "depreciation": "None", "depreciationAndAmortization": "51900000", "incomeBeforeTax": "82600000", "incomeTaxExpense": "22600000", "interestAndDebtExpense": "None", "netIncomeFromContinuingOperations": "60000000", "comprehensiveIncomeNetOfTax": "None", "ebit": "142000000", "ebitda": "193900000", "netIncome": "60000000"}, {"fiscalDateEnding": "2013-09-30", "reportedCurrency": "USD", "grossProfit": "458400000", "totalRevenue": "2864300000", "costOfRevenue": "2405900000", "costofGoodsAndServicesSold": "2405900000", "operatingIncome": "92900000", "sellingGeneralAndAdministrative": "332400000", "researchAndDevelopment": "0", "operatingExpenses": "365500000", "investmentIncomeNet": "None", "netInterestIncome": "None", "interestIncome": "None", "interestExpense": "56200000", "nonInterestIncome": "None", "otherNonOperatingIncome": "-41500000", "depreciation": "None", "depreciationAndAmortization": "52000000", "incomeBeforeTax": "-4800000", "incomeTaxExpense": "-2600000", "interestAndDebtExpense": "None", "netIncomeFromContinuingOperations": "-2200000", "comprehensiveIncomeNetOfTax": "None", "ebit": "82500000", "ebitda": "134500000", "netIncome": "-2200000"}, {"fiscalDateEnding": "2013-06-30", "reportedCurrency": "USD", "grossProfit": "451600000", "totalRevenue": "2779300000", "costOfRevenue": "2327700000", "costofGoodsAndServicesSold": "2327700000", "operatingIncome": "153600000", "sellingGeneralAndAdministrative": "266400000", "researchAndDevelopment": "0", "operatingExpenses": "298000000", "investmentIncomeNet": "None", "netInterestIncome": "None", "interestIncome": "None", "interestExpense": "70300000", "nonInterestIncome": "None", "otherNonOperatingIncome": "-10100000", "depreciation": "None", "depreciationAndAmortization": "52300000", "incomeBeforeTax": "73200000", "incomeTaxExpense": "26500000", "interestAndDebtExpense": "None", "netIncomeFromContinuingOperations": "46700000", "comprehensiveIncomeNetOfTax": "None", "ebit": "143500000", "ebitda": "195800000", "netIncome": "46700000"}, {"fiscalDateEnding": "2013-03-31", "reportedCurrency": "USD", "grossProfit": "402000000", "totalRevenue": "2411700000", "costOfRevenue": "2009700000", "costofGoodsAndServicesSold": "2009700000", "operatingIncome": "120100000", "sellingGeneralAndAdministrative": "251500000", "researchAndDevelopment": "0", "operatingExpenses": "281900000", "investmentIncomeNet": "None", "netInterestIncome": "None", "interestIncome": "None", "interestExpense": "72100000", "nonInterestIncome": "None", "otherNonOperatingIncome": "-3500000", "depreciation": "None", "depreciationAndAmortization": "52000000", "incomeBeforeTax": "44500000", "incomeTaxExpense": "16200000", "interestAndDebtExpense": "None", "netIncomeFromContinuingOperations": "28300000", "comprehensiveIncomeNetOfTax": "None", "ebit": "120500000", "ebitda": "172500000", "netIncome": "28300000"}, {"fiscalDateEnding": "2012-12-31", "reportedCurrency": "USD", "grossProfit": "425400000", "totalRevenue": "2601000000", "costOfRevenue": "2175600000", "costofGoodsAndServicesSold": "2175600000", "operatingIncome": "130900000", "sellingGeneralAndAdministrative": "261400000", "researchAndDevelopment": "0", "operatingExpenses": "294500000", "investmentIncomeNet": "None", "netInterestIncome": "None", "interestIncome": "None", "interestExpense": "74900000", "nonInterestIncome": "None", "otherNonOperatingIncome": "-7900000", "depreciation": "None", "depreciationAndAmortization": "51100000", "incomeBeforeTax": "48100000", "incomeTaxExpense": "14800000", "interestAndDebtExpense": "None", "netIncomeFromContinuingOperations": "33300000", "comprehensiveIncomeNetOfTax": "None", "ebit": "123000000", "ebitda": "174100000", "netIncome": "33300000"}, {"fiscalDateEnding": "2012-09-30", "reportedCurrency": "USD", "grossProfit": "432700000", "totalRevenue": "2623300000", "costOfRevenue": "2190600000", "costofGoodsAndServicesSold": "2190600000", "operatingIncome": "139700000", "sellingGeneralAndAdministrative": "257000000", "researchAndDevelopment": "0", "operatingExpenses": "293000000", "investmentIncomeNet": "None", "netInterestIncome": "None", "interestIncome": "None", "interestExpense": "76700000", "nonInterestIncome": "None", "otherNonOperatingIncome": "200000", "depreciation": "None", "depreciationAndAmortization": "53400000", "incomeBeforeTax": "63200000", "incomeTaxExpense": "25200000", "interestAndDebtExpense": "None", "netIncomeFromContinuingOperations": "38000000", "comprehensiveIncomeNetOfTax": "None", "ebit": "139900000", "ebitda": "193300000", "netIncome": "38000000"}, {"fiscalDateEnding": "2012-06-30", "reportedCurrency": "USD", "grossProfit": "426900000", "totalRevenue": "2584700000", "costOfRevenue": "2157800000", "costofGoodsAndServicesSold": "2157800000", "operatingIncome": "136400000", "sellingGeneralAndAdministrative": "259500000", "researchAndDevelopment": "0", "operatingExpenses": "290500000", "investmentIncomeNet": "None", "netInterestIncome": "None", "interestIncome": "None", "interestExpense": "76900000", "nonInterestIncome": "None", "otherNonOperatingIncome": "200000", "depreciation": "None", "depreciationAndAmortization": "53200000", "incomeBeforeTax": "59700000", "incomeTaxExpense": "22900000", "interestAndDebtExpense": "None", "netIncomeFromContinuingOperations": "36800000", "comprehensiveIncomeNetOfTax": "None", "ebit": "136600000", "ebitda": "189800000", "netIncome": "36800000"}, {"fiscalDateEnding": "2012-03-31", "reportedCurrency": "USD", "grossProfit": "384600000", "totalRevenue": "2319200000", "costOfRevenue": "1934600000", "costofGoodsAndServicesSold": "1934600000", "operatingIncome": "103600000", "sellingGeneralAndAdministrative": "251600000", "researchAndDevelopment": "0", "operatingExpenses": "281000000", "investmentIncomeNet": "None", "netInterestIncome": "None", "interestIncome": "None", "interestExpense": "78900000", "nonInterestIncome": "None", "otherNonOperatingIncome": "-9600000", "depreciation": "None", "depreciationAndAmortization": "52500000", "incomeBeforeTax": "15100000", "incomeTaxExpense": "4200000", "interestAndDebtExpense": "None", "netIncomeFromContinuingOperations": "10900000", "comprehensiveIncomeNetOfTax": "None", "ebit": "94000000", "ebitda": "146500000", "netIncome": "10900000"}, {"fiscalDateEnding": "2011-12-31", "reportedCurrency": "USD", "grossProfit": "413300000", "totalRevenue": "2479300000", "costOfRevenue": "2066000000", "costofGoodsAndServicesSold": "2066000000", "operatingIncome": "111100000", "sellingGeneralAndAdministrative": "266400000", "researchAndDevelopment": "0", "operatingExpenses": "302200000", "investmentIncomeNet": "None", "netInterestIncome": "None", "interestIncome": "None", "interestExpense": "391900000", "nonInterestIncome": "None", "otherNonOperatingIncome": "None", "depreciation": "None", "depreciationAndAmortization": "-102400000", "incomeBeforeTax": "29900000", "incomeTaxExpense": "10900000", "interestAndDebtExpense": "None", "netIncomeFromContinuingOperations": "0", "comprehensiveIncomeNetOfTax": "None", "ebit": "213500000", "ebitda": "111100000", "netIncome": "19000000"}, {"fiscalDateEnding": "2011-09-30", "reportedCurrency": "USD", "grossProfit": "420800000", "totalRevenue": "2581400000", "costOfRevenue": "2160600000", "costofGoodsAndServicesSold": "2160600000", "operatingIncome": "139700000", "sellingGeneralAndAdministrative": "252800000", "researchAndDevelopment": "0", "operatingExpenses": "281100000", "investmentIncomeNet": "None", "netInterestIncome": "None", "interestIncome": "None", "interestExpense": "85500000", "nonInterestIncome": "None", "otherNonOperatingIncome": "500000", "depreciation": "None", "depreciationAndAmortization": "-500000", "incomeBeforeTax": "54700000", "incomeTaxExpense": "17600000", "interestAndDebtExpense": "None", "netIncomeFromContinuingOperations": "37100000", "comprehensiveIncomeNetOfTax": "None", "ebit": "139700000", "ebitda": "139200000", "netIncome": "37100000"}, {"fiscalDateEnding": "2011-06-30", "reportedCurrency": "USD", "grossProfit": "401800000", "totalRevenue": "2412100000", "costOfRevenue": "2010300000", "costofGoodsAndServicesSold": "2010300000", "operatingIncome": "128200000", "sellingGeneralAndAdministrative": "244400000", "researchAndDevelopment": "0", "operatingExpenses": "273600000", "investmentIncomeNet": "None", "netInterestIncome": "None", "interestIncome": "None", "interestExpense": "65700000", "nonInterestIncome": "None", "otherNonOperatingIncome": "-115700000", "depreciation": "None", "depreciationAndAmortization": "50800000", "incomeBeforeTax": "-53200000", "incomeTaxExpense": "-18400000", "interestAndDebtExpense": "None", "netIncomeFromContinuingOperations": "-34800000", "comprehensiveIncomeNetOfTax": "None", "ebit": "128200000", "ebitda": "179000000", "netIncome": "-34800000"}, {"fiscalDateEnding": "2011-03-31", "reportedCurrency": "USD", "grossProfit": "351500000", "totalRevenue": "2129600000", "costOfRevenue": "1778100000", "costofGoodsAndServicesSold": "1778100000", "operatingIncome": "91700000", "sellingGeneralAndAdministrative": "230400000", "researchAndDevelopment": "0", "operatingExpenses": "259800000", "investmentIncomeNet": "None", "netInterestIncome": "None", "interestIncome": "None", "interestExpense": "92100000", "nonInterestIncome": "None", "otherNonOperatingIncome": "None", "depreciation": "None", "depreciationAndAmortization": "51600000", "incomeBeforeTax": "-3100000", "incomeTaxExpense": "1100000", "interestAndDebtExpense": "None", "netIncomeFromContinuingOperations": "0", "comprehensiveIncomeNetOfTax": "None", "ebit": "40100000", "ebitda": "91700000", "netIncome": "-4200000"}, {"fiscalDateEnding": "2010-12-31", "reportedCurrency": "USD", "grossProfit": "356700000", "totalRevenue": "2269400000", "costOfRevenue": "1912700000", "costofGoodsAndServicesSold": "1912700000", "operatingIncome": "81200000", "sellingGeneralAndAdministrative": "242400000", "researchAndDevelopment": "0", "operatingExpenses": "275500000", "investmentIncomeNet": "None", "netInterestIncome": "None", "interestIncome": "None", "interestExpense": "19800000", "nonInterestIncome": "None", "otherNonOperatingIncome": "None", "depreciation": "None", "depreciationAndAmortization": "50900000", "incomeBeforeTax": "-29300000", "incomeTaxExpense": "-5200000", "interestAndDebtExpense": "None", "netIncomeFromContinuingOperations": "0", "comprehensiveIncomeNetOfTax": "None", "ebit": "81200000", "ebitda": "132100000", "netIncome": "-24100000"}, {"fiscalDateEnding": "2010-09-30", "reportedCurrency": "USD", "grossProfit": "368400000", "totalRevenue": "2374400000", "costOfRevenue": "2006000000", "costofGoodsAndServicesSold": "2006000000", "operatingIncome": "104600000", "sellingGeneralAndAdministrative": "235800000", "researchAndDevelopment": "0", "operatingExpenses": "263800000", "investmentIncomeNet": "None", "netInterestIncome": "None", "interestIncome": "None", "interestExpense": "105100000", "nonInterestIncome": "None", "otherNonOperatingIncome": "None", "depreciation": "None", "depreciationAndAmortization": "53400000", "incomeBeforeTax": "-300000", "incomeTaxExpense": "104900000", "interestAndDebtExpense": "None", "netIncomeFromContinuingOperations": "0", "comprehensiveIncomeNetOfTax": "None", "ebit": "104400000", "ebitda": "157800000", "netIncome": "-300000"}, {"fiscalDateEnding": "2010-06-30", "reportedCurrency": "USD", "grossProfit": "359900000", "totalRevenue": "2223300000", "costOfRevenue": "1863400000", "costofGoodsAndServicesSold": "1863400000", "operatingIncome": "95600000", "sellingGeneralAndAdministrative": "239600000", "researchAndDevelopment": "0", "operatingExpenses": "264300000", "investmentIncomeNet": "None", "netInterestIncome": "None", "interestIncome": "None", "interestExpense": "106400000", "nonInterestIncome": "None", "otherNonOperatingIncome": "None", "depreciation": "None", "depreciationAndAmortization": "52700000", "incomeBeforeTax": "-10900000", "incomeTaxExpense": "-3900000", "interestAndDebtExpense": "None", "netIncomeFromContinuingOperations": "0", "comprehensiveIncomeNetOfTax": "None", "ebit": "95600000", "ebitda": "148300000", "netIncome": "-7000000"}, {"fiscalDateEnding": "2010-03-31", "reportedCurrency": "USD", "grossProfit": "305900000", "totalRevenue": "1934100000", "costOfRevenue": "1628200000", "costofGoodsAndServicesSold": "1628200000", "operatingIncome": "71300000", "sellingGeneralAndAdministrative": "214400000", "researchAndDevelopment": "0", "operatingExpenses": "234600000", "investmentIncomeNet": "None", "netInterestIncome": "None", "interestIncome": "None", "interestExpense": "77100000", "nonInterestIncome": "None", "otherNonOperatingIncome": "None", "depreciation": "None", "depreciationAndAmortization": "52400000", "incomeBeforeTax": "3500000", "incomeTaxExpense": "1300000", "interestAndDebtExpense": "None", "netIncomeFromContinuingOperations": "0", "comprehensiveIncomeNetOfTax": "None", "ebit": "71300000", "ebitda": "123700000", "netIncome": "2200000"}, {"fiscalDateEnding": "2009-12-31", "reportedCurrency": "USD", "grossProfit": "302600000", "totalRevenue": "1964500000", "costOfRevenue": "1661900000", "costofGoodsAndServicesSold": "1661900000", "operatingIncome": "51800000", "sellingGeneralAndAdministrative": "221700000", "researchAndDevelopment": "0", "operatingExpenses": "244000000", "investmentIncomeNet": "None", "netInterestIncome": "None", "interestIncome": "None", "interestExpense": "114300000", "nonInterestIncome": "None", "otherNonOperatingIncome": "None", "depreciation": "None", "depreciationAndAmortization": "53100000", "incomeBeforeTax": "-62800000", "incomeTaxExpense": "-25400000", "interestAndDebtExpense": "None", "netIncomeFromContinuingOperations": "0", "comprehensiveIncomeNetOfTax": "None", "ebit": "58600000", "ebitda": "111700000", "netIncome": "-37400000"}, {"fiscalDateEnding": "2009-09-30", "reportedCurrency": "USD", "grossProfit": "301300000", "totalRevenue": "1963400000", "costOfRevenue": "1662100000", "costofGoodsAndServicesSold": "1662100000", "operatingIncome": "70300000", "sellingGeneralAndAdministrative": "203400000", "researchAndDevelopment": "0", "operatingExpenses": "231000000", "investmentIncomeNet": "None", "netInterestIncome": "None", "interestIncome": "None", "interestExpense": "108300000", "nonInterestIncome": "None", "otherNonOperatingIncome": "None", "depreciation": "None", "depreciationAndAmortization": "-400000", "incomeBeforeTax": "-37600000", "incomeTaxExpense": "-12600000", "interestAndDebtExpense": "None", "netIncomeFromContinuingOperations": "0", "comprehensiveIncomeNetOfTax": "None", "ebit": "70300000", "ebitda": "69900000", "netIncome": "-25000000"}, {"fiscalDateEnding": "2009-06-30", "reportedCurrency": "USD", "grossProfit": "0", "totalRevenue": "3234700000", "costOfRevenue": "2595800000", "costofGoodsAndServicesSold": "2595800000", "operatingIncome": "74200000", "sellingGeneralAndAdministrative": "454800000", "researchAndDevelopment": "0", "operatingExpenses": "0", "investmentIncomeNet": "None", "netInterestIncome": "None", "interestIncome": "None", "interestExpense": "209100000", "nonInterestIncome": "None", "otherNonOperatingIncome": "None", "depreciation": "None", "depreciationAndAmortization": "None", "incomeBeforeTax": "0", "incomeTaxExpense": "0", "interestAndDebtExpense": "None", "netIncomeFromContinuingOperations": "0", "comprehensiveIncomeNetOfTax": "None", "ebit": "0", "ebitda": "None", "netIncome": "0"}, {"fiscalDateEnding": "2008-12-31", "reportedCurrency": "USD", "grossProfit": "1451100000", "totalRevenue": "8071200000", "costOfRevenue": "6620100000", "costofGoodsAndServicesSold": "6620100000", "operatingIncome": "324900000", "sellingGeneralAndAdministrative": "907800000", "researchAndDevelopment": "0", "operatingExpenses": "0", "investmentIncomeNet": "None", "netInterestIncome": "None", "interestIncome": "None", "interestExpense": "390300000", "nonInterestIncome": "None", "otherNonOperatingIncome": "None", "depreciation": "None", "depreciationAndAmortization": "None", "incomeBeforeTax": "0", "incomeTaxExpense": "0", "interestAndDebtExpense": "None", "netIncomeFromContinuingOperations": "0", "comprehensiveIncomeNetOfTax": "None", "ebit": "0", "ebitda": "None", "netIncome": "0"}, {"fiscalDateEnding": "2007-09-30", "reportedCurrency": "USD", "grossProfit": "0", "totalRevenue": "2032838000", "costOfRevenue": "-1693775000", "costofGoodsAndServicesSold": "-1693775000", "operatingIncome": "-131641000", "sellingGeneralAndAdministrative": "196346000", "researchAndDevelopment": "0", "operatingExpenses": "0", "investmentIncomeNet": "None", "netInterestIncome": "None", "interestIncome": "None", "interestExpense": "0", "nonInterestIncome": "None", "otherNonOperatingIncome": "None", "depreciation": "None", "depreciationAndAmortization": "None", "incomeBeforeTax": "-129241000", "incomeTaxExpense": "-49150000", "interestAndDebtExpense": "None", "netIncomeFromContinuingOperations": "0", "comprehensiveIncomeNetOfTax": "None", "ebit": "0", "ebitda": "None", "netIncome": "-80091000"}, {"fiscalDateEnding": "2007-06-30", "reportedCurrency": "USD", "grossProfit": "327987000", "totalRevenue": "2032838000", "costOfRevenue": "1704851000", "costofGoodsAndServicesSold": "1704851000", "operatingIncome": "123671000", "sellingGeneralAndAdministrative": "172117000", "researchAndDevelopment": "0", "operatingExpenses": "204316000", "investmentIncomeNet": "None", "netInterestIncome": "None", "interestIncome": "None", "interestExpense": "0", "nonInterestIncome": "None", "otherNonOperatingIncome": "None", "depreciation": "None", "depreciationAndAmortization": "11076000", "incomeBeforeTax": "129241000", "incomeTaxExpense": "49150000", "interestAndDebtExpense": "None", "netIncomeFromContinuingOperations": "0", "comprehensiveIncomeNetOfTax": "None", "ebit": "123671000", "ebitda": "134747000", "netIncome": "80091000"}, {"fiscalDateEnding": "2007-03-31", "reportedCurrency": "USD", "grossProfit": "301319000", "totalRevenue": "1859118000", "costOfRevenue": "1557799000", "costofGoodsAndServicesSold": "1557799000", "operatingIncome": "117955000", "sellingGeneralAndAdministrative": "154185000", "researchAndDevelopment": "0", "operatingExpenses": "183364000", "investmentIncomeNet": "None", "netInterestIncome": "None", "interestIncome": "None", "interestExpense": "0", "nonInterestIncome": "None", "otherNonOperatingIncome": "None", "depreciation": "None", "depreciationAndAmortization": "10048000", "incomeBeforeTax": "121914000", "incomeTaxExpense": "45134000", "interestAndDebtExpense": "None", "netIncomeFromContinuingOperations": "0", "comprehensiveIncomeNetOfTax": "None", "ebit": "117955000", "ebitda": "128003000", "netIncome": "76780000"}, {"fiscalDateEnding": "2006-12-31", "reportedCurrency": "USD", "grossProfit": "284046000", "totalRevenue": "1823929000", "costOfRevenue": "1539883000", "costofGoodsAndServicesSold": "1539883000", "operatingIncome": "82824000", "sellingGeneralAndAdministrative": "147764000", "researchAndDevelopment": "0", "operatingExpenses": "201222000", "investmentIncomeNet": "None", "netInterestIncome": "None", "interestIncome": "None", "interestExpense": "0", "nonInterestIncome": "None", "otherNonOperatingIncome": "None", "depreciation": "None", "depreciationAndAmortization": "9058000", "incomeBeforeTax": "86327000", "incomeTaxExpense": "32770000", "interestAndDebtExpense": "None", "netIncomeFromContinuingOperations": "0", "comprehensiveIncomeNetOfTax": "None", "ebit": "82824000", "ebitda": "91882000", "netIncome": "53557000"}, {"fiscalDateEnding": "2006-09-30", "reportedCurrency": "USD", "grossProfit": "267871000", "totalRevenue": "1739457000", "costOfRevenue": "1471586000", "costofGoodsAndServicesSold": "1471586000", "operatingIncome": "111491000", "sellingGeneralAndAdministrative": "127416000", "researchAndDevelopment": "0", "operatingExpenses": "156380000", "investmentIncomeNet": "None", "netInterestIncome": "None", "interestIncome": "None", "interestExpense": "0", "nonInterestIncome": "None", "otherNonOperatingIncome": "None", "depreciation": "None", "depreciationAndAmortization": "6390000", "incomeBeforeTax": "116297000", "incomeTaxExpense": "38563000", "interestAndDebtExpense": "None", "netIncomeFromContinuingOperations": "0", "comprehensiveIncomeNetOfTax": "None", "ebit": "111491000", "ebitda": "117881000", "netIncome": "77734000"}, {"fiscalDateEnding": "2006-06-30", "reportedCurrency": "USD", "grossProfit": "264037000", "totalRevenue": "1633458000", "costOfRevenue": "1369421000", "costofGoodsAndServicesSold": "1369421000", "operatingIncome": "107838000", "sellingGeneralAndAdministrative": "126192000", "researchAndDevelopment": "0", "operatingExpenses": "156199000", "investmentIncomeNet": "None", "netInterestIncome": "None", "interestIncome": "None", "interestExpense": "0", "nonInterestIncome": "None", "otherNonOperatingIncome": "None", "depreciation": "None", "depreciationAndAmortization": "6111000", "incomeBeforeTax": "113236000", "incomeTaxExpense": "40125000", "interestAndDebtExpense": "None", "netIncomeFromContinuingOperations": "0", "comprehensiveIncomeNetOfTax": "None", "ebit": "107838000", "ebitda": "113949000", "netIncome": "73111000"}, {"fiscalDateEnding": "2006-03-31", "reportedCurrency": "USD", "grossProfit": "253889000", "totalRevenue": "1588629000", "costOfRevenue": "1334740000", "costofGoodsAndServicesSold": "1334740000", "operatingIncome": "94246000", "sellingGeneralAndAdministrative": "128748000", "researchAndDevelopment": "0", "operatingExpenses": "159643000", "investmentIncomeNet": "None", "netInterestIncome": "None", "interestIncome": "None", "interestExpense": "0", "nonInterestIncome": "None", "otherNonOperatingIncome": "None", "depreciation": "None", "depreciationAndAmortization": "6579000", "incomeBeforeTax": "98491000", "incomeTaxExpense": "36813000", "interestAndDebtExpense": "None", "netIncomeFromContinuingOperations": "0", "comprehensiveIncomeNetOfTax": "None", "ebit": "94246000", "ebitda": "100825000", "netIncome": "61678000"}, {"fiscalDateEnding": "2005-12-31", "reportedCurrency": "USD", "grossProfit": "248780000", "totalRevenue": "1606964000", "costOfRevenue": "1358184000", "costofGoodsAndServicesSold": "1358184000", "operatingIncome": "106986000", "sellingGeneralAndAdministrative": "141794000", "researchAndDevelopment": "0", "operatingExpenses": "141794000", "investmentIncomeNet": "None", "netInterestIncome": "None", "interestIncome": "None", "interestExpense": "0", "nonInterestIncome": "None", "otherNonOperatingIncome": "None", "depreciation": "None", "depreciationAndAmortization": "5641000", "incomeBeforeTax": "110613000", "incomeTaxExpense": "40103000", "interestAndDebtExpense": "None", "netIncomeFromContinuingOperations": "0", "comprehensiveIncomeNetOfTax": "None", "ebit": "106986000", "ebitda": "112627000", "netIncome": "70510000"}, {"fiscalDateEnding": "2005-09-30", "reportedCurrency": "USD", "grossProfit": "254943000", "totalRevenue": "1670204000", "costOfRevenue": "1415261000", "costofGoodsAndServicesSold": "1415261000", "operatingIncome": "112430000", "sellingGeneralAndAdministrative": "112670000", "researchAndDevelopment": "0", "operatingExpenses": "142513000", "investmentIncomeNet": "None", "netInterestIncome": "None", "interestIncome": "None", "interestExpense": "0", "nonInterestIncome": "None", "otherNonOperatingIncome": "None", "depreciation": "None", "depreciationAndAmortization": "5443000", "incomeBeforeTax": "115808000", "incomeTaxExpense": "42684000", "interestAndDebtExpense": "None", "netIncomeFromContinuingOperations": "0", "comprehensiveIncomeNetOfTax": "None", "ebit": "112430000", "ebitda": "117873000", "netIncome": "73124000"}, {"fiscalDateEnding": "2005-06-30", "reportedCurrency": "USD", "grossProfit": "237478000", "totalRevenue": "1539595000", "costOfRevenue": "1302117000", "costofGoodsAndServicesSold": "1302117000", "operatingIncome": "102488000", "sellingGeneralAndAdministrative": "105325000", "researchAndDevelopment": "0", "operatingExpenses": "134990000", "investmentIncomeNet": "None", "netInterestIncome": "None", "interestIncome": "None", "interestExpense": "0", "nonInterestIncome": "None", "otherNonOperatingIncome": "None", "depreciation": "None", "depreciationAndAmortization": "5301000", "incomeBeforeTax": "105998000", "incomeTaxExpense": "38937000", "interestAndDebtExpense": "None", "netIncomeFromContinuingOperations": "0", "comprehensiveIncomeNetOfTax": "None", "ebit": "102488000", "ebitda": "107789000", "netIncome": "67061000"}, {"fiscalDateEnding": "2005-03-31", "reportedCurrency": "USD", "grossProfit": "226429000", "totalRevenue": "1475082000", "costOfRevenue": "1248653000", "costofGoodsAndServicesSold": "1248653000", "operatingIncome": "97730000", "sellingGeneralAndAdministrative": "102238000", "researchAndDevelopment": "0", "operatingExpenses": "128699000", "investmentIncomeNet": "None", "netInterestIncome": "None", "interestIncome": "None", "interestExpense": "0", "nonInterestIncome": "None", "otherNonOperatingIncome": "None", "depreciation": "None", "depreciationAndAmortization": "5108000", "incomeBeforeTax": "100539000", "incomeTaxExpense": "39142000", "interestAndDebtExpense": "None", "netIncomeFromContinuingOperations": "0", "comprehensiveIncomeNetOfTax": "None", "ebit": "97730000", "ebitda": "102838000", "netIncome": "61397000"}, {"fiscalDateEnding": "2004-12-31", "reportedCurrency": "USD", "grossProfit": "223175000", "totalRevenue": "1507127000", "costOfRevenue": "1283952000", "costofGoodsAndServicesSold": "1283952000", "operatingIncome": "101368000", "sellingGeneralAndAdministrative": "121807000", "researchAndDevelopment": "0", "operatingExpenses": "121807000", "investmentIncomeNet": "None", "netInterestIncome": "None", "interestIncome": "None", "interestExpense": "0", "nonInterestIncome": "None", "otherNonOperatingIncome": "None", "depreciation": "None", "depreciationAndAmortization": "4639000", "incomeBeforeTax": "103682000", "incomeTaxExpense": "40983000", "interestAndDebtExpense": "None", "netIncomeFromContinuingOperations": "0", "comprehensiveIncomeNetOfTax": "None", "ebit": "101368000", "ebitda": "106007000", "netIncome": "62699000"}, {"fiscalDateEnding": "2004-09-30", "reportedCurrency": "USD", "grossProfit": "227956000", "totalRevenue": "1511054000", "costOfRevenue": "1283098000", "costofGoodsAndServicesSold": "1283098000", "operatingIncome": "106064000", "sellingGeneralAndAdministrative": "97887000", "researchAndDevelopment": "0", "operatingExpenses": "121892000", "investmentIncomeNet": "None", "netInterestIncome": "None", "interestIncome": "None", "interestExpense": "0", "nonInterestIncome": "None", "otherNonOperatingIncome": "None", "depreciation": "None", "depreciationAndAmortization": "4445000", "incomeBeforeTax": "107975000", "incomeTaxExpense": "42797000", "interestAndDebtExpense": "None", "netIncomeFromContinuingOperations": "0", "comprehensiveIncomeNetOfTax": "None", "ebit": "106064000", "ebitda": "110509000", "netIncome": "65178000"}, {"fiscalDateEnding": "2004-06-30", "reportedCurrency": "USD", "grossProfit": "214530000", "totalRevenue": "1382904000", "costOfRevenue": "1168374000", "costofGoodsAndServicesSold": "1168374000", "operatingIncome": "95147000", "sellingGeneralAndAdministrative": "94096000", "researchAndDevelopment": "0", "operatingExpenses": "119383000", "investmentIncomeNet": "None", "netInterestIncome": "None", "interestIncome": "None", "interestExpense": "0", "nonInterestIncome": "None", "otherNonOperatingIncome": "None", "depreciation": "None", "depreciationAndAmortization": "4057000", "incomeBeforeTax": "96597000", "incomeTaxExpense": "38322000", "interestAndDebtExpense": "None", "netIncomeFromContinuingOperations": "0", "comprehensiveIncomeNetOfTax": "None", "ebit": "95147000", "ebitda": "99204000", "netIncome": "58275000"}, {"fiscalDateEnding": "2004-03-31", "reportedCurrency": "USD", "grossProfit": "204463000", "totalRevenue": "1336689000", "costOfRevenue": "1132226000", "costofGoodsAndServicesSold": "1132226000", "operatingIncome": "90180000", "sellingGeneralAndAdministrative": "96066000", "researchAndDevelopment": "0", "operatingExpenses": "114283000", "investmentIncomeNet": "None", "netInterestIncome": "None", "interestIncome": "None", "interestExpense": "0", "nonInterestIncome": "None", "otherNonOperatingIncome": "None", "depreciation": "None", "depreciationAndAmortization": "3857000", "incomeBeforeTax": "91606000", "incomeTaxExpense": "36313000", "interestAndDebtExpense": "None", "netIncomeFromContinuingOperations": "0", "comprehensiveIncomeNetOfTax": "None", "ebit": "90180000", "ebitda": "94037000", "netIncome": "55293000"}, {"fiscalDateEnding": "2003-12-31", "reportedCurrency": "USD", "grossProfit": "193722000", "totalRevenue": "1348916000", "costOfRevenue": "1155194000", "costofGoodsAndServicesSold": "1155194000", "operatingIncome": "72958000", "sellingGeneralAndAdministrative": "107064000", "researchAndDevelopment": "0", "operatingExpenses": "120764000", "investmentIncomeNet": "None", "netInterestIncome": "None", "interestIncome": "None", "interestExpense": "0", "nonInterestIncome": "None", "otherNonOperatingIncome": "None", "depreciation": "None", "depreciationAndAmortization": "3849000", "incomeBeforeTax": "73643000", "incomeTaxExpense": "29089000", "interestAndDebtExpense": "None", "netIncomeFromContinuingOperations": "0", "comprehensiveIncomeNetOfTax": "None", "ebit": "72958000", "ebitda": "76807000", "netIncome": "44554000"}, {"fiscalDateEnding": "2003-09-30", "reportedCurrency": "USD", "grossProfit": "176224000", "totalRevenue": "1222785000", "costOfRevenue": "1046561000", "costofGoodsAndServicesSold": "1046561000", "operatingIncome": "72563000", "sellingGeneralAndAdministrative": "84657000", "researchAndDevelopment": "0", "operatingExpenses": "103661000", "investmentIncomeNet": "None", "netInterestIncome": "None", "interestIncome": "None", "interestExpense": "0", "nonInterestIncome": "None", "otherNonOperatingIncome": "None", "depreciation": "None", "depreciationAndAmortization": "3759000", "incomeBeforeTax": "73726000", "incomeTaxExpense": "29122000", "interestAndDebtExpense": "None", "netIncomeFromContinuingOperations": "0", "comprehensiveIncomeNetOfTax": "None", "ebit": "72563000", "ebitda": "76322000", "netIncome": "44604000"}]}