{"symbol": "CL", "annualReports": [{"fiscalDateEnding": "2024-12-31", "reportedCurrency": "USD", "grossProfit": "12161000000", "totalRevenue": "20101000000", "costOfRevenue": "7940000000", "costofGoodsAndServicesSold": "7940000000", "operatingIncome": "4268000000", "sellingGeneralAndAdministrative": "7729000000", "researchAndDevelopment": "None", "operatingExpenses": "7893000000", "investmentIncomeNet": "None", "netInterestIncome": "-225000000", "interestIncome": "67000000", "interestExpense": "292000000", "nonInterestIncome": "None", "otherNonOperatingIncome": "None", "depreciation": "None", "depreciationAndAmortization": "20000000", "incomeBeforeTax": "3956000000", "incomeTaxExpense": "907000000", "interestAndDebtExpense": "None", "netIncomeFromContinuingOperations": "3049000000", "comprehensiveIncomeNetOfTax": "None", "ebit": "4248000000", "ebitda": "4268000000", "netIncome": "2889000000"}, {"fiscalDateEnding": "2023-12-31", "reportedCurrency": "USD", "grossProfit": "11326000000", "totalRevenue": "19457000000", "costOfRevenue": "8131000000", "costofGoodsAndServicesSold": "8131000000", "operatingIncome": "3984000000", "sellingGeneralAndAdministrative": "4866000000", "researchAndDevelopment": "343000000", "operatingExpenses": "7343000000", "investmentIncomeNet": "None", "netInterestIncome": "-232000000", "interestIncome": "55000000", "interestExpense": "287000000", "nonInterestIncome": "None", "otherNonOperatingIncome": "None", "depreciation": "None", "depreciationAndAmortization": "567000000", "incomeBeforeTax": "3392000000", "incomeTaxExpense": "937000000", "interestAndDebtExpense": "None", "netIncomeFromContinuingOperations": "2455000000", "comprehensiveIncomeNetOfTax": "None", "ebit": "3679000000", "ebitda": "4246000000", "netIncome": "2300000000"}, {"fiscalDateEnding": "2022-12-31", "reportedCurrency": "USD", "grossProfit": "10248000000", "totalRevenue": "17967000000", "costOfRevenue": "7719000000", "costofGoodsAndServicesSold": "7719000000", "operatingIncome": "4335000000", "sellingGeneralAndAdministrative": "4568000000", "researchAndDevelopment": "320000000", "operatingExpenses": "6634000000", "investmentIncomeNet": "None", "netInterestIncome": "-153000000", "interestIncome": "153000000", "interestExpense": "167000000", "nonInterestIncome": "None", "otherNonOperatingIncome": "None", "depreciation": "None", "depreciationAndAmortization": "545000000", "incomeBeforeTax": "2660000000", "incomeTaxExpense": "693000000", "interestAndDebtExpense": "None", "netIncomeFromContinuingOperations": "1967000000", "comprehensiveIncomeNetOfTax": "None", "ebit": "3582000000", "ebitda": "4127000000", "netIncome": "1785000000"}, {"fiscalDateEnding": "2021-12-31", "reportedCurrency": "USD", "grossProfit": "10375000000", "totalRevenue": "17421000000", "costOfRevenue": "7046000000", "costofGoodsAndServicesSold": "7046000000", "operatingIncome": "4474000000", "sellingGeneralAndAdministrative": "4410000000", "researchAndDevelopment": "307000000", "operatingExpenses": "6472000000", "investmentIncomeNet": "None", "netInterestIncome": "-175000000", "interestIncome": "175000000", "interestExpense": "192000000", "nonInterestIncome": "None", "otherNonOperatingIncome": "None", "depreciation": "None", "depreciationAndAmortization": "556000000", "incomeBeforeTax": "3087000000", "incomeTaxExpense": "749000000", "interestAndDebtExpense": "None", "netIncomeFromContinuingOperations": "2338000000", "comprehensiveIncomeNetOfTax": "None", "ebit": "3813000000", "ebitda": "4369000000", "netIncome": "2166000000"}, {"fiscalDateEnding": "2020-12-31", "reportedCurrency": "USD", "grossProfit": "10017000000", "totalRevenue": "16471000000", "costOfRevenue": "6454000000", "costofGoodsAndServicesSold": "6454000000", "operatingIncome": "3885000000", "sellingGeneralAndAdministrative": "4071000000", "researchAndDevelopment": "290000000", "operatingExpenses": "6132000000", "investmentIncomeNet": "None", "netInterestIncome": "-164000000", "interestIncome": "164000000", "interestExpense": "183000000", "nonInterestIncome": "None", "otherNonOperatingIncome": "None", "depreciation": "None", "depreciationAndAmortization": "539000000", "incomeBeforeTax": "3647000000", "incomeTaxExpense": "787000000", "interestAndDebtExpense": "None", "netIncomeFromContinuingOperations": "2860000000", "comprehensiveIncomeNetOfTax": "None", "ebit": "3788000000", "ebitda": "4327000000", "netIncome": "2695000000"}, {"fiscalDateEnding": "2019-12-31", "reportedCurrency": "USD", "grossProfit": "9325000000", "totalRevenue": "15693000000", "costOfRevenue": "6368000000", "costofGoodsAndServicesSold": "6368000000", "operatingIncome": "3554000000", "sellingGeneralAndAdministrative": "3881000000", "researchAndDevelopment": "281000000", "operatingExpenses": "5771000000", "investmentIncomeNet": "None", "netInterestIncome": "-145000000", "interestIncome": "47000000", "interestExpense": "192000000", "nonInterestIncome": "None", "otherNonOperatingIncome": "None", "depreciation": "None", "depreciationAndAmortization": "519000000", "incomeBeforeTax": "3301000000", "incomeTaxExpense": "774000000", "interestAndDebtExpense": "None", "netIncomeFromContinuingOperations": "2527000000", "comprehensiveIncomeNetOfTax": "None", "ebit": "3644000000", "ebitda": "4163000000", "netIncome": "2367000000"}, {"fiscalDateEnding": "2018-12-31", "reportedCurrency": "USD", "grossProfit": "9231000000", "totalRevenue": "15544000000", "costOfRevenue": "6313000000", "costofGoodsAndServicesSold": "6313000000", "operatingIncome": "3694000000", "sellingGeneralAndAdministrative": "5389000000", "researchAndDevelopment": "277000000", "operatingExpenses": "5537000000", "investmentIncomeNet": "None", "netInterestIncome": "-143000000", "interestIncome": "50000000", "interestExpense": "193000000", "nonInterestIncome": "None", "otherNonOperatingIncome": "None", "depreciation": "None", "depreciationAndAmortization": "511000000", "incomeBeforeTax": "3464000000", "incomeTaxExpense": "906000000", "interestAndDebtExpense": "None", "netIncomeFromContinuingOperations": "2558000000", "comprehensiveIncomeNetOfTax": "None", "ebit": "3657000000", "ebitda": "4168000000", "netIncome": "2400000000"}, {"fiscalDateEnding": "2017-12-31", "reportedCurrency": "USD", "grossProfit": "9280000000", "totalRevenue": "15454000000", "costOfRevenue": "6174000000", "costofGoodsAndServicesSold": "6174000000", "operatingIncome": "3589000000", "sellingGeneralAndAdministrative": "5497000000", "researchAndDevelopment": "285000000", "operatingExpenses": "5691000000", "investmentIncomeNet": "None", "netInterestIncome": "-102000000", "interestIncome": "51000000", "interestExpense": "153000000", "nonInterestIncome": "None", "otherNonOperatingIncome": "None", "depreciation": "None", "depreciationAndAmortization": "475000000", "incomeBeforeTax": "3487000000", "incomeTaxExpense": "1313000000", "interestAndDebtExpense": "None", "netIncomeFromContinuingOperations": "2174000000", "comprehensiveIncomeNetOfTax": "None", "ebit": "3640000000", "ebitda": "4115000000", "netIncome": "2024000000"}, {"fiscalDateEnding": "2016-12-31", "reportedCurrency": "USD", "grossProfit": "9123000000", "totalRevenue": "15195000000", "costOfRevenue": "6072000000", "costofGoodsAndServicesSold": "6072000000", "operatingIncome": "3837000000", "sellingGeneralAndAdministrative": "5249000000", "researchAndDevelopment": "289000000", "operatingExpenses": "5271000000", "investmentIncomeNet": "None", "netInterestIncome": "-99000000", "interestIncome": "50000000", "interestExpense": "149000000", "nonInterestIncome": "None", "otherNonOperatingIncome": "None", "depreciation": "None", "depreciationAndAmortization": "443000000", "incomeBeforeTax": "3738000000", "incomeTaxExpense": "1152000000", "interestAndDebtExpense": "None", "netIncomeFromContinuingOperations": "2586000000", "comprehensiveIncomeNetOfTax": "None", "ebit": "3887000000", "ebitda": "4330000000", "netIncome": "2441000000"}, {"fiscalDateEnding": "2015-12-31", "reportedCurrency": "USD", "grossProfit": "9399000000", "totalRevenue": "16034000000", "costOfRevenue": "6635000000", "costofGoodsAndServicesSold": "6635000000", "operatingIncome": "2789000000", "sellingGeneralAndAdministrative": "5464000000", "researchAndDevelopment": "274000000", "operatingExpenses": "5526000000", "investmentIncomeNet": "None", "netInterestIncome": "None", "interestIncome": "26000000", "interestExpense": "133000000", "nonInterestIncome": "None", "otherNonOperatingIncome": "None", "depreciation": "None", "depreciationAndAmortization": "449000000", "incomeBeforeTax": "2763000000", "incomeTaxExpense": "1215000000", "interestAndDebtExpense": "None", "netIncomeFromContinuingOperations": "1548000000", "comprehensiveIncomeNetOfTax": "None", "ebit": "2896000000", "ebitda": "3345000000", "netIncome": "1384000000"}, {"fiscalDateEnding": "2014-12-31", "reportedCurrency": "USD", "grossProfit": "10109000000", "totalRevenue": "17277000000", "costOfRevenue": "7168000000", "costofGoodsAndServicesSold": "7168000000", "operatingIncome": "3557000000", "sellingGeneralAndAdministrative": "5982000000", "researchAndDevelopment": "277000000", "operatingExpenses": "6552000000", "investmentIncomeNet": "None", "netInterestIncome": "None", "interestIncome": "None", "interestExpense": "130000000", "nonInterestIncome": "None", "otherNonOperatingIncome": "None", "depreciation": "None", "depreciationAndAmortization": "442000000", "incomeBeforeTax": "3533000000", "incomeTaxExpense": "1194000000", "interestAndDebtExpense": "None", "netIncomeFromContinuingOperations": "2339000000", "comprehensiveIncomeNetOfTax": "None", "ebit": "3663000000", "ebitda": "4105000000", "netIncome": "2180000000"}, {"fiscalDateEnding": "2013-12-31", "reportedCurrency": "USD", "grossProfit": "10201000000", "totalRevenue": "17420000000", "costOfRevenue": "7219000000", "costofGoodsAndServicesSold": "7219000000", "operatingIncome": "3556000000", "sellingGeneralAndAdministrative": "6223000000", "researchAndDevelopment": "267000000", "operatingExpenses": "6645000000", "investmentIncomeNet": "None", "netInterestIncome": "None", "interestIncome": "None", "interestExpense": "116000000", "nonInterestIncome": "None", "otherNonOperatingIncome": "None", "depreciation": "None", "depreciationAndAmortization": "439000000", "incomeBeforeTax": "3565000000", "incomeTaxExpense": "1155000000", "interestAndDebtExpense": "None", "netIncomeFromContinuingOperations": "2410000000", "comprehensiveIncomeNetOfTax": "None", "ebit": "3681000000", "ebitda": "4120000000", "netIncome": "2241000000"}, {"fiscalDateEnding": "2012-12-31", "reportedCurrency": "USD", "grossProfit": "9932000000", "totalRevenue": "17085000000", "costOfRevenue": "7153000000", "costofGoodsAndServicesSold": "7153000000", "operatingIncome": "3889000000", "sellingGeneralAndAdministrative": "5930000000", "researchAndDevelopment": "259000000", "operatingExpenses": "6043000000", "investmentIncomeNet": "None", "netInterestIncome": "None", "interestIncome": "None", "interestExpense": "80000000", "nonInterestIncome": "None", "otherNonOperatingIncome": "None", "depreciation": "None", "depreciationAndAmortization": "425000000", "incomeBeforeTax": "3874000000", "incomeTaxExpense": "1243000000", "interestAndDebtExpense": "None", "netIncomeFromContinuingOperations": "2631000000", "comprehensiveIncomeNetOfTax": "None", "ebit": "3954000000", "ebitda": "4379000000", "netIncome": "2472000000"}, {"fiscalDateEnding": "2011-12-31", "reportedCurrency": "USD", "grossProfit": "9590000000", "totalRevenue": "16734000000", "costOfRevenue": "7144000000", "costofGoodsAndServicesSold": "7144000000", "operatingIncome": "3841000000", "sellingGeneralAndAdministrative": "5758000000", "researchAndDevelopment": "262000000", "operatingExpenses": "5749000000", "investmentIncomeNet": "None", "netInterestIncome": "None", "interestIncome": "None", "interestExpense": "59000000", "nonInterestIncome": "None", "otherNonOperatingIncome": "None", "depreciation": "None", "depreciationAndAmortization": "421000000", "incomeBeforeTax": "3789000000", "incomeTaxExpense": "1235000000", "interestAndDebtExpense": "None", "netIncomeFromContinuingOperations": "2554000000", "comprehensiveIncomeNetOfTax": "None", "ebit": "3847000000", "ebitda": "4268000000", "netIncome": "2431000000"}, {"fiscalDateEnding": "2010-12-31", "reportedCurrency": "USD", "grossProfit": "9204000000", "totalRevenue": "15564000000", "costOfRevenue": "6360000000", "costofGoodsAndServicesSold": "6360000000", "operatingIncome": "3790000000", "sellingGeneralAndAdministrative": "5414000000", "researchAndDevelopment": "256000000", "operatingExpenses": "5414000000", "investmentIncomeNet": "None", "netInterestIncome": "None", "interestIncome": "None", "interestExpense": "59000000", "nonInterestIncome": "None", "otherNonOperatingIncome": "None", "depreciation": "None", "depreciationAndAmortization": "376000000", "incomeBeforeTax": "3430000000", "incomeTaxExpense": "1117000000", "interestAndDebtExpense": "None", "netIncomeFromContinuingOperations": "2313000000", "comprehensiveIncomeNetOfTax": "None", "ebit": "3495000000", "ebitda": "3871000000", "netIncome": "2203000000"}, {"fiscalDateEnding": "2009-12-31", "reportedCurrency": "USD", "grossProfit": "9008000000", "totalRevenue": "15327000000", "costOfRevenue": "6319000000", "costofGoodsAndServicesSold": "6319000000", "operatingIncome": "3615000000", "sellingGeneralAndAdministrative": "5282000000", "researchAndDevelopment": "269000000", "operatingExpenses": "5393000000", "investmentIncomeNet": "None", "netInterestIncome": "None", "interestIncome": "None", "interestExpense": "77000000", "nonInterestIncome": "None", "otherNonOperatingIncome": "None", "depreciation": "None", "depreciationAndAmortization": "351000000", "incomeBeforeTax": "3538000000", "incomeTaxExpense": "1141000000", "interestAndDebtExpense": "None", "netIncomeFromContinuingOperations": "2397000000", "comprehensiveIncomeNetOfTax": "None", "ebit": "3626000000", "ebitda": "3977000000", "netIncome": "2291000000"}, {"fiscalDateEnding": "2008-12-31", "reportedCurrency": "USD", "grossProfit": "8626400000", "totalRevenue": "15329900000", "costOfRevenue": "6703500000", "costofGoodsAndServicesSold": "6703500000", "operatingIncome": "3020700000", "sellingGeneralAndAdministrative": "5422300000", "researchAndDevelopment": "253100000", "operatingExpenses": "5605700000", "investmentIncomeNet": "None", "netInterestIncome": "None", "interestIncome": "None", "interestExpense": "105600000", "nonInterestIncome": "None", "otherNonOperatingIncome": "None", "depreciation": "None", "depreciationAndAmortization": "347600000", "incomeBeforeTax": "2925100000", "incomeTaxExpense": "967900000", "interestAndDebtExpense": "None", "netIncomeFromContinuingOperations": "None", "comprehensiveIncomeNetOfTax": "None", "ebit": "3111000000", "ebitda": "3458600000", "netIncome": "1957200000"}, {"fiscalDateEnding": "2007-12-31", "reportedCurrency": "USD", "grossProfit": "7747400000", "totalRevenue": "13789700000", "costOfRevenue": "6042300000", "costofGoodsAndServicesSold": "6042300000", "operatingIncome": "2653100000", "sellingGeneralAndAdministrative": "4973000000", "researchAndDevelopment": "247000000", "operatingExpenses": "5038700000", "investmentIncomeNet": "None", "netInterestIncome": "None", "interestIncome": "None", "interestExpense": "0", "nonInterestIncome": "None", "otherNonOperatingIncome": "None", "depreciation": "None", "depreciationAndAmortization": "333900000", "incomeBeforeTax": "2496500000", "incomeTaxExpense": "759100000", "interestAndDebtExpense": "None", "netIncomeFromContinuingOperations": "None", "comprehensiveIncomeNetOfTax": "None", "ebit": "2730200000", "ebitda": "3064100000", "netIncome": "1737400000"}, {"fiscalDateEnding": "2006-12-31", "reportedCurrency": "USD", "grossProfit": "6701600000", "totalRevenue": "12237700000", "costOfRevenue": "5536100000", "costofGoodsAndServicesSold": "5536100000", "operatingIncome": "2160500000", "sellingGeneralAndAdministrative": "4355200000", "researchAndDevelopment": "241500000", "operatingExpenses": "4388000000", "investmentIncomeNet": "None", "netInterestIncome": "None", "interestIncome": "None", "interestExpense": "0", "nonInterestIncome": "None", "otherNonOperatingIncome": "None", "depreciation": "None", "depreciationAndAmortization": "328700000", "incomeBeforeTax": "2001800000", "incomeTaxExpense": "648400000", "interestAndDebtExpense": "None", "netIncomeFromContinuingOperations": "None", "comprehensiveIncomeNetOfTax": "None", "ebit": "2225900000", "ebitda": "2554600000", "netIncome": "1353400000"}, {"fiscalDateEnding": "2005-12-31", "reportedCurrency": "USD", "grossProfit": "6205000000", "totalRevenue": "11396900000", "costOfRevenue": "5191900000", "costofGoodsAndServicesSold": "5191900000", "operatingIncome": "2215000000", "sellingGeneralAndAdministrative": "3920800000", "researchAndDevelopment": "246300000", "operatingExpenses": "3990000000", "investmentIncomeNet": "None", "netInterestIncome": "None", "interestIncome": "None", "interestExpense": "0", "nonInterestIncome": "None", "otherNonOperatingIncome": "None", "depreciation": "None", "depreciationAndAmortization": "329300000", "incomeBeforeTax": "2079000000", "incomeTaxExpense": "727600000", "interestAndDebtExpense": "None", "netIncomeFromContinuingOperations": "None", "comprehensiveIncomeNetOfTax": "None", "ebit": "2276800000", "ebitda": "2606100000", "netIncome": "1351400000"}], "quarterlyReports": [{"fiscalDateEnding": "2024-12-31", "reportedCurrency": "USD", "grossProfit": "2982000000", "totalRevenue": "4945000000", "costOfRevenue": "1963000000", "costofGoodsAndServicesSold": "1963000000", "operatingIncome": "1063000000", "sellingGeneralAndAdministrative": "1896000000", "researchAndDevelopment": "None", "operatingExpenses": "1919000000", "investmentIncomeNet": "None", "netInterestIncome": "-50000000", "interestIncome": "None", "interestExpense": "None", "nonInterestIncome": "None", "otherNonOperatingIncome": "None", "depreciation": "None", "depreciationAndAmortization": "148000000", "incomeBeforeTax": "993000000", "incomeTaxExpense": "214000000", "interestAndDebtExpense": "None", "netIncomeFromContinuingOperations": "779000000", "comprehensiveIncomeNetOfTax": "None", "ebit": "1043000000", "ebitda": "1191000000", "netIncome": "739000000"}, {"fiscalDateEnding": "2024-09-30", "reportedCurrency": "USD", "grossProfit": "3074000000", "totalRevenue": "5033000000", "costOfRevenue": "1959000000", "costofGoodsAndServicesSold": "1959000000", "operatingIncome": "1065000000", "sellingGeneralAndAdministrative": "1979000000", "researchAndDevelopment": "None", "operatingExpenses": "2009000000", "investmentIncomeNet": "None", "netInterestIncome": "-56000000", "interestIncome": "None", "interestExpense": "56000000", "nonInterestIncome": "None", "otherNonOperatingIncome": "None", "depreciation": "None", "depreciationAndAmortization": "150000000", "incomeBeforeTax": "986000000", "incomeTaxExpense": "210000000", "interestAndDebtExpense": "None", "netIncomeFromContinuingOperations": "776000000", "comprehensiveIncomeNetOfTax": "None", "ebit": "1065000000", "ebitda": "1215000000", "netIncome": "737000000"}, {"fiscalDateEnding": "2024-06-30", "reportedCurrency": "USD", "grossProfit": "3069000000", "totalRevenue": "5058000000", "costOfRevenue": "1989000000", "costofGoodsAndServicesSold": "1989000000", "operatingIncome": "1158000000", "sellingGeneralAndAdministrative": "1939000000", "researchAndDevelopment": "None", "operatingExpenses": "1911000000", "investmentIncomeNet": "None", "netInterestIncome": "-60000000", "interestIncome": "None", "interestExpense": "60000000", "nonInterestIncome": "None", "otherNonOperatingIncome": "None", "depreciation": "None", "depreciationAndAmortization": "157000000", "incomeBeforeTax": "1010000000", "incomeTaxExpense": "243000000", "interestAndDebtExpense": "None", "netIncomeFromContinuingOperations": "767000000", "comprehensiveIncomeNetOfTax": "None", "ebit": "1092000000", "ebitda": "1249000000", "netIncome": "731000000"}, {"fiscalDateEnding": "2024-03-31", "reportedCurrency": "USD", "grossProfit": "3036000000", "totalRevenue": "5065000000", "costOfRevenue": "2029000000", "costofGoodsAndServicesSold": "2029000000", "operatingIncome": "1156000000", "sellingGeneralAndAdministrative": "1208000000", "researchAndDevelopment": "None", "operatingExpenses": "1880000000", "investmentIncomeNet": "None", "netInterestIncome": "-58000000", "interestIncome": "None", "interestExpense": "58000000", "nonInterestIncome": "None", "otherNonOperatingIncome": "None", "depreciation": "None", "depreciationAndAmortization": "150000000", "incomeBeforeTax": "967000000", "incomeTaxExpense": "238000000", "interestAndDebtExpense": "None", "netIncomeFromContinuingOperations": "729000000", "comprehensiveIncomeNetOfTax": "None", "ebit": "1156000000", "ebitda": "1306000000", "netIncome": "683000000"}, {"fiscalDateEnding": "2023-12-31", "reportedCurrency": "USD", "grossProfit": "2943000000", "totalRevenue": "4950000000", "costOfRevenue": "2007000000", "costofGoodsAndServicesSold": "2007000000", "operatingIncome": "1140000000", "sellingGeneralAndAdministrative": "1210000000", "researchAndDevelopment": "343000000", "operatingExpenses": "1803000000", "investmentIncomeNet": "None", "netInterestIncome": "-62000000", "interestIncome": "None", "interestExpense": "62000000", "nonInterestIncome": "None", "otherNonOperatingIncome": "None", "depreciation": "None", "depreciationAndAmortization": "150000000", "incomeBeforeTax": "988000000", "incomeTaxExpense": "228000000", "interestAndDebtExpense": "None", "netIncomeFromContinuingOperations": "760000000", "comprehensiveIncomeNetOfTax": "None", "ebit": "1339000000", "ebitda": "1489000000", "netIncome": "718000000"}, {"fiscalDateEnding": "2023-09-30", "reportedCurrency": "USD", "grossProfit": "2877000000", "totalRevenue": "4915000000", "costOfRevenue": "2038000000", "costofGoodsAndServicesSold": "2038000000", "operatingIncome": "1029000000", "sellingGeneralAndAdministrative": "1224000000", "researchAndDevelopment": "None", "operatingExpenses": "1822000000", "investmentIncomeNet": "None", "netInterestIncome": "-58000000", "interestIncome": "58000000", "interestExpense": "58000000", "nonInterestIncome": "None", "otherNonOperatingIncome": "None", "depreciation": "None", "depreciationAndAmortization": "144000000", "incomeBeforeTax": "956000000", "incomeTaxExpense": "209000000", "interestAndDebtExpense": "None", "netIncomeFromContinuingOperations": "747000000", "comprehensiveIncomeNetOfTax": "None", "ebit": "1029000000", "ebitda": "1173000000", "netIncome": "708000000"}, {"fiscalDateEnding": "2023-06-30", "reportedCurrency": "USD", "grossProfit": "2787000000", "totalRevenue": "4822000000", "costOfRevenue": "2035000000", "costofGoodsAndServicesSold": "2035000000", "operatingIncome": "974000000", "sellingGeneralAndAdministrative": "1768000000", "researchAndDevelopment": "None", "operatingExpenses": "1768000000", "investmentIncomeNet": "None", "netInterestIncome": "-58000000", "interestIncome": "58000000", "interestExpense": "58000000", "nonInterestIncome": "None", "otherNonOperatingIncome": "None", "depreciation": "None", "depreciationAndAmortization": "145000000", "incomeBeforeTax": "887000000", "incomeTaxExpense": "353000000", "interestAndDebtExpense": "None", "netIncomeFromContinuingOperations": "534000000", "comprehensiveIncomeNetOfTax": "None", "ebit": "974000000", "ebitda": "1119000000", "netIncome": "502000000"}, {"fiscalDateEnding": "2023-03-31", "reportedCurrency": "USD", "grossProfit": "2712000000", "totalRevenue": "4770000000", "costOfRevenue": "2058000000", "costofGoodsAndServicesSold": "2058000000", "operatingIncome": "909000000", "sellingGeneralAndAdministrative": "1179000000", "researchAndDevelopment": "None", "operatingExpenses": "1803000000", "investmentIncomeNet": "None", "netInterestIncome": "-54000000", "interestIncome": "54000000", "interestExpense": "54000000", "nonInterestIncome": "None", "otherNonOperatingIncome": "None", "depreciation": "None", "depreciationAndAmortization": "128000000", "incomeBeforeTax": "561000000", "incomeTaxExpense": "147000000", "interestAndDebtExpense": "None", "netIncomeFromContinuingOperations": "414000000", "comprehensiveIncomeNetOfTax": "None", "ebit": "909000000", "ebitda": "1037000000", "netIncome": "372000000"}, {"fiscalDateEnding": "2022-12-31", "reportedCurrency": "USD", "grossProfit": "2574000000", "totalRevenue": "4629000000", "costOfRevenue": "2055000000", "costofGoodsAndServicesSold": "2055000000", "operatingIncome": "1644000000", "sellingGeneralAndAdministrative": "1156000000", "researchAndDevelopment": "320000000", "operatingExpenses": "1651000000", "investmentIncomeNet": "None", "netInterestIncome": "-55000000", "interestIncome": "55000000", "interestExpense": "55000000", "nonInterestIncome": "None", "otherNonOperatingIncome": "None", "depreciation": "None", "depreciationAndAmortization": "135000000", "incomeBeforeTax": "132000000", "incomeTaxExpense": "89000000", "interestAndDebtExpense": "None", "netIncomeFromContinuingOperations": "43000000", "comprehensiveIncomeNetOfTax": "None", "ebit": "894000000", "ebitda": "1029000000", "netIncome": "43000000"}, {"fiscalDateEnding": "2022-09-30", "reportedCurrency": "USD", "grossProfit": "2548000000", "totalRevenue": "4455000000", "costOfRevenue": "1907000000", "costofGoodsAndServicesSold": "1907000000", "operatingIncome": "947000000", "sellingGeneralAndAdministrative": "1148000000", "researchAndDevelopment": "None", "operatingExpenses": "1601000000", "investmentIncomeNet": "None", "netInterestIncome": "-40000000", "interestIncome": "40000000", "interestExpense": "40000000", "nonInterestIncome": "None", "otherNonOperatingIncome": "None", "depreciation": "None", "depreciationAndAmortization": "134000000", "incomeBeforeTax": "892000000", "incomeTaxExpense": "210000000", "interestAndDebtExpense": "None", "netIncomeFromContinuingOperations": "682000000", "comprehensiveIncomeNetOfTax": "None", "ebit": "947000000", "ebitda": "1081000000", "netIncome": "618000000"}, {"fiscalDateEnding": "2022-06-30", "reportedCurrency": "USD", "grossProfit": "2554000000", "totalRevenue": "4484000000", "costOfRevenue": "1930000000", "costofGoodsAndServicesSold": "1930000000", "operatingIncome": "884000000", "sellingGeneralAndAdministrative": "1156000000", "researchAndDevelopment": "None", "operatingExpenses": "1670000000", "investmentIncomeNet": "None", "netInterestIncome": "-31000000", "interestIncome": "31000000", "interestExpense": "31000000", "nonInterestIncome": "None", "otherNonOperatingIncome": "None", "depreciation": "None", "depreciationAndAmortization": "138000000", "incomeBeforeTax": "841000000", "incomeTaxExpense": "202000000", "interestAndDebtExpense": "None", "netIncomeFromContinuingOperations": "639000000", "comprehensiveIncomeNetOfTax": "None", "ebit": "884000000", "ebitda": "1022000000", "netIncome": "603000000"}, {"fiscalDateEnding": "2022-03-31", "reportedCurrency": "USD", "grossProfit": "2572000000", "totalRevenue": "4399000000", "costOfRevenue": "1827000000", "costofGoodsAndServicesSold": "1827000000", "operatingIncome": "860000000", "sellingGeneralAndAdministrative": "1135000000", "researchAndDevelopment": "None", "operatingExpenses": "1712000000", "investmentIncomeNet": "None", "netInterestIncome": "-27000000", "interestIncome": "27000000", "interestExpense": "27000000", "nonInterestIncome": "None", "otherNonOperatingIncome": "None", "depreciation": "None", "depreciationAndAmortization": "138000000", "incomeBeforeTax": "795000000", "incomeTaxExpense": "192000000", "interestAndDebtExpense": "None", "netIncomeFromContinuingOperations": "603000000", "comprehensiveIncomeNetOfTax": "None", "ebit": "860000000", "ebitda": "998000000", "netIncome": "559000000"}, {"fiscalDateEnding": "2021-12-31", "reportedCurrency": "USD", "grossProfit": "2559000000", "totalRevenue": "4403000000", "costOfRevenue": "1844000000", "costofGoodsAndServicesSold": "1844000000", "operatingIncome": "365000000", "sellingGeneralAndAdministrative": "1109000000", "researchAndDevelopment": "307000000", "operatingExpenses": "1623000000", "investmentIncomeNet": "None", "netInterestIncome": "-23000000", "interestIncome": "23000000", "interestExpense": "31000000", "nonInterestIncome": "None", "otherNonOperatingIncome": "None", "depreciation": "None", "depreciationAndAmortization": "142000000", "incomeBeforeTax": "324000000", "incomeTaxExpense": "136000000", "interestAndDebtExpense": "None", "netIncomeFromContinuingOperations": "188000000", "comprehensiveIncomeNetOfTax": "None", "ebit": "906000000", "ebitda": "1048000000", "netIncome": "148000000"}, {"fiscalDateEnding": "2021-09-30", "reportedCurrency": "USD", "grossProfit": "2623000000", "totalRevenue": "4414000000", "costOfRevenue": "1791000000", "costofGoodsAndServicesSold": "1791000000", "operatingIncome": "967000000", "sellingGeneralAndAdministrative": "1133000000", "researchAndDevelopment": "None", "operatingExpenses": "1656000000", "investmentIncomeNet": "None", "netInterestIncome": "-98000000", "interestIncome": "98000000", "interestExpense": "98000000", "nonInterestIncome": "None", "otherNonOperatingIncome": "None", "depreciation": "None", "depreciationAndAmortization": "140000000", "incomeBeforeTax": "853000000", "incomeTaxExpense": "172000000", "interestAndDebtExpense": "None", "netIncomeFromContinuingOperations": "681000000", "comprehensiveIncomeNetOfTax": "None", "ebit": "967000000", "ebitda": "1107000000", "netIncome": "634000000"}, {"fiscalDateEnding": "2021-06-30", "reportedCurrency": "USD", "grossProfit": "2556000000", "totalRevenue": "4260000000", "costOfRevenue": "1704000000", "costofGoodsAndServicesSold": "1704000000", "operatingIncome": "996000000", "sellingGeneralAndAdministrative": "1074000000", "researchAndDevelopment": "None", "operatingExpenses": "1560000000", "investmentIncomeNet": "None", "netInterestIncome": "-25000000", "interestIncome": "25000000", "interestExpense": "25000000", "nonInterestIncome": "None", "otherNonOperatingIncome": "None", "depreciation": "None", "depreciationAndAmortization": "137000000", "incomeBeforeTax": "953000000", "incomeTaxExpense": "212000000", "interestAndDebtExpense": "None", "netIncomeFromContinuingOperations": "741000000", "comprehensiveIncomeNetOfTax": "None", "ebit": "996000000", "ebitda": "1133000000", "netIncome": "703000000"}, {"fiscalDateEnding": "2021-03-31", "reportedCurrency": "USD", "grossProfit": "2637000000", "totalRevenue": "4344000000", "costOfRevenue": "1707000000", "costofGoodsAndServicesSold": "1707000000", "operatingIncome": "1004000000", "sellingGeneralAndAdministrative": "1070000000", "researchAndDevelopment": "None", "operatingExpenses": "1633000000", "investmentIncomeNet": "None", "netInterestIncome": "-29000000", "interestIncome": "29000000", "interestExpense": "29000000", "nonInterestIncome": "None", "otherNonOperatingIncome": "None", "depreciation": "None", "depreciationAndAmortization": "137000000", "incomeBeforeTax": "957000000", "incomeTaxExpense": "229000000", "interestAndDebtExpense": "None", "netIncomeFromContinuingOperations": "728000000", "comprehensiveIncomeNetOfTax": "None", "ebit": "1004000000", "ebitda": "1141000000", "netIncome": "681000000"}, {"fiscalDateEnding": "2020-12-31", "reportedCurrency": "USD", "grossProfit": "2643000000", "totalRevenue": "4324000000", "costOfRevenue": "1681000000", "costofGoodsAndServicesSold": "1681000000", "operatingIncome": "969000000", "sellingGeneralAndAdministrative": "1084000000", "researchAndDevelopment": "290000000", "operatingExpenses": "1674000000", "investmentIncomeNet": "None", "netInterestIncome": "-57000000", "interestIncome": "57000000", "interestExpense": "57000000", "nonInterestIncome": "None", "otherNonOperatingIncome": "None", "depreciation": "None", "depreciationAndAmortization": "139000000", "incomeBeforeTax": "894000000", "incomeTaxExpense": "202000000", "interestAndDebtExpense": "None", "netIncomeFromContinuingOperations": "692000000", "comprehensiveIncomeNetOfTax": "None", "ebit": "939000000", "ebitda": "1078000000", "netIncome": "647000000"}, {"fiscalDateEnding": "2020-09-30", "reportedCurrency": "USD", "grossProfit": "2540000000", "totalRevenue": "4153000000", "costOfRevenue": "1613000000", "costofGoodsAndServicesSold": "1613000000", "operatingIncome": "1018000000", "sellingGeneralAndAdministrative": "1042000000", "researchAndDevelopment": "None", "operatingExpenses": "1522000000", "investmentIncomeNet": "None", "netInterestIncome": "-36000000", "interestIncome": "36000000", "interestExpense": "36000000", "nonInterestIncome": "None", "otherNonOperatingIncome": "None", "depreciation": "None", "depreciationAndAmortization": "134000000", "incomeBeforeTax": "967000000", "incomeTaxExpense": "222000000", "interestAndDebtExpense": "None", "netIncomeFromContinuingOperations": "745000000", "comprehensiveIncomeNetOfTax": "None", "ebit": "1018000000", "ebitda": "1152000000", "netIncome": "698000000"}, {"fiscalDateEnding": "2020-06-30", "reportedCurrency": "USD", "grossProfit": "2369000000", "totalRevenue": "3897000000", "costOfRevenue": "1528000000", "costofGoodsAndServicesSold": "1528000000", "operatingIncome": "946000000", "sellingGeneralAndAdministrative": "956000000", "researchAndDevelopment": "None", "operatingExpenses": "1423000000", "investmentIncomeNet": "None", "netInterestIncome": "-35000000", "interestIncome": "35000000", "interestExpense": "35000000", "nonInterestIncome": "None", "otherNonOperatingIncome": "None", "depreciation": "None", "depreciationAndAmortization": "133000000", "incomeBeforeTax": "891000000", "incomeTaxExpense": "216000000", "interestAndDebtExpense": "None", "netIncomeFromContinuingOperations": "675000000", "comprehensiveIncomeNetOfTax": "None", "ebit": "946000000", "ebitda": "1079000000", "netIncome": "635000000"}, {"fiscalDateEnding": "2020-03-31", "reportedCurrency": "USD", "grossProfit": "2465000000", "totalRevenue": "4097000000", "costOfRevenue": "1632000000", "costofGoodsAndServicesSold": "1632000000", "operatingIncome": "952000000", "sellingGeneralAndAdministrative": "989000000", "researchAndDevelopment": "None", "operatingExpenses": "1513000000", "investmentIncomeNet": "None", "netInterestIncome": "-36000000", "interestIncome": "36000000", "interestExpense": "36000000", "nonInterestIncome": "None", "otherNonOperatingIncome": "None", "depreciation": "None", "depreciationAndAmortization": "133000000", "incomeBeforeTax": "895000000", "incomeTaxExpense": "147000000", "interestAndDebtExpense": "None", "netIncomeFromContinuingOperations": "748000000", "comprehensiveIncomeNetOfTax": "None", "ebit": "952000000", "ebitda": "1085000000", "netIncome": "715000000"}, {"fiscalDateEnding": "2019-12-31", "reportedCurrency": "USD", "grossProfit": "2414000000", "totalRevenue": "4015000000", "costOfRevenue": "1601000000", "costofGoodsAndServicesSold": "1601000000", "operatingIncome": "931000000", "sellingGeneralAndAdministrative": "986000000", "researchAndDevelopment": "281000000", "operatingExpenses": "1483000000", "investmentIncomeNet": "None", "netInterestIncome": "-32000000", "interestIncome": "32000000", "interestExpense": "32000000", "nonInterestIncome": "None", "otherNonOperatingIncome": "None", "depreciation": "None", "depreciationAndAmortization": "133000000", "incomeBeforeTax": "870000000", "incomeTaxExpense": "188000000", "interestAndDebtExpense": "None", "netIncomeFromContinuingOperations": "682000000", "comprehensiveIncomeNetOfTax": "None", "ebit": "902000000", "ebitda": "1035000000", "netIncome": "643000000"}, {"fiscalDateEnding": "2019-09-30", "reportedCurrency": "USD", "grossProfit": "2316000000", "totalRevenue": "3928000000", "costOfRevenue": "1612000000", "costofGoodsAndServicesSold": "1612000000", "operatingIncome": "856000000", "sellingGeneralAndAdministrative": "1006000000", "researchAndDevelopment": "None", "operatingExpenses": "1460000000", "investmentIncomeNet": "None", "netInterestIncome": "-35000000", "interestIncome": "35000000", "interestExpense": "35000000", "nonInterestIncome": "None", "otherNonOperatingIncome": "None", "depreciation": "None", "depreciationAndAmortization": "130000000", "incomeBeforeTax": "794000000", "incomeTaxExpense": "167000000", "interestAndDebtExpense": "None", "netIncomeFromContinuingOperations": "627000000", "comprehensiveIncomeNetOfTax": "None", "ebit": "856000000", "ebitda": "986000000", "netIncome": "578000000"}, {"fiscalDateEnding": "2019-06-30", "reportedCurrency": "USD", "grossProfit": "2308000000", "totalRevenue": "3866000000", "costOfRevenue": "1558000000", "costofGoodsAndServicesSold": "1558000000", "operatingIncome": "888000000", "sellingGeneralAndAdministrative": "1369000000", "researchAndDevelopment": "None", "operatingExpenses": "1420000000", "investmentIncomeNet": "None", "netInterestIncome": "-38000000", "interestIncome": "38000000", "interestExpense": "38000000", "nonInterestIncome": "None", "otherNonOperatingIncome": "None", "depreciation": "None", "depreciationAndAmortization": "128000000", "incomeBeforeTax": "823000000", "incomeTaxExpense": "205000000", "interestAndDebtExpense": "None", "netIncomeFromContinuingOperations": "618000000", "comprehensiveIncomeNetOfTax": "None", "ebit": "888000000", "ebitda": "1016000000", "netIncome": "586000000"}, {"fiscalDateEnding": "2019-03-31", "reportedCurrency": "USD", "grossProfit": "2287000000", "totalRevenue": "3884000000", "costOfRevenue": "1597000000", "costofGoodsAndServicesSold": "1597000000", "operatingIncome": "879000000", "sellingGeneralAndAdministrative": "936000000", "researchAndDevelopment": "None", "operatingExpenses": "1408000000", "investmentIncomeNet": "None", "netInterestIncome": "-40000000", "interestIncome": "40000000", "interestExpense": "40000000", "nonInterestIncome": "None", "otherNonOperatingIncome": "None", "depreciation": "None", "depreciationAndAmortization": "128000000", "incomeBeforeTax": "814000000", "incomeTaxExpense": "214000000", "interestAndDebtExpense": "None", "netIncomeFromContinuingOperations": "600000000", "comprehensiveIncomeNetOfTax": "None", "ebit": "879000000", "ebitda": "1007000000", "netIncome": "560000000"}, {"fiscalDateEnding": "2018-12-31", "reportedCurrency": "USD", "grossProfit": "2253000000", "totalRevenue": "3811000000", "costOfRevenue": "1558000000", "costofGoodsAndServicesSold": "1558000000", "operatingIncome": "891000000", "sellingGeneralAndAdministrative": "952000000", "researchAndDevelopment": "277000000", "operatingExpenses": "1284000000", "investmentIncomeNet": "None", "netInterestIncome": "None", "interestIncome": "None", "interestExpense": "37000000", "nonInterestIncome": "None", "otherNonOperatingIncome": "None", "depreciation": "None", "depreciationAndAmortization": "126000000", "incomeBeforeTax": "832000000", "incomeTaxExpense": "189000000", "interestAndDebtExpense": "None", "netIncomeFromContinuingOperations": "643000000", "comprehensiveIncomeNetOfTax": "None", "ebit": "869000000", "ebitda": "995000000", "netIncome": "606000000"}, {"fiscalDateEnding": "2018-09-30", "reportedCurrency": "USD", "grossProfit": "2269000000", "totalRevenue": "3845000000", "costOfRevenue": "1576000000", "costofGoodsAndServicesSold": "1576000000", "operatingIncome": "874000000", "sellingGeneralAndAdministrative": "974000000", "researchAndDevelopment": "0", "operatingExpenses": "1395000000", "investmentIncomeNet": "None", "netInterestIncome": "None", "interestIncome": "None", "interestExpense": "36000000", "nonInterestIncome": "None", "otherNonOperatingIncome": "None", "depreciation": "None", "depreciationAndAmortization": "127000000", "incomeBeforeTax": "820000000", "incomeTaxExpense": "258000000", "interestAndDebtExpense": "None", "netIncomeFromContinuingOperations": "562000000", "comprehensiveIncomeNetOfTax": "None", "ebit": "874000000", "ebitda": "1001000000", "netIncome": "523000000"}, {"fiscalDateEnding": "2018-06-30", "reportedCurrency": "USD", "grossProfit": "2301000000", "totalRevenue": "3886000000", "costOfRevenue": "1585000000", "costofGoodsAndServicesSold": "1585000000", "operatingIncome": "946000000", "sellingGeneralAndAdministrative": "897000000", "researchAndDevelopment": "0", "operatingExpenses": "1355000000", "investmentIncomeNet": "None", "netInterestIncome": "None", "interestIncome": "None", "interestExpense": "35000000", "nonInterestIncome": "None", "otherNonOperatingIncome": "None", "depreciation": "None", "depreciationAndAmortization": "129000000", "incomeBeforeTax": "888000000", "incomeTaxExpense": "213000000", "interestAndDebtExpense": "None", "netIncomeFromContinuingOperations": "675000000", "comprehensiveIncomeNetOfTax": "None", "ebit": "946000000", "ebitda": "1075000000", "netIncome": "637000000"}, {"fiscalDateEnding": "2018-03-31", "reportedCurrency": "USD", "grossProfit": "2408000000", "totalRevenue": "4002000000", "costOfRevenue": "1594000000", "costofGoodsAndServicesSold": "1594000000", "operatingIncome": "983000000", "sellingGeneralAndAdministrative": "976000000", "researchAndDevelopment": "0", "operatingExpenses": "1425000000", "investmentIncomeNet": "None", "netInterestIncome": "None", "interestIncome": "None", "interestExpense": "35000000", "nonInterestIncome": "None", "otherNonOperatingIncome": "None", "depreciation": "None", "depreciationAndAmortization": "129000000", "incomeBeforeTax": "924000000", "incomeTaxExpense": "246000000", "interestAndDebtExpense": "None", "netIncomeFromContinuingOperations": "678000000", "comprehensiveIncomeNetOfTax": "None", "ebit": "983000000", "ebitda": "1112000000", "netIncome": "634000000"}, {"fiscalDateEnding": "2017-12-31", "reportedCurrency": "USD", "grossProfit": "2328000000", "totalRevenue": "3892000000", "costOfRevenue": "1564000000", "costofGoodsAndServicesSold": "1564000000", "operatingIncome": "924000000", "sellingGeneralAndAdministrative": "1004000000", "researchAndDevelopment": "285000000", "operatingExpenses": "1404000000", "investmentIncomeNet": "None", "netInterestIncome": "None", "interestIncome": "None", "interestExpense": "28000000", "nonInterestIncome": "None", "otherNonOperatingIncome": "None", "depreciation": "None", "depreciationAndAmortization": "121000000", "incomeBeforeTax": "896000000", "incomeTaxExpense": "543000000", "interestAndDebtExpense": "None", "netIncomeFromContinuingOperations": "353000000", "comprehensiveIncomeNetOfTax": "None", "ebit": "924000000", "ebitda": "1045000000", "netIncome": "323000000"}, {"fiscalDateEnding": "2017-09-30", "reportedCurrency": "USD", "grossProfit": "2383000000", "totalRevenue": "3974000000", "costOfRevenue": "1591000000", "costofGoodsAndServicesSold": "1591000000", "operatingIncome": "927000000", "sellingGeneralAndAdministrative": "1024000000", "researchAndDevelopment": "0", "operatingExpenses": "1456000000", "investmentIncomeNet": "None", "netInterestIncome": "None", "interestIncome": "None", "interestExpense": "27000000", "nonInterestIncome": "None", "otherNonOperatingIncome": "None", "depreciation": "None", "depreciationAndAmortization": "128000000", "incomeBeforeTax": "900000000", "incomeTaxExpense": "250000000", "interestAndDebtExpense": "None", "netIncomeFromContinuingOperations": "650000000", "comprehensiveIncomeNetOfTax": "None", "ebit": "927000000", "ebitda": "1055000000", "netIncome": "607000000"}, {"fiscalDateEnding": "2017-06-30", "reportedCurrency": "USD", "grossProfit": "2300000000", "totalRevenue": "3826000000", "costOfRevenue": "1526000000", "costofGoodsAndServicesSold": "1526000000", "operatingIncome": "853000000", "sellingGeneralAndAdministrative": "934000000", "researchAndDevelopment": "0", "operatingExpenses": "1447000000", "investmentIncomeNet": "None", "netInterestIncome": "None", "interestIncome": "None", "interestExpense": "24000000", "nonInterestIncome": "None", "otherNonOperatingIncome": "None", "depreciation": "None", "depreciationAndAmortization": "117000000", "incomeBeforeTax": "829000000", "incomeTaxExpense": "269000000", "interestAndDebtExpense": "None", "netIncomeFromContinuingOperations": "560000000", "comprehensiveIncomeNetOfTax": "None", "ebit": "736000000", "ebitda": "853000000", "netIncome": "524000000"}, {"fiscalDateEnding": "2017-03-31", "reportedCurrency": "USD", "grossProfit": "2269000000", "totalRevenue": "3762000000", "costOfRevenue": "1493000000", "costofGoodsAndServicesSold": "1493000000", "operatingIncome": "885000000", "sellingGeneralAndAdministrative": "962000000", "researchAndDevelopment": "0", "operatingExpenses": "1384000000", "investmentIncomeNet": "None", "netInterestIncome": "None", "interestIncome": "None", "interestExpense": "23000000", "nonInterestIncome": "None", "otherNonOperatingIncome": "None", "depreciation": "None", "depreciationAndAmortization": "109000000", "incomeBeforeTax": "862000000", "incomeTaxExpense": "251000000", "interestAndDebtExpense": "None", "netIncomeFromContinuingOperations": "611000000", "comprehensiveIncomeNetOfTax": "None", "ebit": "885000000", "ebitda": "994000000", "netIncome": "570000000"}, {"fiscalDateEnding": "2016-12-31", "reportedCurrency": "USD", "grossProfit": "2247000000", "totalRevenue": "3721000000", "costOfRevenue": "1474000000", "costofGoodsAndServicesSold": "1474000000", "operatingIncome": "955000000", "sellingGeneralAndAdministrative": "956000000", "researchAndDevelopment": "289000000", "operatingExpenses": "1277000000", "investmentIncomeNet": "None", "netInterestIncome": "None", "interestIncome": "None", "interestExpense": "21000000", "nonInterestIncome": "None", "otherNonOperatingIncome": "None", "depreciation": "None", "depreciationAndAmortization": "114000000", "incomeBeforeTax": "934000000", "incomeTaxExpense": "306000000", "interestAndDebtExpense": "None", "netIncomeFromContinuingOperations": "628000000", "comprehensiveIncomeNetOfTax": "None", "ebit": "955000000", "ebitda": "1069000000", "netIncome": "606000000"}, {"fiscalDateEnding": "2016-09-30", "reportedCurrency": "USD", "grossProfit": "2324000000", "totalRevenue": "3867000000", "costOfRevenue": "1543000000", "costofGoodsAndServicesSold": "1543000000", "operatingIncome": "1071000000", "sellingGeneralAndAdministrative": "983000000", "researchAndDevelopment": "0", "operatingExpenses": "1253000000", "investmentIncomeNet": "None", "netInterestIncome": "None", "interestIncome": "None", "interestExpense": "25000000", "nonInterestIncome": "None", "otherNonOperatingIncome": "None", "depreciation": "None", "depreciationAndAmortization": "114000000", "incomeBeforeTax": "1046000000", "incomeTaxExpense": "300000000", "interestAndDebtExpense": "None", "netIncomeFromContinuingOperations": "746000000", "comprehensiveIncomeNetOfTax": "None", "ebit": "1071000000", "ebitda": "1185000000", "netIncome": "702000000"}, {"fiscalDateEnding": "2016-06-30", "reportedCurrency": "USD", "grossProfit": "2304000000", "totalRevenue": "3845000000", "costOfRevenue": "1541000000", "costofGoodsAndServicesSold": "1541000000", "operatingIncome": "944000000", "sellingGeneralAndAdministrative": "926000000", "researchAndDevelopment": "0", "operatingExpenses": "1360000000", "investmentIncomeNet": "None", "netInterestIncome": "None", "interestIncome": "None", "interestExpense": "25000000", "nonInterestIncome": "None", "otherNonOperatingIncome": "None", "depreciation": "None", "depreciationAndAmortization": "109000000", "incomeBeforeTax": "919000000", "incomeTaxExpense": "281000000", "interestAndDebtExpense": "None", "netIncomeFromContinuingOperations": "638000000", "comprehensiveIncomeNetOfTax": "None", "ebit": "944000000", "ebitda": "1053000000", "netIncome": "600000000"}, {"fiscalDateEnding": "2016-03-31", "reportedCurrency": "USD", "grossProfit": "2248000000", "totalRevenue": "3762000000", "costOfRevenue": "1514000000", "costofGoodsAndServicesSold": "1514000000", "operatingIncome": "867000000", "sellingGeneralAndAdministrative": "956000000", "researchAndDevelopment": "0", "operatingExpenses": "1381000000", "investmentIncomeNet": "None", "netInterestIncome": "None", "interestIncome": "None", "interestExpense": "28000000", "nonInterestIncome": "None", "otherNonOperatingIncome": "None", "depreciation": "None", "depreciationAndAmortization": "106000000", "incomeBeforeTax": "839000000", "incomeTaxExpense": "265000000", "interestAndDebtExpense": "None", "netIncomeFromContinuingOperations": "574000000", "comprehensiveIncomeNetOfTax": "None", "ebit": "867000000", "ebitda": "973000000", "netIncome": "533000000"}, {"fiscalDateEnding": "2015-12-31", "reportedCurrency": "USD", "grossProfit": "2293000000", "totalRevenue": "3899000000", "costOfRevenue": "1606000000", "costofGoodsAndServicesSold": "1606000000", "operatingIncome": "-139000000", "sellingGeneralAndAdministrative": "963000000", "researchAndDevelopment": "274000000", "operatingExpenses": "1325000000", "investmentIncomeNet": "None", "netInterestIncome": "None", "interestIncome": "None", "interestExpense": "45000000", "nonInterestIncome": "None", "otherNonOperatingIncome": "None", "depreciation": "None", "depreciationAndAmortization": "112000000", "incomeBeforeTax": "-146000000", "incomeTaxExpense": "275000000", "interestAndDebtExpense": "None", "netIncomeFromContinuingOperations": "-421000000", "comprehensiveIncomeNetOfTax": "None", "ebit": "-32000000", "ebitda": "80000000", "netIncome": "-458000000"}, {"fiscalDateEnding": "2015-09-30", "reportedCurrency": "USD", "grossProfit": "2347000000", "totalRevenue": "3999000000", "costOfRevenue": "1652000000", "costofGoodsAndServicesSold": "1652000000", "operatingIncome": "1136000000", "sellingGeneralAndAdministrative": "1019000000", "researchAndDevelopment": "0", "operatingExpenses": "1211000000", "investmentIncomeNet": "None", "netInterestIncome": "None", "interestIncome": "None", "interestExpense": "5000000", "nonInterestIncome": "None", "otherNonOperatingIncome": "None", "depreciation": "None", "depreciationAndAmortization": "112000000", "incomeBeforeTax": "1131000000", "incomeTaxExpense": "361000000", "interestAndDebtExpense": "None", "netIncomeFromContinuingOperations": "770000000", "comprehensiveIncomeNetOfTax": "None", "ebit": "1136000000", "ebitda": "1248000000", "netIncome": "726000000"}, {"fiscalDateEnding": "2015-06-30", "reportedCurrency": "USD", "grossProfit": "2367000000", "totalRevenue": "4066000000", "costOfRevenue": "1699000000", "costofGoodsAndServicesSold": "1699000000", "operatingIncome": "932000000", "sellingGeneralAndAdministrative": "971000000", "researchAndDevelopment": "0", "operatingExpenses": "1435000000", "investmentIncomeNet": "None", "netInterestIncome": "None", "interestIncome": "None", "interestExpense": "6000000", "nonInterestIncome": "None", "otherNonOperatingIncome": "None", "depreciation": "None", "depreciationAndAmortization": "111000000", "incomeBeforeTax": "926000000", "incomeTaxExpense": "310000000", "interestAndDebtExpense": "None", "netIncomeFromContinuingOperations": "616000000", "comprehensiveIncomeNetOfTax": "None", "ebit": "932000000", "ebitda": "1043000000", "netIncome": "574000000"}, {"fiscalDateEnding": "2015-03-31", "reportedCurrency": "USD", "grossProfit": "2392000000", "totalRevenue": "4070000000", "costOfRevenue": "1678000000", "costofGoodsAndServicesSold": "1678000000", "operatingIncome": "860000000", "sellingGeneralAndAdministrative": "1020000000", "researchAndDevelopment": "0", "operatingExpenses": "1532000000", "investmentIncomeNet": "None", "netInterestIncome": "None", "interestIncome": "None", "interestExpense": "8000000", "nonInterestIncome": "None", "otherNonOperatingIncome": "None", "depreciation": "None", "depreciationAndAmortization": "114000000", "incomeBeforeTax": "852000000", "incomeTaxExpense": "269000000", "interestAndDebtExpense": "None", "netIncomeFromContinuingOperations": "583000000", "comprehensiveIncomeNetOfTax": "None", "ebit": "860000000", "ebitda": "974000000", "netIncome": "542000000"}, {"fiscalDateEnding": "2014-12-31", "reportedCurrency": "USD", "grossProfit": "2475000000", "totalRevenue": "4221000000", "costOfRevenue": "1746000000", "costofGoodsAndServicesSold": "1746000000", "operatingIncome": "995000000", "sellingGeneralAndAdministrative": "1024000000", "researchAndDevelopment": "277000000", "operatingExpenses": "924000000", "investmentIncomeNet": "None", "netInterestIncome": "None", "interestIncome": "None", "interestExpense": "44000000", "nonInterestIncome": "None", "otherNonOperatingIncome": "None", "depreciation": "None", "depreciationAndAmortization": "113000000", "incomeBeforeTax": "991000000", "incomeTaxExpense": "325000000", "interestAndDebtExpense": "None", "netIncomeFromContinuingOperations": "666000000", "comprehensiveIncomeNetOfTax": "None", "ebit": "1101000000", "ebitda": "1214000000", "netIncome": "628000000"}, {"fiscalDateEnding": "2014-09-30", "reportedCurrency": "USD", "grossProfit": "2558000000", "totalRevenue": "4379000000", "costOfRevenue": "1821000000", "costofGoodsAndServicesSold": "1821000000", "operatingIncome": "948000000", "sellingGeneralAndAdministrative": "1069000000", "researchAndDevelopment": "0", "operatingExpenses": "1610000000", "investmentIncomeNet": "None", "netInterestIncome": "None", "interestIncome": "None", "interestExpense": "4000000", "nonInterestIncome": "None", "otherNonOperatingIncome": "None", "depreciation": "None", "depreciationAndAmortization": "114000000", "incomeBeforeTax": "944000000", "incomeTaxExpense": "364000000", "interestAndDebtExpense": "None", "netIncomeFromContinuingOperations": "580000000", "comprehensiveIncomeNetOfTax": "None", "ebit": "948000000", "ebitda": "1062000000", "netIncome": "542000000"}, {"fiscalDateEnding": "2014-06-30", "reportedCurrency": "USD", "grossProfit": "2552000000", "totalRevenue": "4352000000", "costOfRevenue": "1800000000", "costofGoodsAndServicesSold": "1800000000", "operatingIncome": "980000000", "sellingGeneralAndAdministrative": "1039000000", "researchAndDevelopment": "0", "operatingExpenses": "1572000000", "investmentIncomeNet": "None", "netInterestIncome": "None", "interestIncome": "None", "interestExpense": "9000000", "nonInterestIncome": "None", "otherNonOperatingIncome": "None", "depreciation": "None", "depreciationAndAmortization": "107000000", "incomeBeforeTax": "971000000", "incomeTaxExpense": "310000000", "interestAndDebtExpense": "None", "netIncomeFromContinuingOperations": "661000000", "comprehensiveIncomeNetOfTax": "None", "ebit": "980000000", "ebitda": "1087000000", "netIncome": "622000000"}, {"fiscalDateEnding": "2014-03-31", "reportedCurrency": "USD", "grossProfit": "2524000000", "totalRevenue": "4325000000", "costOfRevenue": "1801000000", "costofGoodsAndServicesSold": "1801000000", "operatingIncome": "634000000", "sellingGeneralAndAdministrative": "1066000000", "researchAndDevelopment": "0", "operatingExpenses": "1890000000", "investmentIncomeNet": "None", "netInterestIncome": "None", "interestIncome": "None", "interestExpense": "7000000", "nonInterestIncome": "None", "otherNonOperatingIncome": "None", "depreciation": "None", "depreciationAndAmortization": "108000000", "incomeBeforeTax": "627000000", "incomeTaxExpense": "195000000", "interestAndDebtExpense": "None", "netIncomeFromContinuingOperations": "432000000", "comprehensiveIncomeNetOfTax": "None", "ebit": "634000000", "ebitda": "742000000", "netIncome": "388000000"}, {"fiscalDateEnding": "2013-12-31", "reportedCurrency": "USD", "grossProfit": "2567000000", "totalRevenue": "4361000000", "costOfRevenue": "1794000000", "costofGoodsAndServicesSold": "1794000000", "operatingIncome": "892000000", "sellingGeneralAndAdministrative": "1167000000", "researchAndDevelopment": "267000000", "operatingExpenses": "1280000000", "investmentIncomeNet": "None", "netInterestIncome": "None", "interestIncome": "None", "interestExpense": "17000000", "nonInterestIncome": "None", "otherNonOperatingIncome": "None", "depreciation": "None", "depreciationAndAmortization": "110000000", "incomeBeforeTax": "893000000", "incomeTaxExpense": "292000000", "interestAndDebtExpense": "None", "netIncomeFromContinuingOperations": "601000000", "comprehensiveIncomeNetOfTax": "None", "ebit": "1017000000", "ebitda": "1127000000", "netIncome": "564000000"}, {"fiscalDateEnding": "2013-09-30", "reportedCurrency": "USD", "grossProfit": "2585000000", "totalRevenue": "4398000000", "costOfRevenue": "1813000000", "costofGoodsAndServicesSold": "1813000000", "operatingIncome": "1016000000", "sellingGeneralAndAdministrative": "1071000000", "researchAndDevelopment": "0", "operatingExpenses": "1569000000", "investmentIncomeNet": "None", "netInterestIncome": "None", "interestIncome": "None", "interestExpense": "0", "nonInterestIncome": "None", "otherNonOperatingIncome": "None", "depreciation": "None", "depreciationAndAmortization": "108000000", "incomeBeforeTax": "1016000000", "incomeTaxExpense": "317000000", "interestAndDebtExpense": "None", "netIncomeFromContinuingOperations": "699000000", "comprehensiveIncomeNetOfTax": "None", "ebit": "1016000000", "ebitda": "1124000000", "netIncome": "656000000"}, {"fiscalDateEnding": "2013-06-30", "reportedCurrency": "USD", "grossProfit": "2534000000", "totalRevenue": "4346000000", "costOfRevenue": "1812000000", "costofGoodsAndServicesSold": "1812000000", "operatingIncome": "906000000", "sellingGeneralAndAdministrative": "1029000000", "researchAndDevelopment": "0", "operatingExpenses": "1628000000", "investmentIncomeNet": "None", "netInterestIncome": "None", "interestIncome": "None", "interestExpense": "5000000", "nonInterestIncome": "None", "otherNonOperatingIncome": "None", "depreciation": "None", "depreciationAndAmortization": "111000000", "incomeBeforeTax": "911000000", "incomeTaxExpense": "307000000", "interestAndDebtExpense": "None", "netIncomeFromContinuingOperations": "604000000", "comprehensiveIncomeNetOfTax": "None", "ebit": "906000000", "ebitda": "1017000000", "netIncome": "561000000"}, {"fiscalDateEnding": "2013-03-31", "reportedCurrency": "USD", "grossProfit": "2515000000", "totalRevenue": "4315000000", "costOfRevenue": "1800000000", "costofGoodsAndServicesSold": "1800000000", "operatingIncome": "742000000", "sellingGeneralAndAdministrative": "1065000000", "researchAndDevelopment": "0", "operatingExpenses": "1773000000", "investmentIncomeNet": "None", "netInterestIncome": "None", "interestIncome": "None", "interestExpense": "3000000", "nonInterestIncome": "None", "otherNonOperatingIncome": "None", "depreciation": "None", "depreciationAndAmortization": "110000000", "incomeBeforeTax": "745000000", "incomeTaxExpense": "239000000", "interestAndDebtExpense": "None", "netIncomeFromContinuingOperations": "506000000", "comprehensiveIncomeNetOfTax": "None", "ebit": "742000000", "ebitda": "852000000", "netIncome": "460000000"}, {"fiscalDateEnding": "2012-12-31", "reportedCurrency": "USD", "grossProfit": "2505000000", "totalRevenue": "4286000000", "costOfRevenue": "1781000000", "costofGoodsAndServicesSold": "1781000000", "operatingIncome": "905000000", "sellingGeneralAndAdministrative": "1053000000", "researchAndDevelopment": "259000000", "operatingExpenses": "1517000000", "investmentIncomeNet": "None", "netInterestIncome": "None", "interestIncome": "None", "interestExpense": "60000000", "nonInterestIncome": "None", "otherNonOperatingIncome": "None", "depreciation": "None", "depreciationAndAmortization": "108000000", "incomeBeforeTax": "947000000", "incomeTaxExpense": "311000000", "interestAndDebtExpense": "None", "netIncomeFromContinuingOperations": "636000000", "comprehensiveIncomeNetOfTax": "None", "ebit": "1007000000", "ebitda": "1115000000", "netIncome": "598000000"}, {"fiscalDateEnding": "2012-09-30", "reportedCurrency": "USD", "grossProfit": "2529000000", "totalRevenue": "4332000000", "costOfRevenue": "1803000000", "costofGoodsAndServicesSold": "1803000000", "operatingIncome": "1028000000", "sellingGeneralAndAdministrative": "1048000000", "researchAndDevelopment": "0", "operatingExpenses": "1501000000", "investmentIncomeNet": "None", "netInterestIncome": "None", "interestIncome": "None", "interestExpense": "4000000", "nonInterestIncome": "None", "otherNonOperatingIncome": "None", "depreciation": "None", "depreciationAndAmortization": "106000000", "incomeBeforeTax": "1023000000", "incomeTaxExpense": "326000000", "interestAndDebtExpense": "None", "netIncomeFromContinuingOperations": "697000000", "comprehensiveIncomeNetOfTax": "None", "ebit": "1028000000", "ebitda": "1134000000", "netIncome": "654000000"}, {"fiscalDateEnding": "2012-06-30", "reportedCurrency": "USD", "grossProfit": "2461000000", "totalRevenue": "4267000000", "costOfRevenue": "1806000000", "costofGoodsAndServicesSold": "1806000000", "operatingIncome": "982000000", "sellingGeneralAndAdministrative": "1464000000", "researchAndDevelopment": "0", "operatingExpenses": "1479000000", "investmentIncomeNet": "None", "netInterestIncome": "None", "interestIncome": "None", "interestExpense": "6000000", "nonInterestIncome": "None", "otherNonOperatingIncome": "None", "depreciation": "None", "depreciationAndAmortization": "105000000", "incomeBeforeTax": "976000000", "incomeTaxExpense": "311000000", "interestAndDebtExpense": "None", "netIncomeFromContinuingOperations": "665000000", "comprehensiveIncomeNetOfTax": "None", "ebit": "877000000", "ebitda": "982000000", "netIncome": "627000000"}, {"fiscalDateEnding": "2012-03-31", "reportedCurrency": "USD", "grossProfit": "2437000000", "totalRevenue": "4200000000", "costOfRevenue": "1763000000", "costofGoodsAndServicesSold": "1763000000", "operatingIncome": "938000000", "sellingGeneralAndAdministrative": "1478000000", "researchAndDevelopment": "0", "operatingExpenses": "1499000000", "investmentIncomeNet": "None", "netInterestIncome": "None", "interestIncome": "None", "interestExpense": "10000000", "nonInterestIncome": "None", "otherNonOperatingIncome": "None", "depreciation": "None", "depreciationAndAmortization": "106000000", "incomeBeforeTax": "928000000", "incomeTaxExpense": "295000000", "interestAndDebtExpense": "None", "netIncomeFromContinuingOperations": "633000000", "comprehensiveIncomeNetOfTax": "None", "ebit": "832000000", "ebitda": "938000000", "netIncome": "593000000"}, {"fiscalDateEnding": "2011-12-31", "reportedCurrency": "USD", "grossProfit": "2393000000", "totalRevenue": "4172000000", "costOfRevenue": "1779000000", "costofGoodsAndServicesSold": "1779000000", "operatingIncome": "923000000", "sellingGeneralAndAdministrative": "1444000000", "researchAndDevelopment": "262000000", "operatingExpenses": "1470000000", "investmentIncomeNet": "None", "netInterestIncome": "None", "interestIncome": "None", "interestExpense": "89000000", "nonInterestIncome": "None", "otherNonOperatingIncome": "None", "depreciation": "None", "depreciationAndAmortization": "106000000", "incomeBeforeTax": "908000000", "incomeTaxExpense": "283000000", "interestAndDebtExpense": "None", "netIncomeFromContinuingOperations": "625000000", "comprehensiveIncomeNetOfTax": "None", "ebit": "930000000", "ebitda": "1036000000", "netIncome": "590000000"}, {"fiscalDateEnding": "2011-09-30", "reportedCurrency": "USD", "grossProfit": "2462000000", "totalRevenue": "4383000000", "costOfRevenue": "1921000000", "costofGoodsAndServicesSold": "1921000000", "operatingIncome": "1035000000", "sellingGeneralAndAdministrative": "1489000000", "researchAndDevelopment": "0", "operatingExpenses": "1427000000", "investmentIncomeNet": "None", "netInterestIncome": "None", "interestIncome": "None", "interestExpense": "10000000", "nonInterestIncome": "None", "otherNonOperatingIncome": "None", "depreciation": "None", "depreciationAndAmortization": "113000000", "incomeBeforeTax": "1025000000", "incomeTaxExpense": "349000000", "interestAndDebtExpense": "None", "netIncomeFromContinuingOperations": "676000000", "comprehensiveIncomeNetOfTax": "None", "ebit": "922000000", "ebitda": "1035000000", "netIncome": "643000000"}, {"fiscalDateEnding": "2011-06-30", "reportedCurrency": "USD", "grossProfit": "2404000000", "totalRevenue": "4185000000", "costOfRevenue": "1781000000", "costofGoodsAndServicesSold": "1781000000", "operatingIncome": "968000000", "sellingGeneralAndAdministrative": "1421000000", "researchAndDevelopment": "0", "operatingExpenses": "1436000000", "investmentIncomeNet": "None", "netInterestIncome": "None", "interestIncome": "None", "interestExpense": "11000000", "nonInterestIncome": "None", "otherNonOperatingIncome": "None", "depreciation": "None", "depreciationAndAmortization": "103000000", "incomeBeforeTax": "957000000", "incomeTaxExpense": "311000000", "interestAndDebtExpense": "None", "netIncomeFromContinuingOperations": "646000000", "comprehensiveIncomeNetOfTax": "None", "ebit": "865000000", "ebitda": "968000000", "netIncome": "622000000"}, {"fiscalDateEnding": "2011-03-31", "reportedCurrency": "USD", "grossProfit": "2331000000", "totalRevenue": "3994000000", "costOfRevenue": "1663000000", "costofGoodsAndServicesSold": "1663000000", "operatingIncome": "915000000", "sellingGeneralAndAdministrative": "1404000000", "researchAndDevelopment": "0", "operatingExpenses": "1416000000", "investmentIncomeNet": "None", "netInterestIncome": "None", "interestIncome": "None", "interestExpense": "16000000", "nonInterestIncome": "None", "otherNonOperatingIncome": "None", "depreciation": "None", "depreciationAndAmortization": "99000000", "incomeBeforeTax": "899000000", "incomeTaxExpense": "292000000", "interestAndDebtExpense": "None", "netIncomeFromContinuingOperations": "607000000", "comprehensiveIncomeNetOfTax": "None", "ebit": "816000000", "ebitda": "915000000", "netIncome": "576000000"}, {"fiscalDateEnding": "2010-12-31", "reportedCurrency": "USD", "grossProfit": "2350000000", "totalRevenue": "3978000000", "costOfRevenue": "1628000000", "costofGoodsAndServicesSold": "1628000000", "operatingIncome": "905000000", "sellingGeneralAndAdministrative": "1376000000", "researchAndDevelopment": "256000000", "operatingExpenses": "1445000000", "investmentIncomeNet": "None", "netInterestIncome": "None", "interestIncome": "None", "interestExpense": "16000000", "nonInterestIncome": "None", "otherNonOperatingIncome": "None", "depreciation": "None", "depreciationAndAmortization": "98000000", "incomeBeforeTax": "889000000", "incomeTaxExpense": "238000000", "interestAndDebtExpense": "None", "netIncomeFromContinuingOperations": "651000000", "comprehensiveIncomeNetOfTax": "None", "ebit": "911000000", "ebitda": "1009000000", "netIncome": "624000000"}, {"fiscalDateEnding": "2010-09-30", "reportedCurrency": "USD", "grossProfit": "2344000000", "totalRevenue": "3943000000", "costOfRevenue": "1599000000", "costofGoodsAndServicesSold": "1599000000", "operatingIncome": "958000000", "sellingGeneralAndAdministrative": "1391000000", "researchAndDevelopment": "0", "operatingExpenses": "1386000000", "investmentIncomeNet": "None", "netInterestIncome": "None", "interestIncome": "None", "interestExpense": "13000000", "nonInterestIncome": "None", "otherNonOperatingIncome": "None", "depreciation": "None", "depreciationAndAmortization": "93000000", "incomeBeforeTax": "945000000", "incomeTaxExpense": "300000000", "interestAndDebtExpense": "None", "netIncomeFromContinuingOperations": "645000000", "comprehensiveIncomeNetOfTax": "None", "ebit": "865000000", "ebitda": "958000000", "netIncome": "619000000"}, {"fiscalDateEnding": "2010-06-30", "reportedCurrency": "USD", "grossProfit": "2242000000", "totalRevenue": "3814000000", "costOfRevenue": "1572000000", "costofGoodsAndServicesSold": "1572000000", "operatingIncome": "948000000", "sellingGeneralAndAdministrative": "1292000000", "researchAndDevelopment": "0", "operatingExpenses": "1294000000", "investmentIncomeNet": "None", "netInterestIncome": "None", "interestIncome": "None", "interestExpense": "14000000", "nonInterestIncome": "None", "otherNonOperatingIncome": "None", "depreciation": "None", "depreciationAndAmortization": "93000000", "incomeBeforeTax": "934000000", "incomeTaxExpense": "304000000", "interestAndDebtExpense": "None", "netIncomeFromContinuingOperations": "630000000", "comprehensiveIncomeNetOfTax": "None", "ebit": "855000000", "ebitda": "948000000", "netIncome": "603000000"}, {"fiscalDateEnding": "2010-03-31", "reportedCurrency": "USD", "grossProfit": "2268000000", "totalRevenue": "3829000000", "costOfRevenue": "1561000000", "costofGoodsAndServicesSold": "1561000000", "operatingIncome": "678000000", "sellingGeneralAndAdministrative": "1355000000", "researchAndDevelopment": "0", "operatingExpenses": "1590000000", "investmentIncomeNet": "None", "netInterestIncome": "None", "interestIncome": "None", "interestExpense": "16000000", "nonInterestIncome": "None", "otherNonOperatingIncome": "None", "depreciation": "None", "depreciationAndAmortization": "92000000", "incomeBeforeTax": "662000000", "incomeTaxExpense": "275000000", "interestAndDebtExpense": "None", "netIncomeFromContinuingOperations": "387000000", "comprehensiveIncomeNetOfTax": "None", "ebit": "586000000", "ebitda": "678000000", "netIncome": "357000000"}, {"fiscalDateEnding": "2009-12-31", "reportedCurrency": "USD", "grossProfit": "2427000000", "totalRevenue": "4081000000", "costOfRevenue": "1654000000", "costofGoodsAndServicesSold": "1654000000", "operatingIncome": "991000000", "sellingGeneralAndAdministrative": "1397000000", "researchAndDevelopment": "269000000", "operatingExpenses": "1436000000", "investmentIncomeNet": "None", "netInterestIncome": "None", "interestIncome": "None", "interestExpense": "24000000", "nonInterestIncome": "None", "otherNonOperatingIncome": "None", "depreciation": "None", "depreciationAndAmortization": "89000000", "incomeBeforeTax": "973000000", "incomeTaxExpense": "317000000", "interestAndDebtExpense": "None", "netIncomeFromContinuingOperations": "0", "comprehensiveIncomeNetOfTax": "None", "ebit": "1002000000", "ebitda": "1091000000", "netIncome": "631000000"}, {"fiscalDateEnding": "2009-09-30", "reportedCurrency": "USD", "grossProfit": "2367000000", "totalRevenue": "3998000000", "costOfRevenue": "1631000000", "costofGoodsAndServicesSold": "1631000000", "operatingIncome": "926000000", "sellingGeneralAndAdministrative": "1403000000", "researchAndDevelopment": "0", "operatingExpenses": "1441000000", "investmentIncomeNet": "None", "netInterestIncome": "None", "interestIncome": "None", "interestExpense": "17000000", "nonInterestIncome": "None", "otherNonOperatingIncome": "None", "depreciation": "None", "depreciationAndAmortization": "89900000", "incomeBeforeTax": "909000000", "incomeTaxExpense": "292000000", "interestAndDebtExpense": "None", "netIncomeFromContinuingOperations": "617000000", "comprehensiveIncomeNetOfTax": "None", "ebit": "836100000", "ebitda": "926000000", "netIncome": "590000000"}, {"fiscalDateEnding": "2009-06-30", "reportedCurrency": "USD", "grossProfit": "2201200000", "totalRevenue": "3745000000", "costOfRevenue": "1543800000", "costofGoodsAndServicesSold": "1543800000", "operatingIncome": "887100000", "sellingGeneralAndAdministrative": "1295700000", "researchAndDevelopment": "0", "operatingExpenses": "1314100000", "investmentIncomeNet": "None", "netInterestIncome": "None", "interestIncome": "None", "interestExpense": "21500000", "nonInterestIncome": "None", "otherNonOperatingIncome": "None", "depreciation": "None", "depreciationAndAmortization": "90200000", "incomeBeforeTax": "865600000", "incomeTaxExpense": "277800000", "interestAndDebtExpense": "None", "netIncomeFromContinuingOperations": "0", "comprehensiveIncomeNetOfTax": "None", "ebit": "887100000", "ebitda": "977300000", "netIncome": "562000000"}, {"fiscalDateEnding": "2009-03-31", "reportedCurrency": "USD", "grossProfit": "2012400000", "totalRevenue": "3502800000", "costOfRevenue": "1490400000", "costofGoodsAndServicesSold": "1490400000", "operatingIncome": "811400000", "sellingGeneralAndAdministrative": "1185700000", "researchAndDevelopment": "0", "operatingExpenses": "1201000000", "investmentIncomeNet": "None", "netInterestIncome": "None", "interestIncome": "None", "interestExpense": "21200000", "nonInterestIncome": "None", "otherNonOperatingIncome": "None", "depreciation": "None", "depreciationAndAmortization": "81900000", "incomeBeforeTax": "790200000", "incomeTaxExpense": "253700000", "interestAndDebtExpense": "None", "netIncomeFromContinuingOperations": "0", "comprehensiveIncomeNetOfTax": "None", "ebit": "811400000", "ebitda": "893300000", "netIncome": "508000000"}, {"fiscalDateEnding": "2008-12-31", "reportedCurrency": "USD", "grossProfit": "2050600000", "totalRevenue": "3664100000", "costOfRevenue": "1613500000", "costofGoodsAndServicesSold": "1613500000", "operatingIncome": "761600000", "sellingGeneralAndAdministrative": "1235300000", "researchAndDevelopment": "253100000", "operatingExpenses": "1289000000", "investmentIncomeNet": "None", "netInterestIncome": "None", "interestIncome": "None", "interestExpense": "17300000", "nonInterestIncome": "None", "otherNonOperatingIncome": "None", "depreciation": "None", "depreciationAndAmortization": "86700000", "incomeBeforeTax": "748000000", "incomeTaxExpense": "251000000", "interestAndDebtExpense": "None", "netIncomeFromContinuingOperations": "0", "comprehensiveIncomeNetOfTax": "None", "ebit": "771600000", "ebitda": "858300000", "netIncome": "497000000"}, {"fiscalDateEnding": "2008-09-30", "reportedCurrency": "USD", "grossProfit": "2236200000", "totalRevenue": "3988000000", "costOfRevenue": "1751800000", "costofGoodsAndServicesSold": "1751800000", "operatingIncome": "768400000", "sellingGeneralAndAdministrative": "1415400000", "researchAndDevelopment": "0", "operatingExpenses": "1467800000", "investmentIncomeNet": "None", "netInterestIncome": "None", "interestIncome": "None", "interestExpense": "22900000", "nonInterestIncome": "None", "otherNonOperatingIncome": "None", "depreciation": "None", "depreciationAndAmortization": "88500000", "incomeBeforeTax": "745500000", "incomeTaxExpense": "245600000", "interestAndDebtExpense": "None", "netIncomeFromContinuingOperations": "0", "comprehensiveIncomeNetOfTax": "None", "ebit": "791100000", "ebitda": "879600000", "netIncome": "493000000"}, {"fiscalDateEnding": "2008-06-30", "reportedCurrency": "USD", "grossProfit": "2239800000", "totalRevenue": "3964800000", "costOfRevenue": "1725000000", "costofGoodsAndServicesSold": "1725000000", "operatingIncome": "767000000", "sellingGeneralAndAdministrative": "1422700000", "researchAndDevelopment": "0", "operatingExpenses": "1472800000", "investmentIncomeNet": "None", "netInterestIncome": "None", "interestIncome": "None", "interestExpense": "25400000", "nonInterestIncome": "None", "otherNonOperatingIncome": "None", "depreciation": "None", "depreciationAndAmortization": "83800000", "incomeBeforeTax": "741600000", "incomeTaxExpense": "247800000", "interestAndDebtExpense": "None", "netIncomeFromContinuingOperations": "0", "comprehensiveIncomeNetOfTax": "None", "ebit": "788400000", "ebitda": "872200000", "netIncome": "493800000"}, {"fiscalDateEnding": "2008-03-31", "reportedCurrency": "USD", "grossProfit": "2099800000", "totalRevenue": "3713000000", "costOfRevenue": "1613200000", "costofGoodsAndServicesSold": "1613200000", "operatingIncome": "723700000", "sellingGeneralAndAdministrative": "1348900000", "researchAndDevelopment": "0", "operatingExpenses": "1376100000", "investmentIncomeNet": "None", "netInterestIncome": "None", "interestIncome": "None", "interestExpense": "33700000", "nonInterestIncome": "None", "otherNonOperatingIncome": "None", "depreciation": "None", "depreciationAndAmortization": "88600000", "incomeBeforeTax": "690000000", "incomeTaxExpense": "223500000", "interestAndDebtExpense": "None", "netIncomeFromContinuingOperations": "0", "comprehensiveIncomeNetOfTax": "None", "ebit": "745700000", "ebitda": "834300000", "netIncome": "466500000"}, {"fiscalDateEnding": "2007-12-31", "reportedCurrency": "USD", "grossProfit": "2043200000", "totalRevenue": "3642200000", "costOfRevenue": "1599000000", "costofGoodsAndServicesSold": "1599000000", "operatingIncome": "675600000", "sellingGeneralAndAdministrative": "1301400000", "researchAndDevelopment": "247000000", "operatingExpenses": "1312000000", "investmentIncomeNet": "None", "netInterestIncome": "None", "interestIncome": "None", "interestExpense": "36200000", "nonInterestIncome": "None", "otherNonOperatingIncome": "None", "depreciation": "None", "depreciationAndAmortization": "87500000", "incomeBeforeTax": "640600000", "incomeTaxExpense": "225700000", "interestAndDebtExpense": "None", "netIncomeFromContinuingOperations": "0", "comprehensiveIncomeNetOfTax": "None", "ebit": "731200000", "ebitda": "818700000", "netIncome": "407700000"}, {"fiscalDateEnding": "2007-09-30", "reportedCurrency": "USD", "grossProfit": "1983600000", "totalRevenue": "3528200000", "costOfRevenue": "1544600000", "costofGoodsAndServicesSold": "1544600000", "operatingIncome": "668800000", "sellingGeneralAndAdministrative": "1277700000", "researchAndDevelopment": "0", "operatingExpenses": "1314800000", "investmentIncomeNet": "None", "netInterestIncome": "None", "interestIncome": "None", "interestExpense": "38500000", "nonInterestIncome": "None", "otherNonOperatingIncome": "None", "depreciation": "None", "depreciationAndAmortization": "85300000", "incomeBeforeTax": "630300000", "incomeTaxExpense": "210200000", "interestAndDebtExpense": "None", "netIncomeFromContinuingOperations": "0", "comprehensiveIncomeNetOfTax": "None", "ebit": "583500000", "ebitda": "668800000", "netIncome": "413200000"}, {"fiscalDateEnding": "2007-06-30", "reportedCurrency": "USD", "grossProfit": "1908400000", "totalRevenue": "3405400000", "costOfRevenue": "1497000000", "costofGoodsAndServicesSold": "1497000000", "operatingIncome": "657600000", "sellingGeneralAndAdministrative": "1223700000", "researchAndDevelopment": "0", "operatingExpenses": "1250800000", "investmentIncomeNet": "None", "netInterestIncome": "None", "interestIncome": "None", "interestExpense": "40400000", "nonInterestIncome": "None", "otherNonOperatingIncome": "None", "depreciation": "None", "depreciationAndAmortization": "80100000", "incomeBeforeTax": "617200000", "incomeTaxExpense": "201400000", "interestAndDebtExpense": "None", "netIncomeFromContinuingOperations": "0", "comprehensiveIncomeNetOfTax": "None", "ebit": "577500000", "ebitda": "657600000", "netIncome": "409000000"}, {"fiscalDateEnding": "2007-03-31", "reportedCurrency": "USD", "grossProfit": "1812200000", "totalRevenue": "3213900000", "costOfRevenue": "1401700000", "costofGoodsAndServicesSold": "1401700000", "operatingIncome": "651100000", "sellingGeneralAndAdministrative": "1170200000", "researchAndDevelopment": "0", "operatingExpenses": "1161100000", "investmentIncomeNet": "None", "netInterestIncome": "None", "interestIncome": "None", "interestExpense": "42700000", "nonInterestIncome": "None", "otherNonOperatingIncome": "None", "depreciation": "None", "depreciationAndAmortization": "81000000", "incomeBeforeTax": "608400000", "incomeTaxExpense": "121800000", "interestAndDebtExpense": "None", "netIncomeFromContinuingOperations": "0", "comprehensiveIncomeNetOfTax": "None", "ebit": "570100000", "ebitda": "651100000", "netIncome": "479500000"}, {"fiscalDateEnding": "2006-12-31", "reportedCurrency": "USD", "grossProfit": "1776600000", "totalRevenue": "3209100000", "costOfRevenue": "1432500000", "costofGoodsAndServicesSold": "1432500000", "operatingIncome": "632700000", "sellingGeneralAndAdministrative": "1145000000", "researchAndDevelopment": "241500000", "operatingExpenses": "990800000", "investmentIncomeNet": "None", "netInterestIncome": "None", "interestIncome": "None", "interestExpense": "38900000", "nonInterestIncome": "None", "otherNonOperatingIncome": "None", "depreciation": "None", "depreciationAndAmortization": "85200000", "incomeBeforeTax": "593800000", "incomeTaxExpense": "192600000", "interestAndDebtExpense": "None", "netIncomeFromContinuingOperations": "0", "comprehensiveIncomeNetOfTax": "None", "ebit": "785800000", "ebitda": "871000000", "netIncome": "393900000"}, {"fiscalDateEnding": "2006-09-30", "reportedCurrency": "USD", "grossProfit": "1728400000", "totalRevenue": "3143700000", "costOfRevenue": "1415300000", "costofGoodsAndServicesSold": "1415300000", "operatingIncome": "549400000", "sellingGeneralAndAdministrative": "1140300000", "researchAndDevelopment": "0", "operatingExpenses": "1179000000", "investmentIncomeNet": "None", "netInterestIncome": "None", "interestIncome": "None", "interestExpense": "41200000", "nonInterestIncome": "None", "otherNonOperatingIncome": "None", "depreciation": "None", "depreciationAndAmortization": "81100000", "incomeBeforeTax": "508200000", "incomeTaxExpense": "164100000", "interestAndDebtExpense": "None", "netIncomeFromContinuingOperations": "0", "comprehensiveIncomeNetOfTax": "None", "ebit": "468300000", "ebitda": "549400000", "netIncome": "337200000"}, {"fiscalDateEnding": "2006-06-30", "reportedCurrency": "USD", "grossProfit": "1633100000", "totalRevenue": "3014300000", "costOfRevenue": "1381200000", "costofGoodsAndServicesSold": "1381200000", "operatingIncome": "460900000", "sellingGeneralAndAdministrative": "1052300000", "researchAndDevelopment": "0", "operatingExpenses": "1172200000", "investmentIncomeNet": "None", "netInterestIncome": "None", "interestIncome": "None", "interestExpense": "41300000", "nonInterestIncome": "None", "otherNonOperatingIncome": "None", "depreciation": "None", "depreciationAndAmortization": "82200000", "incomeBeforeTax": "419600000", "incomeTaxExpense": "136000000", "interestAndDebtExpense": "None", "netIncomeFromContinuingOperations": "0", "comprehensiveIncomeNetOfTax": "None", "ebit": "378700000", "ebitda": "460900000", "netIncome": "276500000"}, {"fiscalDateEnding": "2006-03-31", "reportedCurrency": "USD", "grossProfit": "1563500000", "totalRevenue": "2870600000", "costOfRevenue": "1307100000", "costofGoodsAndServicesSold": "1307100000", "operatingIncome": "517500000", "sellingGeneralAndAdministrative": "1017600000", "researchAndDevelopment": "0", "operatingExpenses": "1046000000", "investmentIncomeNet": "None", "netInterestIncome": "None", "interestIncome": "None", "interestExpense": "37300000", "nonInterestIncome": "None", "otherNonOperatingIncome": "None", "depreciation": "None", "depreciationAndAmortization": "80200000", "incomeBeforeTax": "480200000", "incomeTaxExpense": "155700000", "interestAndDebtExpense": "None", "netIncomeFromContinuingOperations": "0", "comprehensiveIncomeNetOfTax": "None", "ebit": "437300000", "ebitda": "517500000", "netIncome": "317100000"}, {"fiscalDateEnding": "2005-12-31", "reportedCurrency": "USD", "grossProfit": "1584700000", "totalRevenue": "2904600000", "costOfRevenue": "1319900000", "costofGoodsAndServicesSold": "1319900000", "operatingIncome": "577000000", "sellingGeneralAndAdministrative": "1010300000", "researchAndDevelopment": "246300000", "operatingExpenses": "1007700000", "investmentIncomeNet": "None", "netInterestIncome": "None", "interestIncome": "None", "interestExpense": "36700000", "nonInterestIncome": "None", "otherNonOperatingIncome": "None", "depreciation": "None", "depreciationAndAmortization": "81900000", "incomeBeforeTax": "540300000", "incomeTaxExpense": "179100000", "interestAndDebtExpense": "None", "netIncomeFromContinuingOperations": "0", "comprehensiveIncomeNetOfTax": "None", "ebit": "577000000", "ebitda": "658900000", "netIncome": "353800000"}, {"fiscalDateEnding": "2005-09-30", "reportedCurrency": "USD", "grossProfit": "1577600000", "totalRevenue": "2911800000", "costOfRevenue": "1334200000", "costofGoodsAndServicesSold": "1334200000", "operatingIncome": "604300000", "sellingGeneralAndAdministrative": "1007000000", "researchAndDevelopment": "0", "operatingExpenses": "973300000", "investmentIncomeNet": "None", "netInterestIncome": "None", "interestIncome": "None", "interestExpense": "36800000", "nonInterestIncome": "None", "otherNonOperatingIncome": "None", "depreciation": "None", "depreciationAndAmortization": "82200000", "incomeBeforeTax": "567500000", "incomeTaxExpense": "220300000", "interestAndDebtExpense": "None", "netIncomeFromContinuingOperations": "0", "comprehensiveIncomeNetOfTax": "None", "ebit": "522100000", "ebitda": "604300000", "netIncome": "340100000"}, {"fiscalDateEnding": "2005-06-30", "reportedCurrency": "USD", "grossProfit": "1539100000", "totalRevenue": "2837500000", "costOfRevenue": "1298400000", "costofGoodsAndServicesSold": "1298400000", "operatingIncome": "541100000", "sellingGeneralAndAdministrative": "959100000", "researchAndDevelopment": "0", "operatingExpenses": "998000000", "investmentIncomeNet": "None", "netInterestIncome": "None", "interestIncome": "None", "interestExpense": "30900000", "nonInterestIncome": "None", "otherNonOperatingIncome": "None", "depreciation": "None", "depreciationAndAmortization": "82000000", "incomeBeforeTax": "510200000", "incomeTaxExpense": "167300000", "interestAndDebtExpense": "None", "netIncomeFromContinuingOperations": "0", "comprehensiveIncomeNetOfTax": "None", "ebit": "459100000", "ebitda": "541100000", "netIncome": "336200000"}, {"fiscalDateEnding": "2005-03-31", "reportedCurrency": "USD", "grossProfit": "1503600000", "totalRevenue": "2743000000", "costOfRevenue": "1239400000", "costofGoodsAndServicesSold": "1239400000", "operatingIncome": "492600000", "sellingGeneralAndAdministrative": "1011000000", "researchAndDevelopment": "0", "operatingExpenses": "1011000000", "investmentIncomeNet": "None", "netInterestIncome": "None", "interestIncome": "None", "interestExpense": "31600000", "nonInterestIncome": "None", "otherNonOperatingIncome": "None", "depreciation": "None", "depreciationAndAmortization": "83200000", "incomeBeforeTax": "461000000", "incomeTaxExpense": "160900000", "interestAndDebtExpense": "None", "netIncomeFromContinuingOperations": "0", "comprehensiveIncomeNetOfTax": "None", "ebit": "409400000", "ebitda": "492600000", "netIncome": "293100000"}, {"fiscalDateEnding": "2004-12-31", "reportedCurrency": "USD", "grossProfit": "1537100000", "totalRevenue": "2803300000", "costOfRevenue": "1266200000", "costofGoodsAndServicesSold": "1266200000", "operatingIncome": "468300000", "sellingGeneralAndAdministrative": "749300000", "researchAndDevelopment": "229200000", "operatingExpenses": "1000700000", "investmentIncomeNet": "None", "netInterestIncome": "None", "interestIncome": "None", "interestExpense": "32000000", "nonInterestIncome": "None", "otherNonOperatingIncome": "None", "depreciation": "None", "depreciationAndAmortization": "86600000", "incomeBeforeTax": "436300000", "incomeTaxExpense": "150600000", "interestAndDebtExpense": "None", "netIncomeFromContinuingOperations": "0", "comprehensiveIncomeNetOfTax": "None", "ebit": "536400000", "ebitda": "623000000", "netIncome": "279200000"}]}