{"symbol": "KIM", "annualReports": [{"fiscalDateEnding": "2024-12-31", "reportedCurrency": "USD", "grossProfit": "1399361000", "totalRevenue": "2037014000", "costOfRevenue": "637653000", "costofGoodsAndServicesSold": "637653000", "operatingIncome": "629088000", "sellingGeneralAndAdministrative": "138140000", "researchAndDevelopment": "None", "operatingExpenses": "770273000", "investmentIncomeNet": "None", "netInterestIncome": "-307806000", "interestIncome": "None", "interestExpense": "307806000", "nonInterestIncome": "None", "otherNonOperatingIncome": "None", "depreciation": "None", "depreciationAndAmortization": "-603685000", "incomeBeforeTax": "385368000", "incomeTaxExpense": "-25417000", "interestAndDebtExpense": "None", "netIncomeFromContinuingOperations": "419439000", "comprehensiveIncomeNetOfTax": "None", "ebit": "77562000", "ebitda": "-526123000", "netIncome": "410785000"}, {"fiscalDateEnding": "2023-12-31", "reportedCurrency": "USD", "grossProfit": "1226682000", "totalRevenue": "1783400000", "costOfRevenue": "556718000", "costofGoodsAndServicesSold": "556718000", "operatingIncome": "638777000", "sellingGeneralAndAdministrative": "136807000", "researchAndDevelopment": "4500000", "operatingExpenses": "587905000", "investmentIncomeNet": "None", "netInterestIncome": "-250201000", "interestIncome": "None", "interestExpense": "250201000", "nonInterestIncome": "None", "otherNonOperatingIncome": "None", "depreciation": "None", "depreciationAndAmortization": "507265000", "incomeBeforeTax": "643914000", "incomeTaxExpense": "60952000", "interestAndDebtExpense": "None", "netIncomeFromContinuingOperations": "665949000", "comprehensiveIncomeNetOfTax": "None", "ebit": "582610000", "ebitda": "1089875000", "netIncome": "654273000"}, {"fiscalDateEnding": "2022-12-31", "reportedCurrency": "USD", "grossProfit": "1196777000", "totalRevenue": "1727684000", "costOfRevenue": "530907000", "costofGoodsAndServicesSold": "530907000", "operatingIncome": "565464000", "sellingGeneralAndAdministrative": "119534000", "researchAndDevelopment": "3500000", "operatingExpenses": "624534000", "investmentIncomeNet": "None", "netInterestIncome": "-226823000", "interestIncome": "542331000", "interestExpense": "226823000", "nonInterestIncome": "None", "otherNonOperatingIncome": "-167453000", "depreciation": "None", "depreciationAndAmortization": "1155441000", "incomeBeforeTax": "44304000", "incomeTaxExpense": "56654000", "interestAndDebtExpense": "None", "netIncomeFromContinuingOperations": "114534000", "comprehensiveIncomeNetOfTax": "None", "ebit": "-78198000", "ebitda": "1077243000", "netIncome": "-12350000"}, {"fiscalDateEnding": "2021-12-31", "reportedCurrency": "USD", "grossProfit": "946674000", "totalRevenue": "1364585000", "costOfRevenue": "417911000", "costofGoodsAndServicesSold": "417911000", "operatingIncome": "424286000", "sellingGeneralAndAdministrative": "104121000", "researchAndDevelopment": "3100000", "operatingExpenses": "499441000", "investmentIncomeNet": "None", "netInterestIncome": "-204133000", "interestIncome": "301030000", "interestExpense": "204133000", "nonInterestIncome": "None", "otherNonOperatingIncome": "632923000", "depreciation": "None", "depreciationAndAmortization": "917352000", "incomeBeforeTax": "745126000", "incomeTaxExpense": "3380000", "interestAndDebtExpense": "None", "netIncomeFromContinuingOperations": "849696000", "comprehensiveIncomeNetOfTax": "None", "ebit": "-74799000", "ebitda": "842553000", "netIncome": "844059000"}, {"fiscalDateEnding": "2020-12-31", "reportedCurrency": "USD", "grossProfit": "714924000", "totalRevenue": "1057893000", "costOfRevenue": "342969000", "costofGoodsAndServicesSold": "342969000", "operatingIncome": "332612000", "sellingGeneralAndAdministrative": "93217000", "researchAndDevelopment": "3200000", "operatingExpenses": "382172000", "investmentIncomeNet": "None", "netInterestIncome": "-186904000", "interestIncome": "598681000", "interestExpense": "186904000", "nonInterestIncome": "None", "otherNonOperatingIncome": "667315000", "depreciation": "None", "depreciationAndAmortization": "725141000", "incomeBeforeTax": "927874000", "incomeTaxExpense": "978000", "interestAndDebtExpense": "None", "netIncomeFromContinuingOperations": "926896000", "comprehensiveIncomeNetOfTax": "None", "ebit": "-99315000", "ebitda": "625826000", "netIncome": "1000833000"}, {"fiscalDateEnding": "2019-12-31", "reportedCurrency": "USD", "grossProfit": "821933000", "totalRevenue": "1158884000", "costOfRevenue": "336951000", "costofGoodsAndServicesSold": "336951000", "operatingIncome": "477587000", "sellingGeneralAndAdministrative": "96942000", "researchAndDevelopment": "1700000", "operatingExpenses": "374821000", "investmentIncomeNet": "None", "netInterestIncome": "-177395000", "interestIncome": "177395000", "interestExpense": "177395000", "nonInterestIncome": "None", "otherNonOperatingIncome": "11814000", "depreciation": "None", "depreciationAndAmortization": "711772000", "incomeBeforeTax": "312006000", "incomeTaxExpense": "-3317000", "interestAndDebtExpense": "None", "netIncomeFromContinuingOperations": "308689000", "comprehensiveIncomeNetOfTax": "None", "ebit": "13219000", "ebitda": "724991000", "netIncome": "315323000"}, {"fiscalDateEnding": "2018-12-31", "reportedCurrency": "USD", "grossProfit": "836203000", "totalRevenue": "1164762000", "costOfRevenue": "328559000", "costofGoodsAndServicesSold": "328559000", "operatingIncome": "582406000", "sellingGeneralAndAdministrative": "87797000", "researchAndDevelopment": "5300000", "operatingExpenses": "404430000", "investmentIncomeNet": "None", "netInterestIncome": "-183339000", "interestIncome": "183339000", "interestExpense": "183339000", "nonInterestIncome": "None", "otherNonOperatingIncome": "13041000", "depreciation": "None", "depreciationAndAmortization": "732989000", "incomeBeforeTax": "399346000", "incomeTaxExpense": "1600000", "interestAndDebtExpense": "None", "netIncomeFromContinuingOperations": "498463000", "comprehensiveIncomeNetOfTax": "None", "ebit": "9164000", "ebitda": "742153000", "netIncome": "497795000"}, {"fiscalDateEnding": "2017-12-31", "reportedCurrency": "USD", "grossProfit": "889706000", "totalRevenue": "1200834000", "costOfRevenue": "311128000", "costofGoodsAndServicesSold": "311128000", "operatingIncome": "337479000", "sellingGeneralAndAdministrative": "118455000", "researchAndDevelopment": "4600000", "operatingExpenses": "484896000", "investmentIncomeNet": "None", "netInterestIncome": "-189147000", "interestIncome": "2809000", "interestExpense": "191956000", "nonInterestIncome": "None", "otherNonOperatingIncome": "806000", "depreciation": "None", "depreciationAndAmortization": "796024000", "incomeBeforeTax": "146329000", "incomeTaxExpense": "-880000", "interestAndDebtExpense": "None", "netIncomeFromContinuingOperations": "346133000", "comprehensiveIncomeNetOfTax": "None", "ebit": "-30403000", "ebitda": "765621000", "netIncome": "426075000"}, {"fiscalDateEnding": "2016-12-31", "reportedCurrency": "USD", "grossProfit": "872274000", "totalRevenue": "1170792000", "costOfRevenue": "298518000", "costofGoodsAndServicesSold": "298518000", "operatingIncome": "300823000", "sellingGeneralAndAdministrative": "117302000", "researchAndDevelopment": "8000000", "operatingExpenses": "478185000", "investmentIncomeNet": "None", "netInterestIncome": "-189437000", "interestIncome": "1478000", "interestExpense": "192549000", "nonInterestIncome": "None", "otherNonOperatingIncome": "-41883000", "depreciation": "None", "depreciationAndAmortization": "776703000", "incomeBeforeTax": "68025000", "incomeTaxExpense": "72545000", "interestAndDebtExpense": "None", "netIncomeFromContinuingOperations": "299353000", "comprehensiveIncomeNetOfTax": "None", "ebit": "-27294000", "ebitda": "749409000", "netIncome": "378850000"}, {"fiscalDateEnding": "2015-12-31", "reportedCurrency": "USD", "grossProfit": "862292000", "totalRevenue": "1166769000", "costOfRevenue": "304477000", "costofGoodsAndServicesSold": "304477000", "operatingIncome": "343572000", "sellingGeneralAndAdministrative": "122735000", "researchAndDevelopment": "10700000", "operatingExpenses": "473337000", "investmentIncomeNet": "None", "netInterestIncome": "None", "interestIncome": "179830000", "interestExpense": "218891000", "nonInterestIncome": "None", "otherNonOperatingIncome": "41295000", "depreciation": "None", "depreciationAndAmortization": "344527000", "incomeBeforeTax": "168916000", "incomeTaxExpense": "60230000", "interestAndDebtExpense": "None", "netIncomeFromContinuingOperations": "774405000", "comprehensiveIncomeNetOfTax": "None", "ebit": "388955000", "ebitda": "733482000", "netIncome": "894115000"}, {"fiscalDateEnding": "2014-12-31", "reportedCurrency": "USD", "grossProfit": "735280000", "totalRevenue": "993897000", "costOfRevenue": "258617000", "costofGoodsAndServicesSold": "258617000", "operatingIncome": "310315000", "sellingGeneralAndAdministrative": "122201000", "researchAndDevelopment": "9200000", "operatingExpenses": "385157000", "investmentIncomeNet": "None", "netInterestIncome": "None", "interestIncome": "None", "interestExpense": "203759000", "nonInterestIncome": "None", "otherNonOperatingIncome": "-7578000", "depreciation": "None", "depreciationAndAmortization": "258074000", "incomeBeforeTax": "102107000", "incomeTaxExpense": "22438000", "interestAndDebtExpense": "None", "netIncomeFromContinuingOperations": "384506000", "comprehensiveIncomeNetOfTax": "None", "ebit": "350123000", "ebitda": "608197000", "netIncome": "424001000"}, {"fiscalDateEnding": "2013-12-31", "reportedCurrency": "USD", "grossProfit": "700612000", "totalRevenue": "946673000", "costOfRevenue": "246061000", "costofGoodsAndServicesSold": "246061000", "operatingIncome": "225502000", "sellingGeneralAndAdministrative": "127913000", "researchAndDevelopment": "7600000", "operatingExpenses": "383706000", "investmentIncomeNet": "None", "netInterestIncome": "None", "interestIncome": "None", "interestExpense": "213911000", "nonInterestIncome": "None", "otherNonOperatingIncome": "16466000", "depreciation": "None", "depreciationAndAmortization": "247537000", "incomeBeforeTax": "34667000", "incomeTaxExpense": "34520000", "interestAndDebtExpense": "None", "netIncomeFromContinuingOperations": "261683000", "comprehensiveIncomeNetOfTax": "None", "ebit": "255993000", "ebitda": "503530000", "netIncome": "236281000"}, {"fiscalDateEnding": "2012-12-31", "reportedCurrency": "USD", "grossProfit": "675474000", "totalRevenue": "922304000", "costOfRevenue": "246830000", "costofGoodsAndServicesSold": "246830000", "operatingIncome": "257510000", "sellingGeneralAndAdministrative": "124480000", "researchAndDevelopment": "5500000", "operatingExpenses": "380853000", "investmentIncomeNet": "None", "netInterestIncome": "None", "interestIncome": "None", "interestExpense": "227595000", "nonInterestIncome": "None", "otherNonOperatingIncome": "-5801000", "depreciation": "None", "depreciationAndAmortization": "249493000", "incomeBeforeTax": "34069000", "incomeTaxExpense": "3939000", "interestAndDebtExpense": "None", "netIncomeFromContinuingOperations": "211978000", "comprehensiveIncomeNetOfTax": "None", "ebit": "221842000", "ebitda": "471335000", "netIncome": "266073000"}, {"fiscalDateEnding": "2011-12-31", "reportedCurrency": "USD", "grossProfit": "660266000", "totalRevenue": "916288000", "costOfRevenue": "256022000", "costofGoodsAndServicesSold": "256022000", "operatingIncome": "287896000", "sellingGeneralAndAdministrative": "118937000", "researchAndDevelopment": "0", "operatingExpenses": "366486000", "investmentIncomeNet": "None", "netInterestIncome": "None", "interestIncome": "None", "interestExpense": "225035000", "nonInterestIncome": "None", "otherNonOperatingIncome": "None", "depreciation": "None", "depreciationAndAmortization": "247549000", "incomeBeforeTax": "80441000", "incomeTaxExpense": "19537000", "interestAndDebtExpense": "None", "netIncomeFromContinuingOperations": "None", "comprehensiveIncomeNetOfTax": "None", "ebit": "298207000", "ebitda": "545756000", "netIncome": "169051000"}, {"fiscalDateEnding": "2010-12-31", "reportedCurrency": "USD", "grossProfit": "596601000", "totalRevenue": "849549000", "costOfRevenue": "252948000", "costofGoodsAndServicesSold": "252948000", "operatingIncome": "294751000", "sellingGeneralAndAdministrative": "109201000", "researchAndDevelopment": "0", "operatingExpenses": "347675000", "investmentIncomeNet": "None", "netInterestIncome": "None", "interestIncome": "None", "interestExpense": "226388000", "nonInterestIncome": "None", "otherNonOperatingIncome": "63805000", "depreciation": "None", "depreciationAndAmortization": "238474000", "incomeBeforeTax": "89598000", "incomeTaxExpense": "3415000", "interestAndDebtExpense": "None", "netIncomeFromContinuingOperations": "141888000", "comprehensiveIncomeNetOfTax": "None", "ebit": "288848000", "ebitda": "527322000", "netIncome": "142868000"}, {"fiscalDateEnding": "2009-12-31", "reportedCurrency": "USD", "grossProfit": "607786000", "totalRevenue": "844329000", "costOfRevenue": "236543000", "costofGoodsAndServicesSold": "236543000", "operatingIncome": "219966000", "sellingGeneralAndAdministrative": "110091000", "researchAndDevelopment": "0", "operatingExpenses": "337820000", "investmentIncomeNet": "None", "netInterestIncome": "None", "interestIncome": "None", "interestExpense": "209879000", "nonInterestIncome": "None", "otherNonOperatingIncome": "None", "depreciation": "None", "depreciationAndAmortization": "227776000", "incomeBeforeTax": "-40845000", "incomeTaxExpense": "-36622000", "interestAndDebtExpense": "None", "netIncomeFromContinuingOperations": "None", "comprehensiveIncomeNetOfTax": "None", "ebit": "182175000", "ebitda": "409951000", "netIncome": "-3942000"}, {"fiscalDateEnding": "2008-12-31", "reportedCurrency": "USD", "grossProfit": "542634000", "totalRevenue": "758704000", "costOfRevenue": "216070000", "costofGoodsAndServicesSold": "216070000", "operatingIncome": "542634000", "sellingGeneralAndAdministrative": "117879000", "researchAndDevelopment": "None", "operatingExpenses": "3479000", "investmentIncomeNet": "None", "netInterestIncome": "None", "interestIncome": "None", "interestExpense": "212591000", "nonInterestIncome": "None", "otherNonOperatingIncome": "None", "depreciation": "None", "depreciationAndAmortization": "204310000", "incomeBeforeTax": "214407000", "incomeTaxExpense": "3542000", "interestAndDebtExpense": "None", "netIncomeFromContinuingOperations": "None", "comprehensiveIncomeNetOfTax": "None", "ebit": "268111000", "ebitda": "472421000", "netIncome": "249902000"}, {"fiscalDateEnding": "2007-12-31", "reportedCurrency": "USD", "grossProfit": "681553000", "totalRevenue": "681553000", "costOfRevenue": "484347000", "costofGoodsAndServicesSold": "484347000", "operatingIncome": "202306000", "sellingGeneralAndAdministrative": "103882000", "researchAndDevelopment": "None", "operatingExpenses": "479247000", "investmentIncomeNet": "None", "netInterestIncome": "None", "interestIncome": "None", "interestExpense": "213086000", "nonInterestIncome": "None", "otherNonOperatingIncome": "None", "depreciation": "None", "depreciationAndAmortization": "191270000", "incomeBeforeTax": "78034000", "incomeTaxExpense": "-44490000", "interestAndDebtExpense": "None", "netIncomeFromContinuingOperations": "None", "comprehensiveIncomeNetOfTax": "None", "ebit": "212896000", "ebitda": "404166000", "netIncome": "442830000"}, {"fiscalDateEnding": "2006-12-31", "reportedCurrency": "USD", "grossProfit": "593880000", "totalRevenue": "593880000", "costOfRevenue": "380232000", "costofGoodsAndServicesSold": "380232000", "operatingIncome": "432401000", "sellingGeneralAndAdministrative": "77683000", "researchAndDevelopment": "None", "operatingExpenses": "161479000", "investmentIncomeNet": "None", "netInterestIncome": "None", "interestIncome": "None", "interestExpense": "172888000", "nonInterestIncome": "None", "otherNonOperatingIncome": "None", "depreciation": "None", "depreciationAndAmortization": "144767000", "incomeBeforeTax": "164199000", "incomeTaxExpense": "-4387000", "interestAndDebtExpense": "None", "netIncomeFromContinuingOperations": "None", "comprehensiveIncomeNetOfTax": "None", "ebit": "212121000", "ebitda": "356888000", "netIncome": "428259000"}, {"fiscalDateEnding": "2005-12-31", "reportedCurrency": "USD", "grossProfit": "522545000", "totalRevenue": "522545000", "costOfRevenue": "300720000", "costofGoodsAndServicesSold": "300720000", "operatingIncome": "384570000", "sellingGeneralAndAdministrative": "56803000", "researchAndDevelopment": "None", "operatingExpenses": "137975000", "investmentIncomeNet": "None", "netInterestIncome": "None", "interestIncome": "None", "interestExpense": "127711000", "nonInterestIncome": "None", "otherNonOperatingIncome": "None", "depreciation": "None", "depreciationAndAmortization": "108042000", "incomeBeforeTax": "185917000", "incomeTaxExpense": "-430000", "interestAndDebtExpense": "None", "netIncomeFromContinuingOperations": "None", "comprehensiveIncomeNetOfTax": "None", "ebit": "212331000", "ebitda": "320373000", "netIncome": "363628000"}], "quarterlyReports": [{"fiscalDateEnding": "2024-12-31", "reportedCurrency": "USD", "grossProfit": "357293000", "totalRevenue": "525397000", "costOfRevenue": "168104000", "costofGoodsAndServicesSold": "168104000", "operatingIncome": "166392000", "sellingGeneralAndAdministrative": "34902000", "researchAndDevelopment": "None", "operatingExpenses": "190901000", "investmentIncomeNet": "None", "netInterestIncome": "-83684000", "interestIncome": "None", "interestExpense": "83684000", "nonInterestIncome": "None", "otherNonOperatingIncome": "None", "depreciation": "None", "depreciationAndAmortization": "154905000", "incomeBeforeTax": "100294000", "incomeTaxExpense": "-46874000", "interestAndDebtExpense": "None", "netIncomeFromContinuingOperations": "167999000", "comprehensiveIncomeNetOfTax": "None", "ebit": "185203000", "ebitda": "340108000", "netIncome": "166038000"}, {"fiscalDateEnding": "2024-09-30", "reportedCurrency": "USD", "grossProfit": "204965000", "totalRevenue": "507632000", "costOfRevenue": "302667000", "costofGoodsAndServicesSold": "302667000", "operatingIncome": "171291000", "sellingGeneralAndAdministrative": "33850000", "researchAndDevelopment": "None", "operatingExpenses": "178362000", "investmentIncomeNet": "None", "netInterestIncome": "-76216000", "interestIncome": "None", "interestExpense": "76216000", "nonInterestIncome": "None", "otherNonOperatingIncome": "None", "depreciation": "None", "depreciationAndAmortization": "144688000", "incomeBeforeTax": "117357000", "incomeTaxExpense": "128000", "interestAndDebtExpense": "None", "netIncomeFromContinuingOperations": "138426000", "comprehensiveIncomeNetOfTax": "None", "ebit": "169417000", "ebitda": "314105000", "netIncome": "135983000"}, {"fiscalDateEnding": "2024-06-30", "reportedCurrency": "USD", "grossProfit": "198795000", "totalRevenue": "505100000", "costOfRevenue": "306305000", "costofGoodsAndServicesSold": "306305000", "operatingIncome": "160836000", "sellingGeneralAndAdministrative": "33090000", "researchAndDevelopment": "None", "operatingExpenses": "181238000", "investmentIncomeNet": "None", "netInterestIncome": "-73341000", "interestIncome": "None", "interestExpense": "73341000", "nonInterestIncome": "None", "otherNonOperatingIncome": "None", "depreciation": "None", "depreciationAndAmortization": "148148000", "incomeBeforeTax": "93024000", "incomeTaxExpense": "217000", "interestAndDebtExpense": "None", "netIncomeFromContinuingOperations": "122052000", "comprehensiveIncomeNetOfTax": "None", "ebit": "160836000", "ebitda": "308984000", "netIncome": "119738000"}, {"fiscalDateEnding": "2024-03-31", "reportedCurrency": "USD", "grossProfit": "198594000", "totalRevenue": "506726000", "costOfRevenue": "308132000", "costofGoodsAndServicesSold": "308132000", "operatingIncome": "159324000", "sellingGeneralAndAdministrative": "36298000", "researchAndDevelopment": "None", "operatingExpenses": "39270000", "investmentIncomeNet": "None", "netInterestIncome": "-74565000", "interestIncome": "None", "interestExpense": "74565000", "nonInterestIncome": "None", "otherNonOperatingIncome": "None", "depreciation": "None", "depreciationAndAmortization": "154719000", "incomeBeforeTax": "40533000", "incomeTaxExpense": "72010000", "interestAndDebtExpense": "None", "netIncomeFromContinuingOperations": "-10572000", "comprehensiveIncomeNetOfTax": "None", "ebit": "159324000", "ebitda": "314043000", "netIncome": "-11654000"}, {"fiscalDateEnding": "2023-12-31", "reportedCurrency": "USD", "grossProfit": "182621000", "totalRevenue": "451603000", "costOfRevenue": "268982000", "costofGoodsAndServicesSold": "268982000", "operatingIncome": "146994000", "sellingGeneralAndAdministrative": "35627000", "researchAndDevelopment": "4500000", "operatingExpenses": "35627000", "investmentIncomeNet": "None", "netInterestIncome": "-67797000", "interestIncome": "None", "interestExpense": "67797000", "nonInterestIncome": "None", "otherNonOperatingIncome": "None", "depreciation": "None", "depreciationAndAmortization": "124282000", "incomeBeforeTax": "125281000", "incomeTaxExpense": "-175000", "interestAndDebtExpense": "None", "netIncomeFromContinuingOperations": "142113000", "comprehensiveIncomeNetOfTax": "None", "ebit": "146994000", "ebitda": "271276000", "netIncome": "139645000"}, {"fiscalDateEnding": "2023-09-30", "reportedCurrency": "USD", "grossProfit": "307647000", "totalRevenue": "446065000", "costOfRevenue": "138418000", "costofGoodsAndServicesSold": "138418000", "operatingIncome": "140526000", "sellingGeneralAndAdministrative": "33697000", "researchAndDevelopment": "None", "operatingExpenses": "161134000", "investmentIncomeNet": "None", "netInterestIncome": "-60424000", "interestIncome": "47199000", "interestExpense": "60424000", "nonInterestIncome": "None", "otherNonOperatingIncome": "None", "depreciation": "None", "depreciationAndAmortization": "127437000", "incomeBeforeTax": "101704000", "incomeTaxExpense": "-729000", "interestAndDebtExpense": "None", "netIncomeFromContinuingOperations": "120790000", "comprehensiveIncomeNetOfTax": "None", "ebit": "146513000", "ebitda": "273950000", "netIncome": "118239000"}, {"fiscalDateEnding": "2023-06-30", "reportedCurrency": "USD", "grossProfit": "306001000", "totalRevenue": "442840000", "costOfRevenue": "136839000", "costofGoodsAndServicesSold": "136839000", "operatingIncome": "157192000", "sellingGeneralAndAdministrative": "32734000", "researchAndDevelopment": "None", "operatingExpenses": "161979000", "investmentIncomeNet": "None", "netInterestIncome": "-60674000", "interestIncome": "46113000", "interestExpense": "60674000", "nonInterestIncome": "None", "otherNonOperatingIncome": "43779000", "depreciation": "None", "depreciationAndAmortization": "129245000", "incomeBeforeTax": "118650000", "incomeTaxExpense": "31027000", "interestAndDebtExpense": "None", "netIncomeFromContinuingOperations": "109270000", "comprehensiveIncomeNetOfTax": "None", "ebit": "144022000", "ebitda": "273267000", "netIncome": "106626000"}, {"fiscalDateEnding": "2023-03-31", "reportedCurrency": "USD", "grossProfit": "306131000", "totalRevenue": "442892000", "costOfRevenue": "136761000", "costofGoodsAndServicesSold": "136761000", "operatingIncome": "172481000", "sellingGeneralAndAdministrative": "34749000", "researchAndDevelopment": "None", "operatingExpenses": "161050000", "investmentIncomeNet": "None", "netInterestIncome": "-61306000", "interestIncome": "122666000", "interestExpense": "61306000", "nonInterestIncome": "None", "otherNonOperatingIncome": "19314000", "depreciation": "None", "depreciationAndAmortization": "126301000", "incomeBeforeTax": "298279000", "incomeTaxExpense": "30829000", "interestAndDebtExpense": "None", "netIncomeFromContinuingOperations": "267450000", "comprehensiveIncomeNetOfTax": "None", "ebit": "145081000", "ebitda": "271382000", "netIncome": "287641000"}, {"fiscalDateEnding": "2022-12-31", "reportedCurrency": "USD", "grossProfit": "297214000", "totalRevenue": "439834000", "costOfRevenue": "142620000", "costofGoodsAndServicesSold": "142620000", "operatingIncome": "144631000", "sellingGeneralAndAdministrative": "31928000", "researchAndDevelopment": "3500000", "operatingExpenses": "156604000", "investmentIncomeNet": "None", "netInterestIncome": "-60947000", "interestIncome": "161261000", "interestExpense": "60947000", "nonInterestIncome": "None", "otherNonOperatingIncome": "-73003000", "depreciation": "None", "depreciationAndAmortization": "124676000", "incomeBeforeTax": "-6652000", "incomeTaxExpense": "57750000", "interestAndDebtExpense": "None", "netIncomeFromContinuingOperations": "-47069000", "comprehensiveIncomeNetOfTax": "None", "ebit": "140610000", "ebitda": "265286000", "netIncome": "-64402000"}, {"fiscalDateEnding": "2022-09-30", "reportedCurrency": "USD", "grossProfit": "302665000", "totalRevenue": "433403000", "costOfRevenue": "130738000", "costofGoodsAndServicesSold": "130738000", "operatingIncome": "144323000", "sellingGeneralAndAdministrative": "29677000", "researchAndDevelopment": "None", "operatingExpenses": "155096000", "investmentIncomeNet": "None", "netInterestIncome": "-52391000", "interestIncome": "127882000", "interestExpense": "52391000", "nonInterestIncome": "None", "otherNonOperatingIncome": "-36600000", "depreciation": "None", "depreciationAndAmortization": "125419000", "incomeBeforeTax": "22239000", "incomeTaxExpense": "-1039000", "interestAndDebtExpense": "None", "netIncomeFromContinuingOperations": "23278000", "comprehensiveIncomeNetOfTax": "None", "ebit": "147569000", "ebitda": "272988000", "netIncome": "23278000"}, {"fiscalDateEnding": "2022-06-30", "reportedCurrency": "USD", "grossProfit": "297269000", "totalRevenue": "427198000", "costOfRevenue": "129929000", "costofGoodsAndServicesSold": "129929000", "operatingIncome": "133202000", "sellingGeneralAndAdministrative": "27981000", "researchAndDevelopment": "None", "operatingExpenses": "152592000", "investmentIncomeNet": "None", "netInterestIncome": "-56466000", "interestIncome": "317933000", "interestExpense": "56466000", "nonInterestIncome": "None", "otherNonOperatingIncome": "-207367000", "depreciation": "None", "depreciationAndAmortization": "124611000", "incomeBeforeTax": "-178146000", "incomeTaxExpense": "96000", "interestAndDebtExpense": "None", "netIncomeFromContinuingOperations": "-178242000", "comprehensiveIncomeNetOfTax": "None", "ebit": "151319000", "ebitda": "275930000", "netIncome": "-178242000"}, {"fiscalDateEnding": "2022-03-31", "reportedCurrency": "USD", "grossProfit": "299629000", "totalRevenue": "427249000", "costOfRevenue": "127620000", "costofGoodsAndServicesSold": "127620000", "operatingIncome": "143308000", "sellingGeneralAndAdministrative": "29948000", "researchAndDevelopment": "None", "operatingExpenses": "160242000", "investmentIncomeNet": "None", "netInterestIncome": "-57019000", "interestIncome": "64745000", "interestExpense": "57019000", "nonInterestIncome": "None", "otherNonOperatingIncome": "149517000", "depreciation": "None", "depreciationAndAmortization": "130294000", "incomeBeforeTax": "206863000", "incomeTaxExpense": "-153000", "interestAndDebtExpense": "None", "netIncomeFromContinuingOperations": "207016000", "comprehensiveIncomeNetOfTax": "None", "ebit": "139387000", "ebitda": "269681000", "netIncome": "229588000"}, {"fiscalDateEnding": "2021-12-31", "reportedCurrency": "USD", "grossProfit": "291053000", "totalRevenue": "424654000", "costOfRevenue": "133601000", "costofGoodsAndServicesSold": "133601000", "operatingIncome": "125792000", "sellingGeneralAndAdministrative": "28985000", "researchAndDevelopment": "3100000", "operatingExpenses": "162618000", "investmentIncomeNet": "None", "netInterestIncome": "-57479000", "interestIncome": "94826000", "interestExpense": "57479000", "nonInterestIncome": "None", "otherNonOperatingIncome": "14119000", "depreciation": "None", "depreciationAndAmortization": "133633000", "incomeBeforeTax": "38942000", "incomeTaxExpense": "483000", "interestAndDebtExpense": "None", "netIncomeFromContinuingOperations": "81949000", "comprehensiveIncomeNetOfTax": "None", "ebit": "128435000", "ebitda": "262068000", "netIncome": "78034000"}, {"fiscalDateEnding": "2021-09-30", "reportedCurrency": "USD", "grossProfit": "262272000", "totalRevenue": "368607000", "costOfRevenue": "106335000", "costofGoodsAndServicesSold": "106335000", "operatingIncome": "76257000", "sellingGeneralAndAdministrative": "25904000", "researchAndDevelopment": "None", "operatingExpenses": "140142000", "investmentIncomeNet": "None", "netInterestIncome": "-52126000", "interestIncome": "405001000", "interestExpense": "52126000", "nonInterestIncome": "None", "otherNonOperatingIncome": "485387000", "depreciation": "None", "depreciationAndAmortization": "114238000", "incomeBeforeTax": "487954000", "incomeTaxExpense": "314000", "interestAndDebtExpense": "None", "netIncomeFromContinuingOperations": "487640000", "comprehensiveIncomeNetOfTax": "None", "ebit": "122130000", "ebitda": "236368000", "netIncome": "497307000"}, {"fiscalDateEnding": "2021-06-30", "reportedCurrency": "USD", "grossProfit": "199532000", "totalRevenue": "289016000", "costOfRevenue": "89484000", "costofGoodsAndServicesSold": "89484000", "operatingIncome": "117769000", "sellingGeneralAndAdministrative": "24754000", "researchAndDevelopment": "None", "operatingExpenses": "97327000", "investmentIncomeNet": "None", "netInterestIncome": "-46812000", "interestIncome": "22515000", "interestExpense": "46812000", "nonInterestIncome": "None", "otherNonOperatingIncome": "47436000", "depreciation": "None", "depreciationAndAmortization": "72573000", "incomeBeforeTax": "97036000", "incomeTaxExpense": "1275000", "interestAndDebtExpense": "None", "netIncomeFromContinuingOperations": "117118000", "comprehensiveIncomeNetOfTax": "None", "ebit": "102205000", "ebitda": "174778000", "netIncome": "109671000"}, {"fiscalDateEnding": "2021-03-31", "reportedCurrency": "USD", "grossProfit": "193817000", "totalRevenue": "282308000", "costOfRevenue": "88491000", "costofGoodsAndServicesSold": "88491000", "operatingIncome": "104468000", "sellingGeneralAndAdministrative": "24478000", "researchAndDevelopment": "None", "operatingExpenses": "99354000", "investmentIncomeNet": "None", "netInterestIncome": "-47716000", "interestIncome": "13369000", "interestExpense": "47716000", "nonInterestIncome": "None", "otherNonOperatingIncome": "85981000", "depreciation": "None", "depreciationAndAmortization": "74876000", "incomeBeforeTax": "121194000", "incomeTaxExpense": "1308000", "interestAndDebtExpense": "None", "netIncomeFromContinuingOperations": "119886000", "comprehensiveIncomeNetOfTax": "None", "ebit": "94463000", "ebitda": "169339000", "netIncome": "130796000"}, {"fiscalDateEnding": "2020-12-31", "reportedCurrency": "USD", "grossProfit": "177826000", "totalRevenue": "269441000", "costOfRevenue": "91615000", "costofGoodsAndServicesSold": "91615000", "operatingIncome": "80302000", "sellingGeneralAndAdministrative": "20901000", "researchAndDevelopment": "3200000", "operatingExpenses": "95196000", "investmentIncomeNet": "None", "netInterestIncome": "-45887000", "interestIncome": "104220000", "interestExpense": "45887000", "nonInterestIncome": "None", "otherNonOperatingIncome": "733669000", "depreciation": "None", "depreciationAndAmortization": "74295000", "incomeBeforeTax": "188248000", "incomeTaxExpense": "496000", "interestAndDebtExpense": "None", "netIncomeFromContinuingOperations": "187564000", "comprehensiveIncomeNetOfTax": "None", "ebit": "82630000", "ebitda": "156925000", "netIncome": "190693000"}, {"fiscalDateEnding": "2020-09-30", "reportedCurrency": "USD", "grossProfit": "173778000", "totalRevenue": "259792000", "costOfRevenue": "86014000", "costofGoodsAndServicesSold": "86014000", "operatingIncome": "72882000", "sellingGeneralAndAdministrative": "28795000", "researchAndDevelopment": "None", "operatingExpenses": "100499000", "investmentIncomeNet": "None", "netInterestIncome": "-46942000", "interestIncome": "123873000", "interestExpense": "46942000", "nonInterestIncome": "None", "otherNonOperatingIncome": "-62981000", "depreciation": "None", "depreciationAndAmortization": "71704000", "incomeBeforeTax": "-59429000", "incomeTaxExpense": "388000", "interestAndDebtExpense": "None", "netIncomeFromContinuingOperations": "-59817000", "comprehensiveIncomeNetOfTax": "None", "ebit": "72379000", "ebitda": "144083000", "netIncome": "-38394000"}, {"fiscalDateEnding": "2020-06-30", "reportedCurrency": "USD", "grossProfit": "158471000", "totalRevenue": "238916000", "costOfRevenue": "80445000", "costofGoodsAndServicesSold": "80445000", "operatingIncome": "64120000", "sellingGeneralAndAdministrative": "22504000", "researchAndDevelopment": "None", "operatingExpenses": "96063000", "investmentIncomeNet": "None", "netInterestIncome": "-48015000", "interestIncome": "669060000", "interestExpense": "48015000", "nonInterestIncome": "None", "otherNonOperatingIncome": "49000", "depreciation": "None", "depreciationAndAmortization": "73559000", "incomeBeforeTax": "733229000", "incomeTaxExpense": "51000", "interestAndDebtExpense": "None", "netIncomeFromContinuingOperations": "733280000", "comprehensiveIncomeNetOfTax": "None", "ebit": "62408000", "ebitda": "135967000", "netIncome": "736286000"}, {"fiscalDateEnding": "2020-03-31", "reportedCurrency": "USD", "grossProfit": "204849000", "totalRevenue": "289744000", "costOfRevenue": "84895000", "costofGoodsAndServicesSold": "84895000", "operatingIncome": "115308000", "sellingGeneralAndAdministrative": "21017000", "researchAndDevelopment": "None", "operatingExpenses": "90414000", "investmentIncomeNet": "None", "netInterestIncome": "-46060000", "interestIncome": "46060000", "interestExpense": "46060000", "nonInterestIncome": "None", "otherNonOperatingIncome": "-3422000", "depreciation": "None", "depreciationAndAmortization": "69397000", "incomeBeforeTax": "65826000", "incomeTaxExpense": "43000", "interestAndDebtExpense": "None", "netIncomeFromContinuingOperations": "65869000", "comprehensiveIncomeNetOfTax": "None", "ebit": "114435000", "ebitda": "183832000", "netIncome": "83060000"}, {"fiscalDateEnding": "2019-12-31", "reportedCurrency": "USD", "grossProfit": "205373000", "totalRevenue": "296130000", "costOfRevenue": "90757000", "costofGoodsAndServicesSold": "90757000", "operatingIncome": "136616000", "sellingGeneralAndAdministrative": "24646000", "researchAndDevelopment": "1700000", "operatingExpenses": "93085000", "investmentIncomeNet": "None", "netInterestIncome": "-45757000", "interestIncome": "45757000", "interestExpense": "45757000", "nonInterestIncome": "None", "otherNonOperatingIncome": "2927000", "depreciation": "None", "depreciationAndAmortization": "68439000", "incomeBeforeTax": "93786000", "incomeTaxExpense": "263000", "interestAndDebtExpense": "None", "netIncomeFromContinuingOperations": "94049000", "comprehensiveIncomeNetOfTax": "None", "ebit": "112288000", "ebitda": "180727000", "netIncome": "92152000"}, {"fiscalDateEnding": "2019-09-30", "reportedCurrency": "USD", "grossProfit": "202758000", "totalRevenue": "282871000", "costOfRevenue": "80113000", "costofGoodsAndServicesSold": "80113000", "operatingIncome": "99468000", "sellingGeneralAndAdministrative": "23832000", "researchAndDevelopment": "None", "operatingExpenses": "92706000", "investmentIncomeNet": "None", "netInterestIncome": "-43146000", "interestIncome": "43146000", "interestExpense": "43146000", "nonInterestIncome": "None", "otherNonOperatingIncome": "4327000", "depreciation": "None", "depreciationAndAmortization": "68874000", "incomeBeforeTax": "60649000", "incomeTaxExpense": "-3866000", "interestAndDebtExpense": "None", "netIncomeFromContinuingOperations": "85453000", "comprehensiveIncomeNetOfTax": "None", "ebit": "110052000", "ebitda": "178926000", "netIncome": "83990000"}, {"fiscalDateEnding": "2019-06-30", "reportedCurrency": "USD", "grossProfit": "201727000", "totalRevenue": "284873000", "costOfRevenue": "83146000", "costofGoodsAndServicesSold": "83146000", "operatingIncome": "107400000", "sellingGeneralAndAdministrative": "22633000", "researchAndDevelopment": "None", "operatingExpenses": "91638000", "investmentIncomeNet": "None", "netInterestIncome": "-44097000", "interestIncome": "44097000", "interestExpense": "44097000", "nonInterestIncome": "None", "otherNonOperatingIncome": "1938000", "depreciation": "None", "depreciationAndAmortization": "69005000", "incomeBeforeTax": "65241000", "incomeTaxExpense": "-344000", "interestAndDebtExpense": "None", "netIncomeFromContinuingOperations": "101387000", "comprehensiveIncomeNetOfTax": "None", "ebit": "110089000", "ebitda": "179094000", "netIncome": "85833000"}, {"fiscalDateEnding": "2019-03-31", "reportedCurrency": "USD", "grossProfit": "212075000", "totalRevenue": "295010000", "costOfRevenue": "82935000", "costofGoodsAndServicesSold": "82935000", "operatingIncome": "134103000", "sellingGeneralAndAdministrative": "25831000", "researchAndDevelopment": "None", "operatingExpenses": "97392000", "investmentIncomeNet": "None", "netInterestIncome": "-44395000", "interestIncome": "44395000", "interestExpense": "44395000", "nonInterestIncome": "None", "otherNonOperatingIncome": "2622000", "depreciation": "None", "depreciationAndAmortization": "71561000", "incomeBeforeTax": "92330000", "incomeTaxExpense": "630000", "interestAndDebtExpense": "None", "netIncomeFromContinuingOperations": "92960000", "comprehensiveIncomeNetOfTax": "None", "ebit": "114683000", "ebitda": "186244000", "netIncome": "101010000"}, {"fiscalDateEnding": "2018-12-31", "reportedCurrency": "USD", "grossProfit": "203395000", "totalRevenue": "284201000", "costOfRevenue": "80806000", "costofGoodsAndServicesSold": "80806000", "operatingIncome": "111452000", "sellingGeneralAndAdministrative": "20022000", "researchAndDevelopment": "5300000", "operatingExpenses": "95970000", "investmentIncomeNet": "None", "netInterestIncome": "None", "interestIncome": "None", "interestExpense": "42881000", "nonInterestIncome": "None", "otherNonOperatingIncome": "11128000", "depreciation": "None", "depreciationAndAmortization": "74266000", "incomeBeforeTax": "66937000", "incomeTaxExpense": "2583000", "interestAndDebtExpense": "None", "netIncomeFromContinuingOperations": "170891000", "comprehensiveIncomeNetOfTax": "None", "ebit": "105925000", "ebitda": "180191000", "netIncome": "69467000"}, {"fiscalDateEnding": "2018-09-30", "reportedCurrency": "USD", "grossProfit": "203251000", "totalRevenue": "283080000", "costOfRevenue": "79829000", "costofGoodsAndServicesSold": "79829000", "operatingIncome": "102206000", "sellingGeneralAndAdministrative": "21348000", "researchAndDevelopment": "0", "operatingExpenses": "97709000", "investmentIncomeNet": "None", "netInterestIncome": "None", "interestIncome": "None", "interestExpense": "44081000", "nonInterestIncome": "None", "otherNonOperatingIncome": "-7543000", "depreciation": "None", "depreciationAndAmortization": "74972000", "incomeBeforeTax": "50582000", "incomeTaxExpense": "-315000", "interestAndDebtExpense": "None", "netIncomeFromContinuingOperations": "72475000", "comprehensiveIncomeNetOfTax": "None", "ebit": "102206000", "ebitda": "177178000", "netIncome": "81102000"}, {"fiscalDateEnding": "2018-06-30", "reportedCurrency": "USD", "grossProfit": "212062000", "totalRevenue": "293403000", "costOfRevenue": "81341000", "costofGoodsAndServicesSold": "81341000", "operatingIncome": "84349000", "sellingGeneralAndAdministrative": "24029000", "researchAndDevelopment": "0", "operatingExpenses": "104840000", "investmentIncomeNet": "None", "netInterestIncome": "None", "interestIncome": "None", "interestExpense": "46434000", "nonInterestIncome": "None", "otherNonOperatingIncome": "3277000", "depreciation": "None", "depreciationAndAmortization": "79760000", "incomeBeforeTax": "41192000", "incomeTaxExpense": "-720000", "interestAndDebtExpense": "None", "netIncomeFromContinuingOperations": "70569000", "comprehensiveIncomeNetOfTax": "None", "ebit": "84349000", "ebitda": "164109000", "netIncome": "150271000"}, {"fiscalDateEnding": "2018-03-31", "reportedCurrency": "USD", "grossProfit": "217495000", "totalRevenue": "304078000", "costOfRevenue": "86583000", "costofGoodsAndServicesSold": "86583000", "operatingIncome": "103938000", "sellingGeneralAndAdministrative": "22398000", "researchAndDevelopment": "0", "operatingExpenses": "105911000", "investmentIncomeNet": "None", "netInterestIncome": "None", "interestIncome": "None", "interestExpense": "49943000", "nonInterestIncome": "None", "otherNonOperatingIncome": "6179000", "depreciation": "None", "depreciationAndAmortization": "81382000", "incomeBeforeTax": "60174000", "incomeTaxExpense": "52000", "interestAndDebtExpense": "None", "netIncomeFromContinuingOperations": "87011000", "comprehensiveIncomeNetOfTax": "None", "ebit": "111584000", "ebitda": "192966000", "netIncome": "128902000"}, {"fiscalDateEnding": "2017-12-31", "reportedCurrency": "USD", "grossProfit": "230650000", "totalRevenue": "315225000", "costOfRevenue": "84575000", "costofGoodsAndServicesSold": "84575000", "operatingIncome": "79086000", "sellingGeneralAndAdministrative": "32060000", "researchAndDevelopment": "4600000", "operatingExpenses": "118513000", "investmentIncomeNet": "None", "netInterestIncome": "None", "interestIncome": "None", "interestExpense": "52126000", "nonInterestIncome": "None", "otherNonOperatingIncome": "-1254000", "depreciation": "None", "depreciationAndAmortization": "85024000", "incomeBeforeTax": "25706000", "incomeTaxExpense": "1344000", "interestAndDebtExpense": "None", "netIncomeFromContinuingOperations": "53130000", "comprehensiveIncomeNetOfTax": "None", "ebit": "112137000", "ebitda": "197161000", "netIncome": "72886000"}, {"fiscalDateEnding": "2017-09-30", "reportedCurrency": "USD", "grossProfit": "220521000", "totalRevenue": "294845000", "costOfRevenue": "74324000", "costofGoodsAndServicesSold": "74324000", "operatingIncome": "99845000", "sellingGeneralAndAdministrative": "28588000", "researchAndDevelopment": "0", "operatingExpenses": "117732000", "investmentIncomeNet": "None", "netInterestIncome": "None", "interestIncome": "None", "interestExpense": "47258000", "nonInterestIncome": "None", "otherNonOperatingIncome": "-652000", "depreciation": "None", "depreciationAndAmortization": "88443000", "incomeBeforeTax": "51935000", "incomeTaxExpense": "-697000", "interestAndDebtExpense": "None", "netIncomeFromContinuingOperations": "81683000", "comprehensiveIncomeNetOfTax": "None", "ebit": "102789000", "ebitda": "191232000", "netIncome": "101431000"}, {"fiscalDateEnding": "2017-06-30", "reportedCurrency": "USD", "grossProfit": "220229000", "totalRevenue": "297176000", "costOfRevenue": "76947000", "costofGoodsAndServicesSold": "76947000", "operatingIncome": "65911000", "sellingGeneralAndAdministrative": "27233000", "researchAndDevelopment": "0", "operatingExpenses": "124599000", "investmentIncomeNet": "None", "netInterestIncome": "None", "interestIncome": "None", "interestExpense": "46090000", "nonInterestIncome": "None", "otherNonOperatingIncome": "1439000", "depreciation": "None", "depreciationAndAmortization": "95270000", "incomeBeforeTax": "21260000", "incomeTaxExpense": "-1034000", "interestAndDebtExpense": "None", "netIncomeFromContinuingOperations": "134791000", "comprehensiveIncomeNetOfTax": "None", "ebit": "95630000", "ebitda": "190900000", "netIncome": "131214000"}, {"fiscalDateEnding": "2017-03-31", "reportedCurrency": "USD", "grossProfit": "218306000", "totalRevenue": "293588000", "costOfRevenue": "75282000", "costofGoodsAndServicesSold": "75282000", "operatingIncome": "92637000", "sellingGeneralAndAdministrative": "30574000", "researchAndDevelopment": "0", "operatingExpenses": "124052000", "investmentIncomeNet": "None", "netInterestIncome": "None", "interestIncome": "None", "interestExpense": "46482000", "nonInterestIncome": "None", "otherNonOperatingIncome": "1273000", "depreciation": "None", "depreciationAndAmortization": "92074000", "incomeBeforeTax": "47428000", "incomeTaxExpense": "-493000", "interestAndDebtExpense": "None", "netIncomeFromContinuingOperations": "76529000", "comprehensiveIncomeNetOfTax": "None", "ebit": "94254000", "ebitda": "186328000", "netIncome": "64647000"}, {"fiscalDateEnding": "2016-12-31", "reportedCurrency": "USD", "grossProfit": "215114000", "totalRevenue": "297026000", "costOfRevenue": "81912000", "costofGoodsAndServicesSold": "81912000", "operatingIncome": "71817000", "sellingGeneralAndAdministrative": "27462000", "researchAndDevelopment": "8000000", "operatingExpenses": "118157000", "investmentIncomeNet": "None", "netInterestIncome": "None", "interestIncome": "None", "interestExpense": "43067000", "nonInterestIncome": "None", "otherNonOperatingIncome": "-68666000", "depreciation": "None", "depreciationAndAmortization": "90884000", "incomeBeforeTax": "30999000", "incomeTaxExpense": "-747000", "interestAndDebtExpense": "None", "netIncomeFromContinuingOperations": "69836000", "comprehensiveIncomeNetOfTax": "None", "ebit": "96957000", "ebitda": "187841000", "netIncome": "66193000"}, {"fiscalDateEnding": "2016-09-30", "reportedCurrency": "USD", "grossProfit": "212055000", "totalRevenue": "285076000", "costOfRevenue": "73021000", "costofGoodsAndServicesSold": "73021000", "operatingIncome": "76080000", "sellingGeneralAndAdministrative": "27983000", "researchAndDevelopment": "0", "operatingExpenses": "125902000", "investmentIncomeNet": "None", "netInterestIncome": "None", "interestIncome": "None", "interestExpense": "46552000", "nonInterestIncome": "None", "otherNonOperatingIncome": "-41724000", "depreciation": "None", "depreciationAndAmortization": "96827000", "incomeBeforeTax": "-11788000", "incomeTaxExpense": "61426000", "interestAndDebtExpense": "None", "netIncomeFromContinuingOperations": "-51319000", "comprehensiveIncomeNetOfTax": "None", "ebit": "86153000", "ebitda": "182980000", "netIncome": "-43545000"}, {"fiscalDateEnding": "2016-06-30", "reportedCurrency": "USD", "grossProfit": "219746000", "totalRevenue": "291488000", "costOfRevenue": "71742000", "costofGoodsAndServicesSold": "71742000", "operatingIncome": "53667000", "sellingGeneralAndAdministrative": "29928000", "researchAndDevelopment": "0", "operatingExpenses": "113866000", "investmentIncomeNet": "None", "netInterestIncome": "None", "interestIncome": "None", "interestExpense": "50479000", "nonInterestIncome": "None", "otherNonOperatingIncome": "-1426000", "depreciation": "None", "depreciationAndAmortization": "82753000", "incomeBeforeTax": "2176000", "incomeTaxExpense": "-246000", "interestAndDebtExpense": "None", "netIncomeFromContinuingOperations": "165578000", "comprehensiveIncomeNetOfTax": "None", "ebit": "105880000", "ebitda": "188633000", "netIncome": "190787000"}, {"fiscalDateEnding": "2016-03-31", "reportedCurrency": "USD", "grossProfit": "225359000", "totalRevenue": "297202000", "costOfRevenue": "71843000", "costofGoodsAndServicesSold": "71843000", "operatingIncome": "99259000", "sellingGeneralAndAdministrative": "31929000", "researchAndDevelopment": "0", "operatingExpenses": "120260000", "investmentIncomeNet": "None", "netInterestIncome": "None", "interestIncome": "None", "interestExpense": "52451000", "nonInterestIncome": "None", "otherNonOperatingIncome": "69933000", "depreciation": "None", "depreciationAndAmortization": "84856000", "incomeBeforeTax": "46638000", "incomeTaxExpense": "12112000", "interestAndDebtExpense": "None", "netIncomeFromContinuingOperations": "115258000", "comprehensiveIncomeNetOfTax": "None", "ebit": "105099000", "ebitda": "189955000", "netIncome": "128529000"}, {"fiscalDateEnding": "2015-12-31", "reportedCurrency": "USD", "grossProfit": "220141000", "totalRevenue": "300870000", "costOfRevenue": "80729000", "costofGoodsAndServicesSold": "80729000", "operatingIncome": "82407000", "sellingGeneralAndAdministrative": "33413000", "researchAndDevelopment": "10700000", "operatingExpenses": "120259000", "investmentIncomeNet": "None", "netInterestIncome": "None", "interestIncome": "None", "interestExpense": "56152000", "nonInterestIncome": "None", "otherNonOperatingIncome": "None", "depreciation": "None", "depreciationAndAmortization": "86095000", "incomeBeforeTax": "29882000", "incomeTaxExpense": "48297000", "interestAndDebtExpense": "None", "netIncomeFromContinuingOperations": "900218000", "comprehensiveIncomeNetOfTax": "None", "ebit": "86034000", "ebitda": "172129000", "netIncome": "358064000"}, {"fiscalDateEnding": "2015-09-30", "reportedCurrency": "USD", "grossProfit": "213983000", "totalRevenue": "288382000", "costOfRevenue": "74399000", "costofGoodsAndServicesSold": "74399000", "operatingIncome": "74987000", "sellingGeneralAndAdministrative": "27310000", "researchAndDevelopment": "0", "operatingExpenses": "132938000", "investmentIncomeNet": "None", "netInterestIncome": "None", "interestIncome": "None", "interestExpense": "54031000", "nonInterestIncome": "None", "otherNonOperatingIncome": "None", "depreciation": "None", "depreciationAndAmortization": "103708000", "incomeBeforeTax": "27708000", "incomeTaxExpense": "2844000", "interestAndDebtExpense": "None", "netIncomeFromContinuingOperations": "0", "comprehensiveIncomeNetOfTax": "None", "ebit": "81490000", "ebitda": "185198000", "netIncome": "62594000"}, {"fiscalDateEnding": "2015-06-30", "reportedCurrency": "USD", "grossProfit": "218240000", "totalRevenue": "294061000", "costOfRevenue": "75821000", "costofGoodsAndServicesSold": "75821000", "operatingIncome": "92212000", "sellingGeneralAndAdministrative": "29307000", "researchAndDevelopment": "0", "operatingExpenses": "110569000", "investmentIncomeNet": "None", "netInterestIncome": "None", "interestIncome": "None", "interestExpense": "56130000", "nonInterestIncome": "None", "otherNonOperatingIncome": "54936000", "depreciation": "None", "depreciationAndAmortization": "80155000", "incomeBeforeTax": "69570000", "incomeTaxExpense": "-3628000", "interestAndDebtExpense": "None", "netIncomeFromContinuingOperations": "101110000", "comprehensiveIncomeNetOfTax": "None", "ebit": "108587000", "ebitda": "188742000", "netIncome": "111969000"}, {"fiscalDateEnding": "2015-03-31", "reportedCurrency": "USD", "grossProfit": "209928000", "totalRevenue": "283456000", "costOfRevenue": "73528000", "costofGoodsAndServicesSold": "73528000", "operatingIncome": "93966000", "sellingGeneralAndAdministrative": "32705000", "researchAndDevelopment": "0", "operatingExpenses": "109571000", "investmentIncomeNet": "None", "netInterestIncome": "None", "interestIncome": "None", "interestExpense": "52578000", "nonInterestIncome": "None", "otherNonOperatingIncome": "None", "depreciation": "None", "depreciationAndAmortization": "74569000", "incomeBeforeTax": "41756000", "incomeTaxExpense": "12717000", "interestAndDebtExpense": "None", "netIncomeFromContinuingOperations": "0", "comprehensiveIncomeNetOfTax": "None", "ebit": "101493000", "ebitda": "176062000", "netIncome": "294428000"}, {"fiscalDateEnding": "2014-12-31", "reportedCurrency": "USD", "grossProfit": "193417000", "totalRevenue": "264512000", "costOfRevenue": "71095000", "costofGoodsAndServicesSold": "71095000", "operatingIncome": "80767000", "sellingGeneralAndAdministrative": "27675000", "researchAndDevelopment": "9200000", "operatingExpenses": "101230000", "investmentIncomeNet": "None", "netInterestIncome": "None", "interestIncome": "None", "interestExpense": "49823000", "nonInterestIncome": "None", "otherNonOperatingIncome": "-4530000", "depreciation": "None", "depreciationAndAmortization": "72767000", "incomeBeforeTax": "27614000", "incomeTaxExpense": "7727000", "interestAndDebtExpense": "None", "netIncomeFromContinuingOperations": "126143000", "comprehensiveIncomeNetOfTax": "None", "ebit": "86055000", "ebitda": "158822000", "netIncome": "52780000"}, {"fiscalDateEnding": "2014-09-30", "reportedCurrency": "USD", "grossProfit": "194791000", "totalRevenue": "262046000", "costOfRevenue": "67255000", "costofGoodsAndServicesSold": "67255000", "operatingIncome": "89796000", "sellingGeneralAndAdministrative": "28674000", "researchAndDevelopment": "0", "operatingExpenses": "98854000", "investmentIncomeNet": "None", "netInterestIncome": "None", "interestIncome": "None", "interestExpense": "51578000", "nonInterestIncome": "None", "otherNonOperatingIncome": "-969000", "depreciation": "None", "depreciationAndAmortization": "69188000", "incomeBeforeTax": "37666000", "incomeTaxExpense": "5366000", "interestAndDebtExpense": "None", "netIncomeFromContinuingOperations": "104554000", "comprehensiveIncomeNetOfTax": "None", "ebit": "91104000", "ebitda": "160292000", "netIncome": "179704000"}, {"fiscalDateEnding": "2014-06-30", "reportedCurrency": "USD", "grossProfit": "192836000", "totalRevenue": "260249000", "costOfRevenue": "67413000", "costofGoodsAndServicesSold": "67413000", "operatingIncome": "7772000", "sellingGeneralAndAdministrative": "28827000", "researchAndDevelopment": "0", "operatingExpenses": "96691000", "investmentIncomeNet": "None", "netInterestIncome": "None", "interestIncome": "None", "interestExpense": "52821000", "nonInterestIncome": "None", "otherNonOperatingIncome": "89000", "depreciation": "None", "depreciationAndAmortization": "65963000", "incomeBeforeTax": "-44532000", "incomeTaxExpense": "-586000", "interestAndDebtExpense": "None", "netIncomeFromContinuingOperations": "73691000", "comprehensiveIncomeNetOfTax": "None", "ebit": "66428000", "ebitda": "132391000", "netIncome": "74438000"}, {"fiscalDateEnding": "2014-03-31", "reportedCurrency": "USD", "grossProfit": "182594000", "totalRevenue": "246878000", "costOfRevenue": "64284000", "costofGoodsAndServicesSold": "64284000", "operatingIncome": "78595000", "sellingGeneralAndAdministrative": "37219000", "researchAndDevelopment": "0", "operatingExpenses": "100167000", "investmentIncomeNet": "None", "netInterestIncome": "None", "interestIncome": "None", "interestExpense": "50636000", "nonInterestIncome": "None", "otherNonOperatingIncome": "-2168000", "depreciation": "None", "depreciationAndAmortization": "61231000", "incomeBeforeTax": "27490000", "incomeTaxExpense": "7730000", "interestAndDebtExpense": "None", "netIncomeFromContinuingOperations": "80118000", "comprehensiveIncomeNetOfTax": "None", "ebit": "74431000", "ebitda": "135662000", "netIncome": "72005000"}, {"fiscalDateEnding": "2013-12-31", "reportedCurrency": "USD", "grossProfit": "178948000", "totalRevenue": "247620000", "costOfRevenue": "68672000", "costofGoodsAndServicesSold": "68672000", "operatingIncome": "77898000", "sellingGeneralAndAdministrative": "31663000", "researchAndDevelopment": "7600000", "operatingExpenses": "98205000", "investmentIncomeNet": "None", "netInterestIncome": "None", "interestIncome": "None", "interestExpense": "51317000", "nonInterestIncome": "None", "otherNonOperatingIncome": "8875000", "depreciation": "None", "depreciationAndAmortization": "65492000", "incomeBeforeTax": "38074000", "incomeTaxExpense": "6788000", "interestAndDebtExpense": "None", "netIncomeFromContinuingOperations": "74524000", "comprehensiveIncomeNetOfTax": "None", "ebit": "92236000", "ebitda": "157728000", "netIncome": "46686000"}, {"fiscalDateEnding": "2013-09-30", "reportedCurrency": "USD", "grossProfit": "179731000", "totalRevenue": "241497000", "costOfRevenue": "61766000", "costofGoodsAndServicesSold": "61766000", "operatingIncome": "8729000", "sellingGeneralAndAdministrative": "30961000", "researchAndDevelopment": "0", "operatingExpenses": "96237000", "investmentIncomeNet": "None", "netInterestIncome": "None", "interestIncome": "None", "interestExpense": "53991000", "nonInterestIncome": "None", "otherNonOperatingIncome": "3899000", "depreciation": "None", "depreciationAndAmortization": "63158000", "incomeBeforeTax": "-40308000", "incomeTaxExpense": "24238000", "interestAndDebtExpense": "None", "netIncomeFromContinuingOperations": "42176000", "comprehensiveIncomeNetOfTax": "None", "ebit": "22800000", "ebitda": "85958000", "netIncome": "55763000"}, {"fiscalDateEnding": "2013-06-30", "reportedCurrency": "USD", "grossProfit": "182445000", "totalRevenue": "246128000", "costOfRevenue": "63683000", "costofGoodsAndServicesSold": "63683000", "operatingIncome": "48984000", "sellingGeneralAndAdministrative": "31420000", "researchAndDevelopment": "0", "operatingExpenses": "98095000", "investmentIncomeNet": "None", "netInterestIncome": "None", "interestIncome": "None", "interestExpense": "55423000", "nonInterestIncome": "None", "otherNonOperatingIncome": "3974000", "depreciation": "None", "depreciationAndAmortization": "63409000", "incomeBeforeTax": "-480000", "incomeTaxExpense": "-11830000", "interestAndDebtExpense": "None", "netIncomeFromContinuingOperations": "77595000", "comprehensiveIncomeNetOfTax": "None", "ebit": "58108000", "ebitda": "121517000", "netIncome": "51139000"}, {"fiscalDateEnding": "2013-03-31", "reportedCurrency": "USD", "grossProfit": "179149000", "totalRevenue": "241178000", "costOfRevenue": "62029000", "costofGoodsAndServicesSold": "62029000", "operatingIncome": "77134000", "sellingGeneralAndAdministrative": "34119000", "researchAndDevelopment": "0", "operatingExpenses": "98817000", "investmentIncomeNet": "None", "netInterestIncome": "None", "interestIncome": "None", "interestExpense": "53624000", "nonInterestIncome": "None", "otherNonOperatingIncome": "-282000", "depreciation": "None", "depreciationAndAmortization": "62738000", "incomeBeforeTax": "24077000", "incomeTaxExpense": "15133000", "interestAndDebtExpense": "None", "netIncomeFromContinuingOperations": "67388000", "comprehensiveIncomeNetOfTax": "None", "ebit": "75005000", "ebitda": "137743000", "netIncome": "52807000"}, {"fiscalDateEnding": "2012-12-31", "reportedCurrency": "USD", "grossProfit": "168701000", "totalRevenue": "239542000", "costOfRevenue": "70841000", "costofGoodsAndServicesSold": "70841000", "operatingIncome": "56922000", "sellingGeneralAndAdministrative": "29166000", "researchAndDevelopment": "5500000", "operatingExpenses": "93316000", "investmentIncomeNet": "None", "netInterestIncome": "None", "interestIncome": "None", "interestExpense": "56043000", "nonInterestIncome": "None", "otherNonOperatingIncome": "None", "depreciation": "None", "depreciationAndAmortization": "64070000", "incomeBeforeTax": "2321000", "incomeTaxExpense": "-802000", "interestAndDebtExpense": "None", "netIncomeFromContinuingOperations": "0", "comprehensiveIncomeNetOfTax": "None", "ebit": "57452000", "ebitda": "121522000", "netIncome": "88381000"}, {"fiscalDateEnding": "2012-09-30", "reportedCurrency": "USD", "grossProfit": "171213000", "totalRevenue": "231878000", "costOfRevenue": "60665000", "costofGoodsAndServicesSold": "60665000", "operatingIncome": "75037000", "sellingGeneralAndAdministrative": "29957000", "researchAndDevelopment": "0", "operatingExpenses": "95588000", "investmentIncomeNet": "None", "netInterestIncome": "None", "interestIncome": "None", "interestExpense": "57116000", "nonInterestIncome": "None", "otherNonOperatingIncome": "None", "depreciation": "None", "depreciationAndAmortization": "65631000", "incomeBeforeTax": "18071000", "incomeTaxExpense": "5183000", "interestAndDebtExpense": "None", "netIncomeFromContinuingOperations": "0", "comprehensiveIncomeNetOfTax": "None", "ebit": "72116000", "ebitda": "137747000", "netIncome": "54941000"}, {"fiscalDateEnding": "2012-06-30", "reportedCurrency": "USD", "grossProfit": "173875000", "totalRevenue": "235419000", "costOfRevenue": "61544000", "costofGoodsAndServicesSold": "61544000", "operatingIncome": "55283000", "sellingGeneralAndAdministrative": "30973000", "researchAndDevelopment": "0", "operatingExpenses": "94097000", "investmentIncomeNet": "None", "netInterestIncome": "None", "interestIncome": "None", "interestExpense": "57387000", "nonInterestIncome": "None", "otherNonOperatingIncome": "None", "depreciation": "None", "depreciationAndAmortization": "63124000", "incomeBeforeTax": "1157000", "incomeTaxExpense": "-4656000", "interestAndDebtExpense": "None", "netIncomeFromContinuingOperations": "0", "comprehensiveIncomeNetOfTax": "None", "ebit": "82043000", "ebitda": "145167000", "netIncome": "69112000"}, {"fiscalDateEnding": "2012-03-31", "reportedCurrency": "USD", "grossProfit": "170085000", "totalRevenue": "231356000", "costOfRevenue": "61271000", "costofGoodsAndServicesSold": "61271000", "operatingIncome": "67481000", "sellingGeneralAndAdministrative": "34431000", "researchAndDevelopment": "0", "operatingExpenses": "98529000", "investmentIncomeNet": "None", "netInterestIncome": "None", "interestIncome": "None", "interestExpense": "57519000", "nonInterestIncome": "None", "otherNonOperatingIncome": "None", "depreciation": "None", "depreciationAndAmortization": "64098000", "incomeBeforeTax": "9268000", "incomeTaxExpense": "3433000", "interestAndDebtExpense": "None", "netIncomeFromContinuingOperations": "0", "comprehensiveIncomeNetOfTax": "None", "ebit": "68947000", "ebitda": "133045000", "netIncome": "53638000"}, {"fiscalDateEnding": "2011-12-31", "reportedCurrency": "USD", "grossProfit": "195694000", "totalRevenue": "260811000", "costOfRevenue": "65117000", "costofGoodsAndServicesSold": "65117000", "operatingIncome": "70049000", "sellingGeneralAndAdministrative": "55520000", "researchAndDevelopment": "0", "operatingExpenses": "116058000", "investmentIncomeNet": "None", "netInterestIncome": "None", "interestIncome": "None", "interestExpense": "57279000", "nonInterestIncome": "None", "otherNonOperatingIncome": "None", "depreciation": "None", "depreciationAndAmortization": "62327000", "incomeBeforeTax": "21158000", "incomeTaxExpense": "5338000", "interestAndDebtExpense": "None", "netIncomeFromContinuingOperations": "0", "comprehensiveIncomeNetOfTax": "None", "ebit": "78437000", "ebitda": "140764000", "netIncome": "46397000"}, {"fiscalDateEnding": "2011-09-30", "reportedCurrency": "USD", "grossProfit": "164315000", "totalRevenue": "226765000", "costOfRevenue": "62450000", "costofGoodsAndServicesSold": "62450000", "operatingIncome": "71655000", "sellingGeneralAndAdministrative": "22132000", "researchAndDevelopment": "0", "operatingExpenses": "91232000", "investmentIncomeNet": "None", "netInterestIncome": "None", "interestIncome": "None", "interestExpense": "56474000", "nonInterestIncome": "None", "otherNonOperatingIncome": "-4376000", "depreciation": "None", "depreciationAndAmortization": "60372000", "incomeBeforeTax": "12645000", "incomeTaxExpense": "4417000", "interestAndDebtExpense": "None", "netIncomeFromContinuingOperations": "52657000", "comprehensiveIncomeNetOfTax": "None", "ebit": "64957000", "ebitda": "125329000", "netIncome": "54981000"}, {"fiscalDateEnding": "2011-06-30", "reportedCurrency": "USD", "grossProfit": "168381000", "totalRevenue": "229613000", "costOfRevenue": "61232000", "costofGoodsAndServicesSold": "61232000", "operatingIncome": "76628000", "sellingGeneralAndAdministrative": "21197000", "researchAndDevelopment": "0", "operatingExpenses": "91155000", "investmentIncomeNet": "None", "netInterestIncome": "None", "interestIncome": "None", "interestExpense": "55804000", "nonInterestIncome": "None", "otherNonOperatingIncome": "6551000", "depreciation": "None", "depreciationAndAmortization": "61521000", "incomeBeforeTax": "27822000", "incomeTaxExpense": "5588000", "interestAndDebtExpense": "None", "netIncomeFromContinuingOperations": "44889000", "comprehensiveIncomeNetOfTax": "None", "ebit": "81318000", "ebitda": "142839000", "netIncome": "38709000"}, {"fiscalDateEnding": "2011-03-31", "reportedCurrency": "USD", "grossProfit": "167000000", "totalRevenue": "235513000", "costOfRevenue": "68513000", "costofGoodsAndServicesSold": "68513000", "operatingIncome": "68223000", "sellingGeneralAndAdministrative": "29756000", "researchAndDevelopment": "0", "operatingExpenses": "95999000", "investmentIncomeNet": "None", "netInterestIncome": "None", "interestIncome": "None", "interestExpense": "55557000", "nonInterestIncome": "None", "otherNonOperatingIncome": "4556000", "depreciation": "None", "depreciationAndAmortization": "66243000", "incomeBeforeTax": "17387000", "incomeTaxExpense": "4219000", "interestAndDebtExpense": "None", "netIncomeFromContinuingOperations": "31017000", "comprehensiveIncomeNetOfTax": "None", "ebit": "72576000", "ebitda": "138819000", "netIncome": "28963000"}, {"fiscalDateEnding": "2010-12-31", "reportedCurrency": "USD", "grossProfit": "199442000", "totalRevenue": "263917000", "costOfRevenue": "64475000", "costofGoodsAndServicesSold": "64475000", "operatingIncome": "69614000", "sellingGeneralAndAdministrative": "26166000", "researchAndDevelopment": "0", "operatingExpenses": "88457000", "investmentIncomeNet": "None", "netInterestIncome": "None", "interestIncome": "None", "interestExpense": "54781000", "nonInterestIncome": "None", "otherNonOperatingIncome": "None", "depreciation": "None", "depreciationAndAmortization": "62603000", "incomeBeforeTax": "17583000", "incomeTaxExpense": "9757000", "interestAndDebtExpense": "None", "netIncomeFromContinuingOperations": "0", "comprehensiveIncomeNetOfTax": "None", "ebit": "72364000", "ebitda": "134967000", "netIncome": "37089000"}, {"fiscalDateEnding": "2010-09-30", "reportedCurrency": "USD", "grossProfit": "175744000", "totalRevenue": "237404000", "costOfRevenue": "61660000", "costofGoodsAndServicesSold": "61660000", "operatingIncome": "71042000", "sellingGeneralAndAdministrative": "28463000", "researchAndDevelopment": "0", "operatingExpenses": "89386000", "investmentIncomeNet": "None", "netInterestIncome": "None", "interestIncome": "None", "interestExpense": "57795000", "nonInterestIncome": "None", "otherNonOperatingIncome": "None", "depreciation": "None", "depreciationAndAmortization": "60923000", "incomeBeforeTax": "18129000", "incomeTaxExpense": "-377000", "interestAndDebtExpense": "None", "netIncomeFromContinuingOperations": "0", "comprehensiveIncomeNetOfTax": "None", "ebit": "65020000", "ebitda": "125943000", "netIncome": "30333000"}, {"fiscalDateEnding": "2010-06-30", "reportedCurrency": "USD", "grossProfit": "150282000", "totalRevenue": "213955000", "costOfRevenue": "63673000", "costofGoodsAndServicesSold": "63673000", "operatingIncome": "77392000", "sellingGeneralAndAdministrative": "26446000", "researchAndDevelopment": "0", "operatingExpenses": "86678000", "investmentIncomeNet": "None", "netInterestIncome": "None", "interestIncome": "None", "interestExpense": "59624000", "nonInterestIncome": "None", "otherNonOperatingIncome": "None", "depreciation": "None", "depreciationAndAmortization": "60232000", "incomeBeforeTax": "23141000", "incomeTaxExpense": "-4136000", "interestAndDebtExpense": "None", "netIncomeFromContinuingOperations": "0", "comprehensiveIncomeNetOfTax": "None", "ebit": "78384000", "ebitda": "138616000", "netIncome": "24611000"}, {"fiscalDateEnding": "2010-03-31", "reportedCurrency": "USD", "grossProfit": "159132000", "totalRevenue": "227004000", "costOfRevenue": "67872000", "costofGoodsAndServicesSold": "67872000", "operatingIncome": "159132000", "sellingGeneralAndAdministrative": "28184000", "researchAndDevelopment": "0", "operatingExpenses": "93135000", "investmentIncomeNet": "None", "netInterestIncome": "None", "interestIncome": "None", "interestExpense": "58737000", "nonInterestIncome": "None", "otherNonOperatingIncome": "None", "depreciation": "None", "depreciationAndAmortization": "61577000", "incomeBeforeTax": "32247000", "incomeTaxExpense": "-1915000", "interestAndDebtExpense": "None", "netIncomeFromContinuingOperations": "0", "comprehensiveIncomeNetOfTax": "None", "ebit": "81271000", "ebitda": "142848000", "netIncome": "39014000"}, {"fiscalDateEnding": "2009-12-31", "reportedCurrency": "USD", "grossProfit": "162653000", "totalRevenue": "227248000", "costOfRevenue": "64595000", "costofGoodsAndServicesSold": "64595000", "operatingIncome": "76288000", "sellingGeneralAndAdministrative": "26642000", "researchAndDevelopment": "0", "operatingExpenses": "86365000", "investmentIncomeNet": "None", "netInterestIncome": "None", "interestIncome": "None", "interestExpense": "57856000", "nonInterestIncome": "None", "otherNonOperatingIncome": "None", "depreciation": "None", "depreciationAndAmortization": "59723000", "incomeBeforeTax": "14774000", "incomeTaxExpense": "-33139000", "interestAndDebtExpense": "None", "netIncomeFromContinuingOperations": "0", "comprehensiveIncomeNetOfTax": "None", "ebit": "72630000", "ebitda": "132353000", "netIncome": "40355000"}, {"fiscalDateEnding": "2009-09-30", "reportedCurrency": "USD", "grossProfit": "147582000", "totalRevenue": "205806000", "costOfRevenue": "58224000", "costofGoodsAndServicesSold": "58224000", "operatingIncome": "64021000", "sellingGeneralAndAdministrative": "27965000", "researchAndDevelopment": "0", "operatingExpenses": "83561000", "investmentIncomeNet": "None", "netInterestIncome": "None", "interestIncome": "None", "interestExpense": "54551000", "nonInterestIncome": "None", "otherNonOperatingIncome": "None", "depreciation": "None", "depreciationAndAmortization": "56639000", "incomeBeforeTax": "32982000", "incomeTaxExpense": "-1148000", "interestAndDebtExpense": "None", "netIncomeFromContinuingOperations": "0", "comprehensiveIncomeNetOfTax": "None", "ebit": "87060000", "ebitda": "143699000", "netIncome": "40108000"}, {"fiscalDateEnding": "2009-06-30", "reportedCurrency": "USD", "grossProfit": "134369000", "totalRevenue": "189285000", "costOfRevenue": "54916000", "costofGoodsAndServicesSold": "54916000", "operatingIncome": "66585000", "sellingGeneralAndAdministrative": "26604000", "researchAndDevelopment": "0", "operatingExpenses": "81830000", "investmentIncomeNet": "None", "netInterestIncome": "None", "interestIncome": "None", "interestExpense": "50956000", "nonInterestIncome": "None", "otherNonOperatingIncome": "None", "depreciation": "None", "depreciationAndAmortization": "55226000", "incomeBeforeTax": "30481000", "incomeTaxExpense": "-682000", "interestAndDebtExpense": "None", "netIncomeFromContinuingOperations": "0", "comprehensiveIncomeNetOfTax": "None", "ebit": "61499000", "ebitda": "116725000", "netIncome": "-134651000"}, {"fiscalDateEnding": "2009-03-31", "reportedCurrency": "USD", "grossProfit": "157057000", "totalRevenue": "215866000", "costOfRevenue": "58809000", "costofGoodsAndServicesSold": "58809000", "operatingIncome": "70994000", "sellingGeneralAndAdministrative": "29923000", "researchAndDevelopment": "0", "operatingExpenses": "86063000", "investmentIncomeNet": "None", "netInterestIncome": "None", "interestIncome": "None", "interestExpense": "46516000", "nonInterestIncome": "None", "otherNonOperatingIncome": "None", "depreciation": "None", "depreciationAndAmortization": "56140000", "incomeBeforeTax": "20263000", "incomeTaxExpense": "-1653000", "interestAndDebtExpense": "None", "netIncomeFromContinuingOperations": "0", "comprehensiveIncomeNetOfTax": "None", "ebit": "70994000", "ebitda": "127134000", "netIncome": "38424000"}, {"fiscalDateEnding": "2008-12-31", "reportedCurrency": "USD", "grossProfit": "137713000", "totalRevenue": "195323000", "costOfRevenue": "57610000", "costofGoodsAndServicesSold": "57610000", "operatingIncome": "19278000", "sellingGeneralAndAdministrative": "36437000", "researchAndDevelopment": "0", "operatingExpenses": "118435000", "investmentIncomeNet": "None", "netInterestIncome": "None", "interestIncome": "None", "interestExpense": "52255000", "nonInterestIncome": "None", "otherNonOperatingIncome": "None", "depreciation": "None", "depreciationAndAmortization": "52915000", "incomeBeforeTax": "30814000", "incomeTaxExpense": "-17065000", "interestAndDebtExpense": "None", "netIncomeFromContinuingOperations": "0", "comprehensiveIncomeNetOfTax": "None", "ebit": "83069000", "ebitda": "135984000", "netIncome": "-51523000"}, {"fiscalDateEnding": "2008-09-30", "reportedCurrency": "USD", "grossProfit": "136347000", "totalRevenue": "190503000", "costOfRevenue": "54156000", "costofGoodsAndServicesSold": "54156000", "operatingIncome": "136347000", "sellingGeneralAndAdministrative": "30992000", "researchAndDevelopment": "0", "operatingExpenses": "1381000", "investmentIncomeNet": "None", "netInterestIncome": "None", "interestIncome": "None", "interestExpense": "52775000", "nonInterestIncome": "None", "otherNonOperatingIncome": "None", "depreciation": "None", "depreciationAndAmortization": "52939000", "incomeBeforeTax": "17283000", "incomeTaxExpense": "12336000", "interestAndDebtExpense": "None", "netIncomeFromContinuingOperations": "0", "comprehensiveIncomeNetOfTax": "None", "ebit": "96789000", "ebitda": "149728000", "netIncome": "96762000"}, {"fiscalDateEnding": "2008-06-30", "reportedCurrency": "USD", "grossProfit": "133680000", "totalRevenue": "184135000", "costOfRevenue": "50455000", "costofGoodsAndServicesSold": "50455000", "operatingIncome": "30831000", "sellingGeneralAndAdministrative": "25690000", "researchAndDevelopment": "0", "operatingExpenses": "49212000", "investmentIncomeNet": "None", "netInterestIncome": "None", "interestIncome": "None", "interestExpense": "53637000", "nonInterestIncome": "None", "otherNonOperatingIncome": "None", "depreciation": "None", "depreciationAndAmortization": "51330000", "incomeBeforeTax": "30831000", "incomeTaxExpense": "-1138000", "interestAndDebtExpense": "None", "netIncomeFromContinuingOperations": "0", "comprehensiveIncomeNetOfTax": "None", "ebit": "84599000", "ebitda": "135929000", "netIncome": "82552000"}, {"fiscalDateEnding": "2008-03-31", "reportedCurrency": "USD", "grossProfit": "173782000", "totalRevenue": "228115000", "costOfRevenue": "54333000", "costofGoodsAndServicesSold": "54333000", "operatingIncome": "100351000", "sellingGeneralAndAdministrative": "24750000", "researchAndDevelopment": "0", "operatingExpenses": "73431000", "investmentIncomeNet": "None", "netInterestIncome": "None", "interestIncome": "None", "interestExpense": "53998000", "nonInterestIncome": "None", "otherNonOperatingIncome": "None", "depreciation": "None", "depreciationAndAmortization": "49253000", "incomeBeforeTax": "50235000", "incomeTaxExpense": "9410000", "interestAndDebtExpense": "None", "netIncomeFromContinuingOperations": "0", "comprehensiveIncomeNetOfTax": "None", "ebit": "102907000", "ebitda": "152160000", "netIncome": "86645000"}, {"fiscalDateEnding": "2007-12-31", "reportedCurrency": "USD", "grossProfit": "179726000", "totalRevenue": "179726000", "costOfRevenue": "136324000", "costofGoodsAndServicesSold": "136324000", "operatingIncome": "47481000", "sellingGeneralAndAdministrative": "26840000", "researchAndDevelopment": "0", "operatingExpenses": "132245000", "investmentIncomeNet": "None", "netInterestIncome": "None", "interestIncome": "None", "interestExpense": "213674000", "nonInterestIncome": "None", "otherNonOperatingIncome": "None", "depreciation": "None", "depreciationAndAmortization": "53386000", "incomeBeforeTax": "1044000", "incomeTaxExpense": "-11750000", "interestAndDebtExpense": "None", "netIncomeFromContinuingOperations": "0", "comprehensiveIncomeNetOfTax": "None", "ebit": "47481000", "ebitda": "100867000", "netIncome": "72108000"}, {"fiscalDateEnding": "2007-09-30", "reportedCurrency": "USD", "grossProfit": "128404000", "totalRevenue": "173712000", "costOfRevenue": "45308000", "costofGoodsAndServicesSold": "45308000", "operatingIncome": "50222000", "sellingGeneralAndAdministrative": "29552000", "researchAndDevelopment": "0", "operatingExpenses": "123490000", "investmentIncomeNet": "None", "netInterestIncome": "None", "interestIncome": "None", "interestExpense": "58830000", "nonInterestIncome": "None", "otherNonOperatingIncome": "None", "depreciation": "None", "depreciationAndAmortization": "48563000", "incomeBeforeTax": "22805000", "incomeTaxExpense": "348000", "interestAndDebtExpense": "None", "netIncomeFromContinuingOperations": "0", "comprehensiveIncomeNetOfTax": "None", "ebit": "81147000", "ebitda": "129710000", "netIncome": "75096000"}, {"fiscalDateEnding": "2007-06-30", "reportedCurrency": "USD", "grossProfit": "125471000", "totalRevenue": "170785000", "costOfRevenue": "45314000", "costofGoodsAndServicesSold": "45314000", "operatingIncome": "100347000", "sellingGeneralAndAdministrative": "24810000", "researchAndDevelopment": "0", "operatingExpenses": "70438000", "investmentIncomeNet": "None", "netInterestIncome": "None", "interestIncome": "None", "interestExpense": "52521000", "nonInterestIncome": "None", "otherNonOperatingIncome": "None", "depreciation": "None", "depreciationAndAmortization": "47103000", "incomeBeforeTax": "26541000", "incomeTaxExpense": "-2974000", "interestAndDebtExpense": "None", "netIncomeFromContinuingOperations": "0", "comprehensiveIncomeNetOfTax": "None", "ebit": "78674000", "ebitda": "125777000", "netIncome": "125113000"}, {"fiscalDateEnding": "2007-03-31", "reportedCurrency": "USD", "grossProfit": "115941000", "totalRevenue": "158277000", "costOfRevenue": "42336000", "costofGoodsAndServicesSold": "42336000", "operatingIncome": "115694000", "sellingGeneralAndAdministrative": "22698000", "researchAndDevelopment": "0", "operatingExpenses": "42583000", "investmentIncomeNet": "None", "netInterestIncome": "None", "interestIncome": "None", "interestExpense": "46099000", "nonInterestIncome": "None", "otherNonOperatingIncome": "None", "depreciation": "None", "depreciationAndAmortization": "42218000", "incomeBeforeTax": "27668000", "incomeTaxExpense": "-30114000", "interestAndDebtExpense": "None", "netIncomeFromContinuingOperations": "0", "comprehensiveIncomeNetOfTax": "None", "ebit": "119401000", "ebitda": "161619000", "netIncome": "150855000"}, {"fiscalDateEnding": "2006-12-31", "reportedCurrency": "USD", "grossProfit": "147802000", "totalRevenue": "147802000", "costOfRevenue": "105242000", "costofGoodsAndServicesSold": "105242000", "operatingIncome": "106241000", "sellingGeneralAndAdministrative": "21760000", "researchAndDevelopment": "0", "operatingExpenses": "41561000", "investmentIncomeNet": "None", "netInterestIncome": "None", "interestIncome": "None", "interestExpense": "172888000", "nonInterestIncome": "None", "otherNonOperatingIncome": "None", "depreciation": "None", "depreciationAndAmortization": "42274000", "incomeBeforeTax": "30468000", "incomeTaxExpense": "-3612000", "interestAndDebtExpense": "None", "netIncomeFromContinuingOperations": "0", "comprehensiveIncomeNetOfTax": "None", "ebit": "106241000", "ebitda": "148515000", "netIncome": "128989000"}, {"fiscalDateEnding": "2006-09-30", "reportedCurrency": "USD", "grossProfit": "153789000", "totalRevenue": "153789000", "costOfRevenue": "98564000", "costofGoodsAndServicesSold": "98564000", "operatingIncome": "112326000", "sellingGeneralAndAdministrative": "22624000", "researchAndDevelopment": "0", "operatingExpenses": "41463000", "investmentIncomeNet": "None", "netInterestIncome": "None", "interestIncome": "None", "interestExpense": "33652000", "nonInterestIncome": "None", "otherNonOperatingIncome": "None", "depreciation": "None", "depreciationAndAmortization": "36966000", "incomeBeforeTax": "34092000", "incomeTaxExpense": "-2454000", "interestAndDebtExpense": "None", "netIncomeFromContinuingOperations": "0", "comprehensiveIncomeNetOfTax": "None", "ebit": "50560000", "ebitda": "87526000", "netIncome": "88518000"}, {"fiscalDateEnding": "2006-06-30", "reportedCurrency": "USD", "grossProfit": "151502000", "totalRevenue": "151502000", "costOfRevenue": "89920000", "costofGoodsAndServicesSold": "89920000", "operatingIncome": "110834000", "sellingGeneralAndAdministrative": "16567000", "researchAndDevelopment": "0", "operatingExpenses": "40668000", "investmentIncomeNet": "None", "netInterestIncome": "None", "interestIncome": "None", "interestExpense": "41273000", "nonInterestIncome": "None", "otherNonOperatingIncome": "None", "depreciation": "None", "depreciationAndAmortization": "35840000", "incomeBeforeTax": "46560000", "incomeTaxExpense": "-3257000", "interestAndDebtExpense": "None", "netIncomeFromContinuingOperations": "0", "comprehensiveIncomeNetOfTax": "None", "ebit": "90256000", "ebitda": "126096000", "netIncome": "105835000"}, {"fiscalDateEnding": "2006-03-31", "reportedCurrency": "USD", "grossProfit": "142705000", "totalRevenue": "142705000", "costOfRevenue": "81700000", "costofGoodsAndServicesSold": "81700000", "operatingIncome": "104394000", "sellingGeneralAndAdministrative": "16733000", "researchAndDevelopment": "0", "operatingExpenses": "38311000", "investmentIncomeNet": "None", "netInterestIncome": "None", "interestIncome": "None", "interestExpense": "39554000", "nonInterestIncome": "None", "otherNonOperatingIncome": "None", "depreciation": "None", "depreciationAndAmortization": "29687000", "incomeBeforeTax": "53869000", "incomeTaxExpense": "-1653000", "interestAndDebtExpense": "None", "netIncomeFromContinuingOperations": "0", "comprehensiveIncomeNetOfTax": "None", "ebit": "100160000", "ebitda": "129847000", "netIncome": "93286000"}, {"fiscalDateEnding": "2005-12-31", "reportedCurrency": "USD", "grossProfit": "134368000", "totalRevenue": "134368000", "costOfRevenue": "79563000", "costofGoodsAndServicesSold": "79563000", "operatingIncome": "99195000", "sellingGeneralAndAdministrative": "17966000", "researchAndDevelopment": "0", "operatingExpenses": "35173000", "investmentIncomeNet": "None", "netInterestIncome": "None", "interestIncome": "None", "interestExpense": "127711000", "nonInterestIncome": "None", "otherNonOperatingIncome": "None", "depreciation": "None", "depreciationAndAmortization": "27479000", "incomeBeforeTax": "52881000", "incomeTaxExpense": "3643000", "interestAndDebtExpense": "None", "netIncomeFromContinuingOperations": "0", "comprehensiveIncomeNetOfTax": "None", "ebit": "99195000", "ebitda": "126674000", "netIncome": "104757000"}, {"fiscalDateEnding": "2005-09-30", "reportedCurrency": "USD", "grossProfit": "130441000", "totalRevenue": "130441000", "costOfRevenue": "68216000", "costofGoodsAndServicesSold": "68216000", "operatingIncome": "97095000", "sellingGeneralAndAdministrative": "14084000", "researchAndDevelopment": "0", "operatingExpenses": "33346000", "investmentIncomeNet": "None", "netInterestIncome": "None", "interestIncome": "None", "interestExpense": "33110000", "nonInterestIncome": "None", "otherNonOperatingIncome": "None", "depreciation": "None", "depreciationAndAmortization": "26671000", "incomeBeforeTax": "40074000", "incomeTaxExpense": "-860000", "interestAndDebtExpense": "None", "netIncomeFromContinuingOperations": "0", "comprehensiveIncomeNetOfTax": "None", "ebit": "95706000", "ebitda": "122377000", "netIncome": "82434000"}, {"fiscalDateEnding": "2005-06-30", "reportedCurrency": "USD", "grossProfit": "128137000", "totalRevenue": "128137000", "costOfRevenue": "71273000", "costofGoodsAndServicesSold": "71273000", "operatingIncome": "94975000", "sellingGeneralAndAdministrative": "12750000", "researchAndDevelopment": "0", "operatingExpenses": "33162000", "investmentIncomeNet": "None", "netInterestIncome": "None", "interestIncome": "None", "interestExpense": "30239000", "nonInterestIncome": "None", "otherNonOperatingIncome": "None", "depreciation": "None", "depreciationAndAmortization": "27709000", "incomeBeforeTax": "63842000", "incomeTaxExpense": "-2296000", "interestAndDebtExpense": "None", "netIncomeFromContinuingOperations": "0", "comprehensiveIncomeNetOfTax": "None", "ebit": "93499000", "ebitda": "121208000", "netIncome": "80928000"}, {"fiscalDateEnding": "2005-03-31", "reportedCurrency": "USD", "grossProfit": "132043000", "totalRevenue": "132043000", "costOfRevenue": "72892000", "costofGoodsAndServicesSold": "72892000", "operatingIncome": "95074000", "sellingGeneralAndAdministrative": "12004000", "researchAndDevelopment": "0", "operatingExpenses": "36969000", "investmentIncomeNet": "None", "netInterestIncome": "None", "interestIncome": "None", "interestExpense": "28396000", "nonInterestIncome": "None", "otherNonOperatingIncome": "None", "depreciation": "None", "depreciationAndAmortization": "26183000", "incomeBeforeTax": "58858000", "incomeTaxExpense": "-2637000", "interestAndDebtExpense": "None", "netIncomeFromContinuingOperations": "0", "comprehensiveIncomeNetOfTax": "None", "ebit": "93321000", "ebitda": "119504000", "netIncome": "83871000"}, {"fiscalDateEnding": "2004-12-31", "reportedCurrency": "USD", "grossProfit": "124748000", "totalRevenue": "124748000", "costOfRevenue": "72570000", "costofGoodsAndServicesSold": "72570000", "operatingIncome": "92222000", "sellingGeneralAndAdministrative": "12951000", "researchAndDevelopment": "0", "operatingExpenses": "32526000", "investmentIncomeNet": "None", "netInterestIncome": "None", "interestIncome": "None", "interestExpense": "107726000", "nonInterestIncome": "None", "otherNonOperatingIncome": "None", "depreciation": "None", "depreciationAndAmortization": "25264000", "incomeBeforeTax": "49716000", "incomeTaxExpense": "1476000", "interestAndDebtExpense": "None", "netIncomeFromContinuingOperations": "0", "comprehensiveIncomeNetOfTax": "None", "ebit": "92222000", "ebitda": "117486000", "netIncome": "72897000"}]}