{"symbol": "NUE", "annualReports": [{"fiscalDateEnding": "2024-12-31", "reportedCurrency": "USD", "grossProfit": "4102000000", "totalRevenue": "30734000000", "costOfRevenue": "26632000000", "costofGoodsAndServicesSold": "26632000000", "operatingIncome": "2979000000", "sellingGeneralAndAdministrative": "1123000000", "researchAndDevelopment": "None", "operatingExpenses": "1123000000", "investmentIncomeNet": "None", "netInterestIncome": "30000000", "interestIncome": "258000000", "interestExpense": "30000000", "nonInterestIncome": "None", "otherNonOperatingIncome": "None", "depreciation": "None", "depreciationAndAmortization": "1356000000", "incomeBeforeTax": "2902000000", "incomeTaxExpense": "583000000", "interestAndDebtExpense": "None", "netIncomeFromContinuingOperations": "2319000000", "comprehensiveIncomeNetOfTax": "None", "ebit": "2979000000", "ebitda": "4335000000", "netIncome": "2027000000"}, {"fiscalDateEnding": "2023-12-31", "reportedCurrency": "USD", "grossProfit": "7824027000", "totalRevenue": "34713501000", "costOfRevenue": "26889474000", "costofGoodsAndServicesSold": "26889474000", "operatingIncome": "6239975000", "sellingGeneralAndAdministrative": "1651874000", "researchAndDevelopment": "None", "operatingExpenses": "1584052000", "investmentIncomeNet": "None", "netInterestIncome": "-27619000", "interestIncome": "275586000", "interestExpense": "245954000", "nonInterestIncome": "None", "otherNonOperatingIncome": "None", "depreciation": "None", "depreciationAndAmortization": "1168315000", "incomeBeforeTax": "6272757000", "incomeTaxExpense": "1359966000", "interestAndDebtExpense": "None", "netIncomeFromContinuingOperations": "5366204000", "comprehensiveIncomeNetOfTax": "None", "ebit": "6518711000", "ebitda": "7687026000", "netIncome": "4524801000"}, {"fiscalDateEnding": "2022-12-31", "reportedCurrency": "USD", "grossProfit": "12503280000", "totalRevenue": "41512467000", "costOfRevenue": "29009187000", "costofGoodsAndServicesSold": "29009187000", "operatingIncome": "10516816000", "sellingGeneralAndAdministrative": "1997178000", "researchAndDevelopment": "None", "operatingExpenses": "1997178000", "investmentIncomeNet": "None", "netInterestIncome": "-170216000", "interestIncome": "159502000", "interestExpense": "170216000", "nonInterestIncome": "None", "otherNonOperatingIncome": "10714000", "depreciation": "None", "depreciationAndAmortization": "1061634000", "incomeBeforeTax": "10244844000", "incomeTaxExpense": "2165204000", "interestAndDebtExpense": "None", "netIncomeFromContinuingOperations": "8079640000", "comprehensiveIncomeNetOfTax": "None", "ebit": "10463755000", "ebitda": "11525389000", "netIncome": "7607337000"}, {"fiscalDateEnding": "2021-12-31", "reportedCurrency": "USD", "grossProfit": "11025414000", "totalRevenue": "36483939000", "costOfRevenue": "25458525000", "costofGoodsAndServicesSold": "25458525000", "operatingIncome": "9421873000", "sellingGeneralAndAdministrative": "1706609000", "researchAndDevelopment": "None", "operatingExpenses": "1706609000", "investmentIncomeNet": "None", "netInterestIncome": "-158854000", "interestIncome": "55786000", "interestExpense": "158854000", "nonInterestIncome": "None", "otherNonOperatingIncome": "103068000", "depreciation": "None", "depreciationAndAmortization": "864563000", "incomeBeforeTax": "9200858000", "incomeTaxExpense": "2078488000", "interestAndDebtExpense": "None", "netIncomeFromContinuingOperations": "7122370000", "comprehensiveIncomeNetOfTax": "None", "ebit": "9363979000", "ebitda": "10228542000", "netIncome": "6827461000"}, {"fiscalDateEnding": "2020-12-31", "reportedCurrency": "USD", "grossProfit": "2227950000", "totalRevenue": "20139658000", "costOfRevenue": "17911708000", "costofGoodsAndServicesSold": "17911708000", "operatingIncome": "1602376000", "sellingGeneralAndAdministrative": "615041000", "researchAndDevelopment": "None", "operatingExpenses": "615041000", "investmentIncomeNet": "None", "netInterestIncome": "-153198000", "interestIncome": "163731000", "interestExpense": "153198000", "nonInterestIncome": "None", "otherNonOperatingIncome": "-10533000", "depreciation": "None", "depreciationAndAmortization": "785466000", "incomeBeforeTax": "835538000", "incomeTaxExpense": "-490000", "interestAndDebtExpense": "None", "netIncomeFromContinuingOperations": "836028000", "comprehensiveIncomeNetOfTax": "None", "ebit": "1002151000", "ebitda": "1787617000", "netIncome": "721470000"}, {"fiscalDateEnding": "2019-12-31", "reportedCurrency": "USD", "grossProfit": "2679085000", "totalRevenue": "22588858000", "costOfRevenue": "19909773000", "costofGoodsAndServicesSold": "19909773000", "operatingIncome": "1971148000", "sellingGeneralAndAdministrative": "711248000", "researchAndDevelopment": "None", "operatingExpenses": "711248000", "investmentIncomeNet": "None", "netInterestIncome": "-121425000", "interestIncome": "35933000", "interestExpense": "121425000", "nonInterestIncome": "None", "otherNonOperatingIncome": "3311000", "depreciation": "None", "depreciationAndAmortization": "734653000", "incomeBeforeTax": "1782807000", "incomeTaxExpense": "411897000", "interestAndDebtExpense": "None", "netIncomeFromContinuingOperations": "1370910000", "comprehensiveIncomeNetOfTax": "None", "ebit": "1940165000", "ebitda": "2674818000", "netIncome": "1271143000"}, {"fiscalDateEnding": "2018-12-31", "reportedCurrency": "USD", "grossProfit": "4295408000", "totalRevenue": "25067279000", "costOfRevenue": "20771871000", "costofGoodsAndServicesSold": "20771871000", "operatingIncome": "3434686000", "sellingGeneralAndAdministrative": "860722000", "researchAndDevelopment": "0", "operatingExpenses": "860722000", "investmentIncomeNet": "None", "netInterestIncome": "-135535000", "interestIncome": "25721000", "interestExpense": "135535000", "nonInterestIncome": "None", "otherNonOperatingIncome": "40240000", "depreciation": "None", "depreciationAndAmortization": "719637000", "incomeBeforeTax": "3229391000", "incomeTaxExpense": "748307000", "interestAndDebtExpense": "None", "netIncomeFromContinuingOperations": "2481084000", "comprehensiveIncomeNetOfTax": "None", "ebit": "3390647000", "ebitda": "4110284000", "netIncome": "2360767000"}, {"fiscalDateEnding": "2017-12-31", "reportedCurrency": "USD", "grossProfit": "2569407000", "totalRevenue": "20252393000", "costOfRevenue": "17682986000", "costofGoodsAndServicesSold": "17682986000", "operatingIncome": "1881876000", "sellingGeneralAndAdministrative": "687531000", "researchAndDevelopment": "0", "operatingExpenses": "687531000", "investmentIncomeNet": "None", "netInterestIncome": "-173580000", "interestIncome": "13702000", "interestExpense": "173580000", "nonInterestIncome": "None", "otherNonOperatingIncome": "41661000", "depreciation": "None", "depreciationAndAmortization": "727061000", "incomeBeforeTax": "1749957000", "incomeTaxExpense": "369386000", "interestAndDebtExpense": "None", "netIncomeFromContinuingOperations": "1380571000", "comprehensiveIncomeNetOfTax": "None", "ebit": "1881876000", "ebitda": "2608937000", "netIncome": "1318688000"}, {"fiscalDateEnding": "2016-12-31", "reportedCurrency": "USD", "grossProfit": "2025907000", "totalRevenue": "16208122000", "costOfRevenue": "14182215000", "costofGoodsAndServicesSold": "14182215000", "operatingIncome": "1429146000", "sellingGeneralAndAdministrative": "596761000", "researchAndDevelopment": "0", "operatingExpenses": "596761000", "investmentIncomeNet": "None", "netInterestIncome": "-169244000", "interestIncome": "11935000", "interestExpense": "169244000", "nonInterestIncome": "None", "otherNonOperatingIncome": "38757000", "depreciation": "None", "depreciationAndAmortization": "687054000", "incomeBeforeTax": "1298659000", "incomeTaxExpense": "398243000", "interestAndDebtExpense": "None", "netIncomeFromContinuingOperations": "900416000", "comprehensiveIncomeNetOfTax": "None", "ebit": "1462846000", "ebitda": "2149900000", "netIncome": "796271000"}, {"fiscalDateEnding": "2015-12-31", "reportedCurrency": "USD", "grossProfit": "1581262000", "totalRevenue": "16439276000", "costOfRevenue": "14858014000", "costofGoodsAndServicesSold": "14858014000", "operatingIncome": "1122273000", "sellingGeneralAndAdministrative": "458989000", "researchAndDevelopment": "0", "operatingExpenses": "458989000", "investmentIncomeNet": "None", "netInterestIncome": "None", "interestIncome": "168714000", "interestExpense": "173531000", "nonInterestIncome": "None", "otherNonOperatingIncome": "5329000", "depreciation": "None", "depreciationAndAmortization": "700017000", "incomeBeforeTax": "709238000", "incomeTaxExpense": "213154000", "interestAndDebtExpense": "None", "netIncomeFromContinuingOperations": "496084000", "comprehensiveIncomeNetOfTax": "None", "ebit": "654901000", "ebitda": "1354918000", "netIncome": "357659000"}, {"fiscalDateEnding": "2014-12-31", "reportedCurrency": "USD", "grossProfit": "1906526000", "totalRevenue": "21105141000", "costOfRevenue": "19198615000", "costofGoodsAndServicesSold": "19198615000", "operatingIncome": "1360328000", "sellingGeneralAndAdministrative": "546198000", "researchAndDevelopment": "0", "operatingExpenses": "546198000", "investmentIncomeNet": "None", "netInterestIncome": "None", "interestIncome": "None", "interestExpense": "169256000", "nonInterestIncome": "None", "otherNonOperatingIncome": "13505000", "depreciation": "None", "depreciationAndAmortization": "724423000", "incomeBeforeTax": "1204577000", "incomeTaxExpense": "388787000", "interestAndDebtExpense": "None", "netIncomeFromContinuingOperations": "815790000", "comprehensiveIncomeNetOfTax": "None", "ebit": "1337332000", "ebitda": "2061755000", "netIncome": "713946000"}, {"fiscalDateEnding": "2013-12-31", "reportedCurrency": "USD", "grossProfit": "1410625000", "totalRevenue": "19052046000", "costOfRevenue": "17641421000", "costofGoodsAndServicesSold": "17641421000", "operatingIncome": "928721000", "sellingGeneralAndAdministrative": "481904000", "researchAndDevelopment": "0", "operatingExpenses": "481904000", "investmentIncomeNet": "None", "netInterestIncome": "None", "interestIncome": "None", "interestExpense": "146895000", "nonInterestIncome": "None", "otherNonOperatingIncome": "9297000", "depreciation": "None", "depreciationAndAmortization": "610208000", "incomeBeforeTax": "791123000", "incomeTaxExpense": "205594000", "interestAndDebtExpense": "None", "netIncomeFromContinuingOperations": "585529000", "comprehensiveIncomeNetOfTax": "None", "ebit": "942721000", "ebitda": "1552929000", "netIncome": "488025000"}, {"fiscalDateEnding": "2012-12-31", "reportedCurrency": "USD", "grossProfit": "1513538000", "totalRevenue": "19429273000", "costOfRevenue": "17915735000", "costofGoodsAndServicesSold": "17915735000", "operatingIncome": "1058638000", "sellingGeneralAndAdministrative": "454900000", "researchAndDevelopment": "0", "operatingExpenses": "454900000", "investmentIncomeNet": "None", "netInterestIncome": "None", "interestIncome": "None", "interestExpense": "162375000", "nonInterestIncome": "None", "otherNonOperatingIncome": "-13323000", "depreciation": "None", "depreciationAndAmortization": "607021000", "incomeBeforeTax": "852940000", "incomeTaxExpense": "259814000", "interestAndDebtExpense": "None", "netIncomeFromContinuingOperations": "593126000", "comprehensiveIncomeNetOfTax": "None", "ebit": "1026443000", "ebitda": "1633464000", "netIncome": "504619000"}, {"fiscalDateEnding": "2011-12-31", "reportedCurrency": "USD", "grossProfit": "1948597000", "totalRevenue": "20023564000", "costOfRevenue": "18074967000", "costofGoodsAndServicesSold": "18074967000", "operatingIncome": "1427949000", "sellingGeneralAndAdministrative": "520648000", "researchAndDevelopment": "0", "operatingExpenses": "530691000", "investmentIncomeNet": "None", "netInterestIncome": "None", "interestIncome": "None", "interestExpense": "166094000", "nonInterestIncome": "None", "otherNonOperatingIncome": "-10043000", "depreciation": "None", "depreciationAndAmortization": "590400000", "incomeBeforeTax": "1251812000", "incomeTaxExpense": "390828000", "interestAndDebtExpense": "None", "netIncomeFromContinuingOperations": "860984000", "comprehensiveIncomeNetOfTax": "None", "ebit": "1430624000", "ebitda": "2021024000", "netIncome": "778188000"}, {"fiscalDateEnding": "2010-12-31", "reportedCurrency": "USD", "grossProfit": "843665000", "totalRevenue": "15844627000", "costOfRevenue": "15000962000", "costofGoodsAndServicesSold": "15000962000", "operatingIncome": "452290000", "sellingGeneralAndAdministrative": "391375000", "researchAndDevelopment": "0", "operatingExpenses": "391375000", "investmentIncomeNet": "None", "netInterestIncome": "None", "interestIncome": "None", "interestExpense": "153093000", "nonInterestIncome": "None", "otherNonOperatingIncome": "-32082000", "depreciation": "None", "depreciationAndAmortization": "582602000", "incomeBeforeTax": "267115000", "incomeTaxExpense": "60792000", "interestAndDebtExpense": "None", "netIncomeFromContinuingOperations": "206323000", "comprehensiveIncomeNetOfTax": "None", "ebit": "428255000", "ebitda": "1010857000", "netIncome": "134092000"}, {"fiscalDateEnding": "2009-12-31", "reportedCurrency": "USD", "grossProfit": "154393000", "totalRevenue": "11190296000", "costOfRevenue": "11035903000", "costofGoodsAndServicesSold": "11035903000", "operatingIncome": "-276426000", "sellingGeneralAndAdministrative": "348478000", "researchAndDevelopment": "0", "operatingExpenses": "430819000", "investmentIncomeNet": "None", "netInterestIncome": "None", "interestIncome": "None", "interestExpense": "134752000", "nonInterestIncome": "None", "otherNonOperatingIncome": "-82341000", "depreciation": "None", "depreciationAndAmortization": "566423000", "incomeBeforeTax": "-413978000", "incomeTaxExpense": "-176800000", "interestAndDebtExpense": "None", "netIncomeFromContinuingOperations": "-237178000", "comprehensiveIncomeNetOfTax": "None", "ebit": "-264056000", "ebitda": "302367000", "netIncome": "-293613000"}, {"fiscalDateEnding": "2008-12-31", "reportedCurrency": "USD", "grossProfit": "4051041000", "totalRevenue": "23663324000", "costOfRevenue": "19612283000", "costofGoodsAndServicesSold": "19612283000", "operatingIncome": "3300057000", "sellingGeneralAndAdministrative": "750984000", "researchAndDevelopment": "None", "operatingExpenses": "1170088000", "investmentIncomeNet": "None", "netInterestIncome": "None", "interestIncome": "None", "interestExpense": "134554000", "nonInterestIncome": "None", "otherNonOperatingIncome": "None", "depreciation": "None", "depreciationAndAmortization": "548907000", "incomeBeforeTax": "2790470000", "incomeTaxExpense": "959480000", "interestAndDebtExpense": "None", "netIncomeFromContinuingOperations": "None", "comprehensiveIncomeNetOfTax": "None", "ebit": "3238945000", "ebitda": "3787852000", "netIncome": "1830990000"}, {"fiscalDateEnding": "2007-12-31", "reportedCurrency": "USD", "grossProfit": "3130049000", "totalRevenue": "16592976000", "costOfRevenue": "13462927000", "costofGoodsAndServicesSold": "13462927000", "operatingIncome": "2552285000", "sellingGeneralAndAdministrative": "577764000", "researchAndDevelopment": "None", "operatingExpenses": "577764000", "investmentIncomeNet": "None", "netInterestIncome": "None", "interestIncome": "None", "interestExpense": "0", "nonInterestIncome": "None", "otherNonOperatingIncome": "None", "depreciation": "None", "depreciationAndAmortization": "427556000", "incomeBeforeTax": "2253315000", "incomeTaxExpense": "781368000", "interestAndDebtExpense": "None", "netIncomeFromContinuingOperations": "None", "comprehensiveIncomeNetOfTax": "None", "ebit": "2552285000", "ebitda": "2979841000", "netIncome": "1471947000"}, {"fiscalDateEnding": "2006-12-31", "reportedCurrency": "USD", "grossProfit": "3468147000", "totalRevenue": "14751270000", "costOfRevenue": "11283123000", "costofGoodsAndServicesSold": "11283123000", "operatingIncome": "2875674000", "sellingGeneralAndAdministrative": "592473000", "researchAndDevelopment": "None", "operatingExpenses": "592473000", "investmentIncomeNet": "None", "netInterestIncome": "None", "interestIncome": "None", "interestExpense": "0", "nonInterestIncome": "None", "otherNonOperatingIncome": "None", "depreciation": "None", "depreciationAndAmortization": "363936000", "incomeBeforeTax": "2693818000", "incomeTaxExpense": "936137000", "interestAndDebtExpense": "None", "netIncomeFromContinuingOperations": "None", "comprehensiveIncomeNetOfTax": "None", "ebit": "2875674000", "ebitda": "3239610000", "netIncome": "1757681000"}, {"fiscalDateEnding": "2005-12-31", "reportedCurrency": "USD", "grossProfit": "2615603000", "totalRevenue": "12700999000", "costOfRevenue": "10085396000", "costofGoodsAndServicesSold": "10085396000", "operatingIncome": "2122043000", "sellingGeneralAndAdministrative": "493560000", "researchAndDevelopment": "None", "operatingExpenses": "493560000", "investmentIncomeNet": "None", "netInterestIncome": "None", "interestIncome": "None", "interestExpense": "0", "nonInterestIncome": "None", "otherNonOperatingIncome": "None", "depreciation": "None", "depreciationAndAmortization": "375054000", "incomeBeforeTax": "2016368000", "incomeTaxExpense": "706084000", "interestAndDebtExpense": "None", "netIncomeFromContinuingOperations": "None", "comprehensiveIncomeNetOfTax": "None", "ebit": "2112843000", "ebitda": "2487897000", "netIncome": "1310284000"}], "quarterlyReports": [{"fiscalDateEnding": "2024-12-31", "reportedCurrency": "USD", "grossProfit": "627000000", "totalRevenue": "7076000000", "costOfRevenue": "6449000000", "costofGoodsAndServicesSold": "6449000000", "operatingIncome": "387000000", "sellingGeneralAndAdministrative": "239868000", "researchAndDevelopment": "None", "operatingExpenses": "240000000", "investmentIncomeNet": "None", "netInterestIncome": "-2811000", "interestIncome": "49474000", "interestExpense": "3000000", "nonInterestIncome": "None", "otherNonOperatingIncome": "None", "depreciation": "None", "depreciationAndAmortization": "358063000", "incomeBeforeTax": "390223000", "incomeTaxExpense": "45000000", "interestAndDebtExpense": "None", "netIncomeFromContinuingOperations": "345070000", "comprehensiveIncomeNetOfTax": "None", "ebit": "387000000", "ebitda": "745063000", "netIncome": "287000000"}, {"fiscalDateEnding": "2024-09-30", "reportedCurrency": "USD", "grossProfit": "757934000", "totalRevenue": "7444160000", "costOfRevenue": "6686226000", "costofGoodsAndServicesSold": "6686226000", "operatingIncome": "513276999", "sellingGeneralAndAdministrative": "244657000", "researchAndDevelopment": "None", "operatingExpenses": "244657000", "investmentIncomeNet": "None", "netInterestIncome": "-7282000", "interestIncome": "58094000", "interestExpense": "7282000", "nonInterestIncome": "None", "otherNonOperatingIncome": "None", "depreciation": "None", "depreciationAndAmortization": "350461000", "incomeBeforeTax": "388273000", "incomeTaxExpense": "85448000", "interestAndDebtExpense": "None", "netIncomeFromContinuingOperations": "302825000", "comprehensiveIncomeNetOfTax": "None", "ebit": "395555000", "ebitda": "746016000", "netIncome": "249910000"}, {"fiscalDateEnding": "2024-06-30", "reportedCurrency": "USD", "grossProfit": "1201530000", "totalRevenue": "8077172000", "costOfRevenue": "6875642000", "costofGoodsAndServicesSold": "6875642000", "operatingIncome": "894300000", "sellingGeneralAndAdministrative": "307230000", "researchAndDevelopment": "None", "operatingExpenses": "307230000", "investmentIncomeNet": "None", "netInterestIncome": "2306000", "interestIncome": "69158000", "interestExpense": "66852000", "nonInterestIncome": "None", "otherNonOperatingIncome": "None", "depreciation": "None", "depreciationAndAmortization": "331855000", "incomeBeforeTax": "898163000", "incomeTaxExpense": "186020000", "interestAndDebtExpense": "None", "netIncomeFromContinuingOperations": "712143000", "comprehensiveIncomeNetOfTax": "None", "ebit": "894300000", "ebitda": "1226155000", "netIncome": "645217000"}, {"fiscalDateEnding": "2024-03-31", "reportedCurrency": "USD", "grossProfit": "1528521000", "totalRevenue": "8137083000", "costOfRevenue": "6608562000", "costofGoodsAndServicesSold": "6608562000", "operatingIncome": "1183126000", "sellingGeneralAndAdministrative": "345395000", "researchAndDevelopment": "None", "operatingExpenses": "345395000", "investmentIncomeNet": "None", "netInterestIncome": "37787000", "interestIncome": "81274000", "interestExpense": "43487000", "nonInterestIncome": "None", "otherNonOperatingIncome": "None", "depreciation": "None", "depreciationAndAmortization": "315621000", "incomeBeforeTax": "1225341000", "incomeTaxExpense": "266379000", "interestAndDebtExpense": "None", "netIncomeFromContinuingOperations": "958962000", "comprehensiveIncomeNetOfTax": "None", "ebit": "1183126000", "ebitda": "1498747000", "netIncome": "844841000"}, {"fiscalDateEnding": "2023-12-31", "reportedCurrency": "USD", "grossProfit": "1393718000", "totalRevenue": "7704531000", "costOfRevenue": "6310813000", "costofGoodsAndServicesSold": "6310813000", "operatingIncome": "1038717000", "sellingGeneralAndAdministrative": "355001000", "researchAndDevelopment": "None", "operatingExpenses": "355001000", "investmentIncomeNet": "None", "netInterestIncome": "30280000", "interestIncome": "None", "interestExpense": "30280000", "nonInterestIncome": "None", "otherNonOperatingIncome": "None", "depreciation": "None", "depreciationAndAmortization": "311461000", "incomeBeforeTax": "1078109000", "incomeTaxExpense": "205277000", "interestAndDebtExpense": "None", "netIncomeFromContinuingOperations": "872832000", "comprehensiveIncomeNetOfTax": "None", "ebit": "1038717000", "ebitda": "1350178000", "netIncome": "785399000"}, {"fiscalDateEnding": "2023-09-30", "reportedCurrency": "USD", "grossProfit": "1920800000", "totalRevenue": "8775734000", "costOfRevenue": "6854934000", "costofGoodsAndServicesSold": "6854934000", "operatingIncome": "1535032000", "sellingGeneralAndAdministrative": "385768000", "researchAndDevelopment": "None", "operatingExpenses": "385768000", "investmentIncomeNet": "None", "netInterestIncome": "14133000", "interestIncome": "13050000", "interestExpense": "63228000", "nonInterestIncome": "None", "otherNonOperatingIncome": "None", "depreciation": "None", "depreciationAndAmortization": "290787000", "incomeBeforeTax": "1548082000", "incomeTaxExpense": "326827000", "interestAndDebtExpense": "None", "netIncomeFromContinuingOperations": "1221255000", "comprehensiveIncomeNetOfTax": "None", "ebit": "1535032000", "ebitda": "1825819000", "netIncome": "1141506000"}, {"fiscalDateEnding": "2023-06-30", "reportedCurrency": "USD", "grossProfit": "2501674000", "totalRevenue": "9523256000", "costOfRevenue": "7021582000", "costofGoodsAndServicesSold": "7021582000", "operatingIncome": "2054380000", "sellingGeneralAndAdministrative": "453388000", "researchAndDevelopment": "None", "operatingExpenses": "453388000", "investmentIncomeNet": "None", "netInterestIncome": "-4598000", "interestIncome": "1496000", "interestExpense": "4598000", "nonInterestIncome": "None", "otherNonOperatingIncome": "None", "depreciation": "None", "depreciationAndAmortization": "286209000", "incomeBeforeTax": "2049782000", "incomeTaxExpense": "462707000", "interestAndDebtExpense": "None", "netIncomeFromContinuingOperations": "1587075000", "comprehensiveIncomeNetOfTax": "None", "ebit": "2054380000", "ebitda": "2340589000", "netIncome": "1461354000"}, {"fiscalDateEnding": "2023-03-31", "reportedCurrency": "USD", "grossProfit": "1998202000", "totalRevenue": "8709980000", "costOfRevenue": "6711778000", "costofGoodsAndServicesSold": "6711778000", "operatingIncome": "1606967000", "sellingGeneralAndAdministrative": "389895000", "researchAndDevelopment": "None", "operatingExpenses": "389895000", "investmentIncomeNet": "None", "netInterestIncome": "-10183000", "interestIncome": "11523000", "interestExpense": "10183000", "nonInterestIncome": "None", "otherNonOperatingIncome": "-1340000", "depreciation": "None", "depreciationAndAmortization": "279858000", "incomeBeforeTax": "1596784000", "incomeTaxExpense": "365155000", "interestAndDebtExpense": "None", "netIncomeFromContinuingOperations": "1231629000", "comprehensiveIncomeNetOfTax": "None", "ebit": "1606967000", "ebitda": "1886825000", "netIncome": "1136542000"}, {"fiscalDateEnding": "2022-12-31", "reportedCurrency": "USD", "grossProfit": "2097487000", "totalRevenue": "8723956000", "costOfRevenue": "6626469000", "costofGoodsAndServicesSold": "6626469000", "operatingIncome": "1662132000", "sellingGeneralAndAdministrative": "422823000", "researchAndDevelopment": "None", "operatingExpenses": "422823000", "investmentIncomeNet": "None", "netInterestIncome": "-26971000", "interestIncome": "39503000", "interestExpense": "26971000", "nonInterestIncome": "None", "otherNonOperatingIncome": "-12532000", "depreciation": "None", "depreciationAndAmortization": "287221000", "incomeBeforeTax": "1533405000", "incomeTaxExpense": "207160000", "interestAndDebtExpense": "None", "netIncomeFromContinuingOperations": "1326245000", "comprehensiveIncomeNetOfTax": "None", "ebit": "1590157000", "ebitda": "1877378000", "netIncome": "1255733000"}, {"fiscalDateEnding": "2022-09-30", "reportedCurrency": "USD", "grossProfit": "2843391000", "totalRevenue": "10500755000", "costOfRevenue": "7657364000", "costofGoodsAndServicesSold": "7657364000", "operatingIncome": "2365269000", "sellingGeneralAndAdministrative": "486560000", "researchAndDevelopment": "None", "operatingExpenses": "486560000", "investmentIncomeNet": "None", "netInterestIncome": "-42347000", "interestIncome": "33909000", "interestExpense": "42347000", "nonInterestIncome": "None", "otherNonOperatingIncome": "8438000", "depreciation": "None", "depreciationAndAmortization": "289876000", "incomeBeforeTax": "2322922000", "incomeTaxExpense": "523879000", "interestAndDebtExpense": "None", "netIncomeFromContinuingOperations": "1799043000", "comprehensiveIncomeNetOfTax": "None", "ebit": "2365269000", "ebitda": "2655145000", "netIncome": "1687855000"}, {"fiscalDateEnding": "2022-06-30", "reportedCurrency": "USD", "grossProfit": "4104263000", "totalRevenue": "11794474000", "costOfRevenue": "7690211000", "costofGoodsAndServicesSold": "7690211000", "operatingIncome": "3548165000", "sellingGeneralAndAdministrative": "563211000", "researchAndDevelopment": "None", "operatingExpenses": "563211000", "investmentIncomeNet": "None", "netInterestIncome": "-57763000", "interestIncome": "5751000", "interestExpense": "57763000", "nonInterestIncome": "None", "otherNonOperatingIncome": "7113000", "depreciation": "None", "depreciationAndAmortization": "247648000", "incomeBeforeTax": "3490402000", "incomeTaxExpense": "763165000", "interestAndDebtExpense": "None", "netIncomeFromContinuingOperations": "2727237000", "comprehensiveIncomeNetOfTax": "None", "ebit": "3548165000", "ebitda": "3795813000", "netIncome": "2550192000"}, {"fiscalDateEnding": "2022-03-31", "reportedCurrency": "USD", "grossProfit": "3458139000", "totalRevenue": "10493282000", "costOfRevenue": "7035143000", "costofGoodsAndServicesSold": "7035143000", "operatingIncome": "2941250000", "sellingGeneralAndAdministrative": "524584000", "researchAndDevelopment": "None", "operatingExpenses": "524584000", "investmentIncomeNet": "None", "netInterestIncome": "-43135000", "interestIncome": "941000", "interestExpense": "43135000", "nonInterestIncome": "None", "otherNonOperatingIncome": "7695000", "depreciation": "None", "depreciationAndAmortization": "236889000", "incomeBeforeTax": "2898115000", "incomeTaxExpense": "671000000", "interestAndDebtExpense": "None", "netIncomeFromContinuingOperations": "2227115000", "comprehensiveIncomeNetOfTax": "None", "ebit": "2933555000", "ebitda": "3170444000", "netIncome": "2087203000"}, {"fiscalDateEnding": "2021-12-31", "reportedCurrency": "USD", "grossProfit": "3523201000", "totalRevenue": "10364412000", "costOfRevenue": "6841211000", "costofGoodsAndServicesSold": "6841211000", "operatingIncome": "2958188000", "sellingGeneralAndAdministrative": "502070000", "researchAndDevelopment": "None", "operatingExpenses": "502070000", "investmentIncomeNet": "None", "netInterestIncome": "-40145000", "interestIncome": "2183000", "interestExpense": "40145000", "nonInterestIncome": "None", "otherNonOperatingIncome": "37962000", "depreciation": "None", "depreciationAndAmortization": "241288000", "incomeBeforeTax": "3007757000", "incomeTaxExpense": "667625000", "interestAndDebtExpense": "None", "netIncomeFromContinuingOperations": "2340132000", "comprehensiveIncomeNetOfTax": "None", "ebit": "3021131000", "ebitda": "3262419000", "netIncome": "2240379000"}, {"fiscalDateEnding": "2021-09-30", "reportedCurrency": "USD", "grossProfit": "3406273000", "totalRevenue": "10313223000", "costOfRevenue": "6906950000", "costofGoodsAndServicesSold": "6906950000", "operatingIncome": "2879928000", "sellingGeneralAndAdministrative": "526345000", "researchAndDevelopment": "None", "operatingExpenses": "526345000", "investmentIncomeNet": "None", "netInterestIncome": "-43285000", "interestIncome": "10821000", "interestExpense": "43285000", "nonInterestIncome": "None", "otherNonOperatingIncome": "32464000", "depreciation": "None", "depreciationAndAmortization": "218925000", "incomeBeforeTax": "2869107000", "incomeTaxExpense": "645842000", "interestAndDebtExpense": "None", "netIncomeFromContinuingOperations": "2223265000", "comprehensiveIncomeNetOfTax": "None", "ebit": "2879928000", "ebitda": "3098853000", "netIncome": "2118301000"}, {"fiscalDateEnding": "2021-06-30", "reportedCurrency": "USD", "grossProfit": "2473503000", "totalRevenue": "8789164000", "costOfRevenue": "6315661000", "costofGoodsAndServicesSold": "6315661000", "operatingIncome": "2086433000", "sellingGeneralAndAdministrative": "387070000", "researchAndDevelopment": "None", "operatingExpenses": "387070000", "investmentIncomeNet": "None", "netInterestIncome": "-35780000", "interestIncome": "1881000", "interestExpense": "35780000", "nonInterestIncome": "None", "otherNonOperatingIncome": "19403000", "depreciation": "None", "depreciationAndAmortization": "203400000", "incomeBeforeTax": "2025748000", "incomeTaxExpense": "454289000", "interestAndDebtExpense": "None", "netIncomeFromContinuingOperations": "1571459000", "comprehensiveIncomeNetOfTax": "None", "ebit": "2063409000", "ebitda": "2266809000", "netIncome": "1500192000"}, {"fiscalDateEnding": "2021-03-31", "reportedCurrency": "USD", "grossProfit": "1622437000", "totalRevenue": "7017140000", "costOfRevenue": "5394703000", "costofGoodsAndServicesSold": "5394703000", "operatingIncome": "1331313000", "sellingGeneralAndAdministrative": "291124000", "researchAndDevelopment": "None", "operatingExpenses": "291124000", "investmentIncomeNet": "None", "netInterestIncome": "-39644000", "interestIncome": "1326000", "interestExpense": "39644000", "nonInterestIncome": "None", "otherNonOperatingIncome": "13239000", "depreciation": "None", "depreciationAndAmortization": "200950000", "incomeBeforeTax": "1298246000", "incomeTaxExpense": "310732000", "interestAndDebtExpense": "None", "netIncomeFromContinuingOperations": "987514000", "comprehensiveIncomeNetOfTax": "None", "ebit": "1331313000", "ebitda": "1532263000", "netIncome": "937056000"}, {"fiscalDateEnding": "2020-12-31", "reportedCurrency": "USD", "grossProfit": "718528000", "totalRevenue": "5260055000", "costOfRevenue": "4541527000", "costofGoodsAndServicesSold": "4541527000", "operatingIncome": "564409000", "sellingGeneralAndAdministrative": "154119000", "researchAndDevelopment": "None", "operatingExpenses": "154119000", "investmentIncomeNet": "None", "netInterestIncome": "-36342000", "interestIncome": "32453000", "interestExpense": "36342000", "nonInterestIncome": "None", "otherNonOperatingIncome": "-10189000", "depreciation": "None", "depreciationAndAmortization": "196901000", "incomeBeforeTax": "217766000", "incomeTaxExpense": "-208100000", "interestAndDebtExpense": "None", "netIncomeFromContinuingOperations": "559019000", "comprehensiveIncomeNetOfTax": "None", "ebit": "255653000", "ebitda": "452554000", "netIncome": "396669000"}, {"fiscalDateEnding": "2020-09-30", "reportedCurrency": "USD", "grossProfit": "502195000", "totalRevenue": "4927960000", "costOfRevenue": "4425765000", "costofGoodsAndServicesSold": "4425765000", "operatingIncome": "336682000", "sellingGeneralAndAdministrative": "165513000", "researchAndDevelopment": "None", "operatingExpenses": "165513000", "investmentIncomeNet": "None", "netInterestIncome": "-40139000", "interestIncome": "39660000", "interestExpense": "40139000", "nonInterestIncome": "None", "otherNonOperatingIncome": "479000", "depreciation": "None", "depreciationAndAmortization": "196709000", "incomeBeforeTax": "290418000", "incomeTaxExpense": "67788000", "interestAndDebtExpense": "None", "netIncomeFromContinuingOperations": "222630000", "comprehensiveIncomeNetOfTax": "None", "ebit": "353082000", "ebitda": "549791000", "netIncome": "192214000"}, {"fiscalDateEnding": "2020-06-30", "reportedCurrency": "USD", "grossProfit": "377959000", "totalRevenue": "4327306000", "costOfRevenue": "3949347000", "costofGoodsAndServicesSold": "3949347000", "operatingIncome": "235942000", "sellingGeneralAndAdministrative": "295409000", "researchAndDevelopment": "None", "operatingExpenses": "142017000", "investmentIncomeNet": "None", "netInterestIncome": "-35807000", "interestIncome": "91618000", "interestExpense": "35807000", "nonInterestIncome": "None", "otherNonOperatingIncome": "None", "depreciation": "None", "depreciationAndAmortization": "194581000", "incomeBeforeTax": "181057000", "incomeTaxExpense": "47904000", "interestAndDebtExpense": "None", "netIncomeFromContinuingOperations": "133153000", "comprehensiveIncomeNetOfTax": "None", "ebit": "235942000", "ebitda": "430523000", "netIncome": "108089000"}, {"fiscalDateEnding": "2020-03-31", "reportedCurrency": "USD", "grossProfit": "629268000", "totalRevenue": "5624337000", "costOfRevenue": "4995069000", "costofGoodsAndServicesSold": "4995069000", "operatingIncome": "475876000", "sellingGeneralAndAdministrative": "153392000", "researchAndDevelopment": "None", "operatingExpenses": "153392000", "investmentIncomeNet": "None", "netInterestIncome": "-40910000", "interestIncome": "6686000", "interestExpense": "40910000", "nonInterestIncome": "None", "otherNonOperatingIncome": "-823000", "depreciation": "None", "depreciationAndAmortization": "197275000", "incomeBeforeTax": "146297000", "incomeTaxExpense": "91918000", "interestAndDebtExpense": "None", "netIncomeFromContinuingOperations": "54379000", "comprehensiveIncomeNetOfTax": "None", "ebit": "475876000", "ebitda": "673151000", "netIncome": "19701000"}, {"fiscalDateEnding": "2019-12-31", "reportedCurrency": "USD", "grossProfit": "435188000", "totalRevenue": "5131746000", "costOfRevenue": "4696558000", "costofGoodsAndServicesSold": "4696558000", "operatingIncome": "272960000", "sellingGeneralAndAdministrative": "10732000", "researchAndDevelopment": "None", "operatingExpenses": "162228000", "investmentIncomeNet": "None", "netInterestIncome": "-28666000", "interestIncome": "8956000", "interestExpense": "28666000", "nonInterestIncome": "None", "otherNonOperatingIncome": "852000", "depreciation": "None", "depreciationAndAmortization": "192041000", "incomeBeforeTax": "178230000", "incomeTaxExpense": "43977000", "interestAndDebtExpense": "None", "netIncomeFromContinuingOperations": "134253000", "comprehensiveIncomeNetOfTax": "None", "ebit": "215852000", "ebitda": "407893000", "netIncome": "107083000"}, {"fiscalDateEnding": "2019-09-30", "reportedCurrency": "USD", "grossProfit": "572511000", "totalRevenue": "5464502000", "costOfRevenue": "4891991000", "costofGoodsAndServicesSold": "4891991000", "operatingIncome": "413210000", "sellingGeneralAndAdministrative": "4932000", "researchAndDevelopment": "None", "operatingExpenses": "159301000", "investmentIncomeNet": "None", "netInterestIncome": "-31286000", "interestIncome": "9435000", "interestExpense": "31286000", "nonInterestIncome": "None", "otherNonOperatingIncome": "-1585000", "depreciation": "None", "depreciationAndAmortization": "177885000", "incomeBeforeTax": "380339000", "incomeTaxExpense": "86752000", "interestAndDebtExpense": "None", "netIncomeFromContinuingOperations": "293587000", "comprehensiveIncomeNetOfTax": "None", "ebit": "413210000", "ebitda": "591095000", "netIncome": "273376000"}, {"fiscalDateEnding": "2019-06-30", "reportedCurrency": "USD", "grossProfit": "775494000", "totalRevenue": "5895986000", "costOfRevenue": "5120492000", "costofGoodsAndServicesSold": "5120492000", "operatingIncome": "566514000", "sellingGeneralAndAdministrative": "191882000", "researchAndDevelopment": "None", "operatingExpenses": "208980000", "investmentIncomeNet": "None", "netInterestIncome": "-33030000", "interestIncome": "8923000", "interestExpense": "33030000", "nonInterestIncome": "None", "otherNonOperatingIncome": "1138000", "depreciation": "None", "depreciationAndAmortization": "185056000", "incomeBeforeTax": "534622000", "incomeTaxExpense": "122345000", "interestAndDebtExpense": "None", "netIncomeFromContinuingOperations": "412277000", "comprehensiveIncomeNetOfTax": "None", "ebit": "566514000", "ebitda": "751570000", "netIncome": "384052000"}, {"fiscalDateEnding": "2019-03-31", "reportedCurrency": "USD", "grossProfit": "895892000", "totalRevenue": "6096624000", "costOfRevenue": "5200732000", "costofGoodsAndServicesSold": "5200732000", "operatingIncome": "715153000", "sellingGeneralAndAdministrative": "5800000", "researchAndDevelopment": "None", "operatingExpenses": "180739000", "investmentIncomeNet": "None", "netInterestIncome": "-28443000", "interestIncome": "8619000", "interestExpense": "28443000", "nonInterestIncome": "None", "otherNonOperatingIncome": "2906000", "depreciation": "None", "depreciationAndAmortization": "179671000", "incomeBeforeTax": "689616000", "incomeTaxExpense": "158823000", "interestAndDebtExpense": "None", "netIncomeFromContinuingOperations": "530793000", "comprehensiveIncomeNetOfTax": "None", "ebit": "715153000", "ebitda": "894824000", "netIncome": "499838000"}, {"fiscalDateEnding": "2018-12-31", "reportedCurrency": "USD", "grossProfit": "1112262000", "totalRevenue": "6295884000", "costOfRevenue": "5183622000", "costofGoodsAndServicesSold": "5183622000", "operatingIncome": "902962000", "sellingGeneralAndAdministrative": "209300000", "researchAndDevelopment": "0", "operatingExpenses": "209300000", "investmentIncomeNet": "None", "netInterestIncome": "None", "interestIncome": "None", "interestExpense": "31769000", "nonInterestIncome": "None", "otherNonOperatingIncome": "6083000", "depreciation": "None", "depreciationAndAmortization": "178623000", "incomeBeforeTax": "877276000", "incomeTaxExpense": "196206000", "interestAndDebtExpense": "None", "netIncomeFromContinuingOperations": "681070000", "comprehensiveIncomeNetOfTax": "None", "ebit": "902962000", "ebitda": "1081585000", "netIncome": "644142000"}, {"fiscalDateEnding": "2018-09-30", "reportedCurrency": "USD", "grossProfit": "1290150000", "totalRevenue": "6742202000", "costOfRevenue": "5452052000", "costofGoodsAndServicesSold": "5452052000", "operatingIncome": "1056069000", "sellingGeneralAndAdministrative": "19000", "researchAndDevelopment": "0", "operatingExpenses": "234081000", "investmentIncomeNet": "None", "netInterestIncome": "None", "interestIncome": "None", "interestExpense": "37201000", "nonInterestIncome": "None", "otherNonOperatingIncome": "13634000", "depreciation": "None", "depreciationAndAmortization": "180039000", "incomeBeforeTax": "922502000", "incomeTaxExpense": "216215000", "interestAndDebtExpense": "None", "netIncomeFromContinuingOperations": "706287000", "comprehensiveIncomeNetOfTax": "None", "ebit": "967280000", "ebitda": "1147319000", "netIncome": "673849000"}, {"fiscalDateEnding": "2018-06-30", "reportedCurrency": "USD", "grossProfit": "1166590000", "totalRevenue": "6460774000", "costOfRevenue": "5294184000", "costofGoodsAndServicesSold": "5294184000", "operatingIncome": "932209000", "sellingGeneralAndAdministrative": "234381000", "researchAndDevelopment": "0", "operatingExpenses": "234381000", "investmentIncomeNet": "None", "netInterestIncome": "None", "interestIncome": "None", "interestExpense": "29451000", "nonInterestIncome": "None", "otherNonOperatingIncome": "10943000", "depreciation": "None", "depreciationAndAmortization": "179857000", "incomeBeforeTax": "913701000", "incomeTaxExpense": "200086000", "interestAndDebtExpense": "None", "netIncomeFromContinuingOperations": "713615000", "comprehensiveIncomeNetOfTax": "None", "ebit": "918509000", "ebitda": "1098366000", "netIncome": "680234000"}, {"fiscalDateEnding": "2018-03-31", "reportedCurrency": "USD", "grossProfit": "726406000", "totalRevenue": "5568419000", "costOfRevenue": "4842013000", "costofGoodsAndServicesSold": "4842013000", "operatingIncome": "543446000", "sellingGeneralAndAdministrative": "182960000", "researchAndDevelopment": "0", "operatingExpenses": "182960000", "investmentIncomeNet": "None", "netInterestIncome": "None", "interestIncome": "None", "interestExpense": "37114000", "nonInterestIncome": "None", "otherNonOperatingIncome": "9580000", "depreciation": "None", "depreciationAndAmortization": "181118000", "incomeBeforeTax": "515912000", "incomeTaxExpense": "135800000", "interestAndDebtExpense": "None", "netIncomeFromContinuingOperations": "380112000", "comprehensiveIncomeNetOfTax": "None", "ebit": "543446000", "ebitda": "724564000", "netIncome": "352998000"}, {"fiscalDateEnding": "2017-12-31", "reportedCurrency": "USD", "grossProfit": "520568000", "totalRevenue": "5092328000", "costOfRevenue": "4571760000", "costofGoodsAndServicesSold": "4571760000", "operatingIncome": "352466000", "sellingGeneralAndAdministrative": "168102000", "researchAndDevelopment": "0", "operatingExpenses": "168102000", "investmentIncomeNet": "None", "netInterestIncome": "None", "interestIncome": "None", "interestExpense": "42085000", "nonInterestIncome": "None", "otherNonOperatingIncome": "11860000", "depreciation": "None", "depreciationAndAmortization": "183845000", "incomeBeforeTax": "322241000", "incomeTaxExpense": "-72853000", "interestAndDebtExpense": "None", "netIncomeFromContinuingOperations": "395094000", "comprehensiveIncomeNetOfTax": "None", "ebit": "362266000", "ebitda": "546111000", "netIncome": "382581000"}, {"fiscalDateEnding": "2017-09-30", "reportedCurrency": "USD", "grossProfit": "578964000", "totalRevenue": "5170117000", "costOfRevenue": "4591153000", "costofGoodsAndServicesSold": "4591153000", "operatingIncome": "406172000", "sellingGeneralAndAdministrative": "172792000", "researchAndDevelopment": "0", "operatingExpenses": "152542000", "investmentIncomeNet": "None", "netInterestIncome": "None", "interestIncome": "None", "interestExpense": "43310000", "nonInterestIncome": "None", "otherNonOperatingIncome": "7743000", "depreciation": "None", "depreciationAndAmortization": "179495000", "incomeBeforeTax": "390855000", "incomeTaxExpense": "111100000", "interestAndDebtExpense": "None", "netIncomeFromContinuingOperations": "266105000", "comprehensiveIncomeNetOfTax": "None", "ebit": "428672000", "ebitda": "608167000", "netIncome": "253950000"}, {"fiscalDateEnding": "2017-06-30", "reportedCurrency": "USD", "grossProfit": "709625000", "totalRevenue": "5174769000", "costOfRevenue": "4465144000", "costofGoodsAndServicesSold": "4465144000", "operatingIncome": "539414000", "sellingGeneralAndAdministrative": "11000", "researchAndDevelopment": "0", "operatingExpenses": "170211000", "investmentIncomeNet": "None", "netInterestIncome": "None", "interestIncome": "None", "interestExpense": "44580000", "nonInterestIncome": "None", "otherNonOperatingIncome": "13302000", "depreciation": "None", "depreciationAndAmortization": "182828000", "incomeBeforeTax": "508136000", "incomeTaxExpense": "166412000", "interestAndDebtExpense": "None", "netIncomeFromContinuingOperations": "341724000", "comprehensiveIncomeNetOfTax": "None", "ebit": "539414000", "ebitda": "722242000", "netIncome": "321910000"}, {"fiscalDateEnding": "2017-03-31", "reportedCurrency": "USD", "grossProfit": "760250000", "totalRevenue": "4815179000", "costOfRevenue": "4054929000", "costofGoodsAndServicesSold": "4054929000", "operatingIncome": "583824000", "sellingGeneralAndAdministrative": "26000", "researchAndDevelopment": "0", "operatingExpenses": "176426000", "investmentIncomeNet": "None", "netInterestIncome": "None", "interestIncome": "None", "interestExpense": "43605000", "nonInterestIncome": "None", "otherNonOperatingIncome": "8756000", "depreciation": "None", "depreciationAndAmortization": "180893000", "incomeBeforeTax": "548975000", "incomeTaxExpense": "171327000", "interestAndDebtExpense": "None", "netIncomeFromContinuingOperations": "377648000", "comprehensiveIncomeNetOfTax": "None", "ebit": "583824000", "ebitda": "764717000", "netIncome": "355707000"}, {"fiscalDateEnding": "2016-12-31", "reportedCurrency": "USD", "grossProfit": "443426000", "totalRevenue": "3956538000", "costOfRevenue": "3513112000", "costofGoodsAndServicesSold": "3513112000", "operatingIncome": "392281000", "sellingGeneralAndAdministrative": "156082000", "researchAndDevelopment": "0", "operatingExpenses": "156082000", "investmentIncomeNet": "None", "netInterestIncome": "None", "interestIncome": "None", "interestExpense": "40829000", "nonInterestIncome": "None", "otherNonOperatingIncome": "8525000", "depreciation": "None", "depreciationAndAmortization": "173879000", "incomeBeforeTax": "255040000", "incomeTaxExpense": "79855000", "interestAndDebtExpense": "None", "netIncomeFromContinuingOperations": "243135000", "comprehensiveIncomeNetOfTax": "None", "ebit": "321044000", "ebitda": "494923000", "netIncome": "159639000"}, {"fiscalDateEnding": "2016-09-30", "reportedCurrency": "USD", "grossProfit": "624336000", "totalRevenue": "4290236000", "costOfRevenue": "3665900000", "costofGoodsAndServicesSold": "3665900000", "operatingIncome": "455113000", "sellingGeneralAndAdministrative": "23000", "researchAndDevelopment": "0", "operatingExpenses": "169223000", "investmentIncomeNet": "None", "netInterestIncome": "None", "interestIncome": "None", "interestExpense": "43009000", "nonInterestIncome": "None", "otherNonOperatingIncome": "14168000", "depreciation": "None", "depreciationAndAmortization": "171500000", "incomeBeforeTax": "426272000", "incomeTaxExpense": "131788000", "interestAndDebtExpense": "None", "netIncomeFromContinuingOperations": "294484000", "comprehensiveIncomeNetOfTax": "None", "ebit": "513013000", "ebitda": "684513000", "netIncome": "304413000"}, {"fiscalDateEnding": "2016-06-30", "reportedCurrency": "USD", "grossProfit": "566260000", "totalRevenue": "4245772000", "costOfRevenue": "3679512000", "costofGoodsAndServicesSold": "3679512000", "operatingIncome": "404549000", "sellingGeneralAndAdministrative": "11000", "researchAndDevelopment": "0", "operatingExpenses": "161711000", "investmentIncomeNet": "None", "netInterestIncome": "None", "interestIncome": "None", "interestExpense": "40484000", "nonInterestIncome": "None", "otherNonOperatingIncome": "6819000", "depreciation": "None", "depreciationAndAmortization": "171314000", "incomeBeforeTax": "370884000", "incomeTaxExpense": "112548000", "interestAndDebtExpense": "None", "netIncomeFromContinuingOperations": "258336000", "comprehensiveIncomeNetOfTax": "None", "ebit": "423549000", "ebitda": "594863000", "netIncome": "242768000"}, {"fiscalDateEnding": "2016-03-31", "reportedCurrency": "USD", "grossProfit": "286948000", "totalRevenue": "3715576000", "costOfRevenue": "3428628000", "costofGoodsAndServicesSold": "3428628000", "operatingIncome": "177203000", "sellingGeneralAndAdministrative": "45000", "researchAndDevelopment": "0", "operatingExpenses": "109745000", "investmentIncomeNet": "None", "netInterestIncome": "None", "interestIncome": "None", "interestExpense": "44922000", "nonInterestIncome": "None", "otherNonOperatingIncome": "9245000", "depreciation": "None", "depreciationAndAmortization": "170361000", "incomeBeforeTax": "141526000", "incomeTaxExpense": "37065000", "interestAndDebtExpense": "None", "netIncomeFromContinuingOperations": "104461000", "comprehensiveIncomeNetOfTax": "None", "ebit": "205240000", "ebitda": "375601000", "netIncome": "87196000"}, {"fiscalDateEnding": "2015-12-31", "reportedCurrency": "USD", "grossProfit": "382838000", "totalRevenue": "3456713000", "costOfRevenue": "3073875000", "costofGoodsAndServicesSold": "3073875000", "operatingIncome": "301341000", "sellingGeneralAndAdministrative": "81497000", "researchAndDevelopment": "0", "operatingExpenses": "89197000", "investmentIncomeNet": "None", "netInterestIncome": "None", "interestIncome": "None", "interestExpense": "41587000", "nonInterestIncome": "None", "otherNonOperatingIncome": "4779000", "depreciation": "None", "depreciationAndAmortization": "175105000", "incomeBeforeTax": "19700000", "incomeTaxExpense": "34988000", "interestAndDebtExpense": "None", "netIncomeFromContinuingOperations": "-15288000", "comprehensiveIncomeNetOfTax": "None", "ebit": "-173731000", "ebitda": "1374000", "netIncome": "-62022000"}, {"fiscalDateEnding": "2015-09-30", "reportedCurrency": "USD", "grossProfit": "523836000", "totalRevenue": "4225514000", "costOfRevenue": "3701678000", "costofGoodsAndServicesSold": "3701678000", "operatingIncome": "399497000", "sellingGeneralAndAdministrative": "39000", "researchAndDevelopment": "0", "operatingExpenses": "124339000", "investmentIncomeNet": "None", "netInterestIncome": "None", "interestIncome": "None", "interestExpense": "45341000", "nonInterestIncome": "None", "otherNonOperatingIncome": "115000", "depreciation": "None", "depreciationAndAmortization": "173496000", "incomeBeforeTax": "354271000", "incomeTaxExpense": "86535000", "interestAndDebtExpense": "None", "netIncomeFromContinuingOperations": "267736000", "comprehensiveIncomeNetOfTax": "None", "ebit": "407197000", "ebitda": "580693000", "netIncome": "226389000"}, {"fiscalDateEnding": "2015-06-30", "reportedCurrency": "USD", "grossProfit": "386306000", "totalRevenue": "4357609000", "costOfRevenue": "3971303000", "costofGoodsAndServicesSold": "3971303000", "operatingIncome": "257714000", "sellingGeneralAndAdministrative": "8000", "researchAndDevelopment": "0", "operatingExpenses": "128592000", "investmentIncomeNet": "None", "netInterestIncome": "None", "interestIncome": "None", "interestExpense": "42186000", "nonInterestIncome": "None", "otherNonOperatingIncome": "694000", "depreciation": "None", "depreciationAndAmortization": "174827000", "incomeBeforeTax": "216222000", "incomeTaxExpense": "56878000", "interestAndDebtExpense": "None", "netIncomeFromContinuingOperations": "159344000", "comprehensiveIncomeNetOfTax": "None", "ebit": "257714000", "ebitda": "432541000", "netIncome": "124344000"}, {"fiscalDateEnding": "2015-03-31", "reportedCurrency": "USD", "grossProfit": "288282000", "totalRevenue": "4399440000", "costOfRevenue": "4111158000", "costofGoodsAndServicesSold": "4111158000", "operatingIncome": "163721000", "sellingGeneralAndAdministrative": "39000", "researchAndDevelopment": "0", "operatingExpenses": "124561000", "investmentIncomeNet": "None", "netInterestIncome": "None", "interestIncome": "None", "interestExpense": "44417000", "nonInterestIncome": "None", "otherNonOperatingIncome": "-259000", "depreciation": "None", "depreciationAndAmortization": "176589000", "incomeBeforeTax": "119045000", "incomeTaxExpense": "34753000", "interestAndDebtExpense": "None", "netIncomeFromContinuingOperations": "84292000", "comprehensiveIncomeNetOfTax": "None", "ebit": "163721000", "ebitda": "340310000", "netIncome": "67450000"}, {"fiscalDateEnding": "2014-12-31", "reportedCurrency": "USD", "grossProfit": "513871000", "totalRevenue": "5003753000", "costOfRevenue": "4489882000", "costofGoodsAndServicesSold": "4489882000", "operatingIncome": "386524000", "sellingGeneralAndAdministrative": "127347000", "researchAndDevelopment": "0", "operatingExpenses": "127347000", "investmentIncomeNet": "None", "netInterestIncome": "None", "interestIncome": "None", "interestExpense": "38775000", "nonInterestIncome": "None", "otherNonOperatingIncome": "3477000", "depreciation": "None", "depreciationAndAmortization": "183612000", "incomeBeforeTax": "351226000", "incomeTaxExpense": "106268000", "interestAndDebtExpense": "None", "netIncomeFromContinuingOperations": "244958000", "comprehensiveIncomeNetOfTax": "None", "ebit": "399271000", "ebitda": "582883000", "netIncome": "209765000"}, {"fiscalDateEnding": "2014-09-30", "reportedCurrency": "USD", "grossProfit": "599586000", "totalRevenue": "5701869000", "costOfRevenue": "5102283000", "costofGoodsAndServicesSold": "5102283000", "operatingIncome": "446982000", "sellingGeneralAndAdministrative": "4000", "researchAndDevelopment": "0", "operatingExpenses": "152604000", "investmentIncomeNet": "None", "netInterestIncome": "None", "interestIncome": "None", "interestExpense": "45349000", "nonInterestIncome": "None", "otherNonOperatingIncome": "2352000", "depreciation": "None", "depreciationAndAmortization": "178117000", "incomeBeforeTax": "403985000", "incomeTaxExpense": "129784000", "interestAndDebtExpense": "None", "netIncomeFromContinuingOperations": "274201000", "comprehensiveIncomeNetOfTax": "None", "ebit": "459482000", "ebitda": "637599000", "netIncome": "244666000"}, {"fiscalDateEnding": "2014-06-30", "reportedCurrency": "USD", "grossProfit": "415867000", "totalRevenue": "5291075000", "costOfRevenue": "4875208000", "costofGoodsAndServicesSold": "4875208000", "operatingIncome": "283054000", "sellingGeneralAndAdministrative": "13000", "researchAndDevelopment": "0", "operatingExpenses": "132813000", "investmentIncomeNet": "None", "netInterestIncome": "None", "interestIncome": "None", "interestExpense": "44391000", "nonInterestIncome": "None", "otherNonOperatingIncome": "3202000", "depreciation": "None", "depreciationAndAmortization": "182782000", "incomeBeforeTax": "241865000", "incomeTaxExpense": "74930000", "interestAndDebtExpense": "None", "netIncomeFromContinuingOperations": "166935000", "comprehensiveIncomeNetOfTax": "None", "ebit": "283054000", "ebitda": "465836000", "netIncome": "146554000"}, {"fiscalDateEnding": "2014-03-31", "reportedCurrency": "USD", "grossProfit": "377202000", "totalRevenue": "5108444000", "costOfRevenue": "4731242000", "costofGoodsAndServicesSold": "4731242000", "operatingIncome": "243768000", "sellingGeneralAndAdministrative": "34000", "researchAndDevelopment": "0", "operatingExpenses": "133434000", "investmentIncomeNet": "None", "netInterestIncome": "None", "interestIncome": "None", "interestExpense": "40741000", "nonInterestIncome": "None", "otherNonOperatingIncome": "4474000", "depreciation": "None", "depreciationAndAmortization": "179912000", "incomeBeforeTax": "207501000", "incomeTaxExpense": "77805000", "interestAndDebtExpense": "None", "netIncomeFromContinuingOperations": "129696000", "comprehensiveIncomeNetOfTax": "None", "ebit": "243768000", "ebitda": "423680000", "netIncome": "110640000"}, {"fiscalDateEnding": "2013-12-31", "reportedCurrency": "USD", "grossProfit": "385741000", "totalRevenue": "4894750000", "costOfRevenue": "4509009000", "costofGoodsAndServicesSold": "4509009000", "operatingIncome": "268338000", "sellingGeneralAndAdministrative": "117403000", "researchAndDevelopment": "0", "operatingExpenses": "117403000", "investmentIncomeNet": "None", "netInterestIncome": "None", "interestIncome": "None", "interestExpense": "37709000", "nonInterestIncome": "None", "otherNonOperatingIncome": "6632000", "depreciation": "None", "depreciationAndAmortization": "163662000", "incomeBeforeTax": "237261000", "incomeTaxExpense": "46845000", "interestAndDebtExpense": "None", "netIncomeFromContinuingOperations": "190416000", "comprehensiveIncomeNetOfTax": "None", "ebit": "268338000", "ebitda": "432000000", "netIncome": "169899000"}, {"fiscalDateEnding": "2013-09-30", "reportedCurrency": "USD", "grossProfit": "408543000", "totalRevenue": "4940936000", "costOfRevenue": "4532393000", "costofGoodsAndServicesSold": "4532393000", "operatingIncome": "283417000", "sellingGeneralAndAdministrative": "26000", "researchAndDevelopment": "0", "operatingExpenses": "125126000", "investmentIncomeNet": "None", "netInterestIncome": "None", "interestIncome": "None", "interestExpense": "37467000", "nonInterestIncome": "None", "otherNonOperatingIncome": "2252000", "depreciation": "None", "depreciationAndAmortization": "150581000", "incomeBeforeTax": "248202000", "incomeTaxExpense": "70087000", "interestAndDebtExpense": "None", "netIncomeFromContinuingOperations": "178115000", "comprehensiveIncomeNetOfTax": "None", "ebit": "297417000", "ebitda": "447998000", "netIncome": "147079000"}, {"fiscalDateEnding": "2013-06-30", "reportedCurrency": "USD", "grossProfit": "313125000", "totalRevenue": "4665588000", "costOfRevenue": "4352463000", "costofGoodsAndServicesSold": "4352463000", "operatingIncome": "189975000", "sellingGeneralAndAdministrative": "50000", "researchAndDevelopment": "0", "operatingExpenses": "123150000", "investmentIncomeNet": "None", "netInterestIncome": "None", "interestIncome": "None", "interestExpense": "39228000", "nonInterestIncome": "None", "otherNonOperatingIncome": "1585000", "depreciation": "None", "depreciationAndAmortization": "146492000", "incomeBeforeTax": "152332000", "incomeTaxExpense": "46062000", "interestAndDebtExpense": "None", "netIncomeFromContinuingOperations": "106270000", "comprehensiveIncomeNetOfTax": "None", "ebit": "193008000", "ebitda": "339500000", "netIncome": "84726000"}, {"fiscalDateEnding": "2013-03-31", "reportedCurrency": "USD", "grossProfit": "303216000", "totalRevenue": "4550772000", "costOfRevenue": "4247556000", "costofGoodsAndServicesSold": "4247556000", "operatingIncome": "186991000", "sellingGeneralAndAdministrative": "25000", "researchAndDevelopment": "0", "operatingExpenses": "116225000", "investmentIncomeNet": "None", "netInterestIncome": "None", "interestIncome": "None", "interestExpense": "32491000", "nonInterestIncome": "None", "otherNonOperatingIncome": "-1172000", "depreciation": "None", "depreciationAndAmortization": "149473000", "incomeBeforeTax": "153328000", "incomeTaxExpense": "42600000", "interestAndDebtExpense": "None", "netIncomeFromContinuingOperations": "110728000", "comprehensiveIncomeNetOfTax": "None", "ebit": "187008000", "ebitda": "336481000", "netIncome": "84403000"}, {"fiscalDateEnding": "2012-12-31", "reportedCurrency": "USD", "grossProfit": "384348000", "totalRevenue": "4451274000", "costOfRevenue": "4066926000", "costofGoodsAndServicesSold": "4066926000", "operatingIncome": "272580000", "sellingGeneralAndAdministrative": "120861000", "researchAndDevelopment": "0", "operatingExpenses": "120861000", "investmentIncomeNet": "None", "netInterestIncome": "None", "interestIncome": "None", "interestExpense": "39347000", "nonInterestIncome": "None", "otherNonOperatingIncome": "-4230000", "depreciation": "None", "depreciationAndAmortization": "158813000", "incomeBeforeTax": "219910000", "incomeTaxExpense": "59655000", "interestAndDebtExpense": "None", "netIncomeFromContinuingOperations": "160255000", "comprehensiveIncomeNetOfTax": "None", "ebit": "261159000", "ebitda": "419972000", "netIncome": "136908000"}, {"fiscalDateEnding": "2012-09-30", "reportedCurrency": "USD", "grossProfit": "348733000", "totalRevenue": "4801206000", "costOfRevenue": "4452473000", "costofGoodsAndServicesSold": "4452473000", "operatingIncome": "232080000", "sellingGeneralAndAdministrative": "8000", "researchAndDevelopment": "0", "operatingExpenses": "114392000", "investmentIncomeNet": "None", "netInterestIncome": "None", "interestIncome": "None", "interestExpense": "42954000", "nonInterestIncome": "None", "otherNonOperatingIncome": "-2261000", "depreciation": "None", "depreciationAndAmortization": "154118000", "incomeBeforeTax": "191775000", "incomeTaxExpense": "61883000", "interestAndDebtExpense": "None", "netIncomeFromContinuingOperations": "129892000", "comprehensiveIncomeNetOfTax": "None", "ebit": "234729000", "ebitda": "388847000", "netIncome": "109896000"}, {"fiscalDateEnding": "2012-06-30", "reportedCurrency": "USD", "grossProfit": "399930000", "totalRevenue": "5104199000", "costOfRevenue": "4704269000", "costofGoodsAndServicesSold": "4704269000", "operatingIncome": "287244000", "sellingGeneralAndAdministrative": "112528000", "researchAndDevelopment": "0", "operatingExpenses": "112686000", "investmentIncomeNet": "None", "netInterestIncome": "None", "interestIncome": "None", "interestExpense": "41051000", "nonInterestIncome": "None", "otherNonOperatingIncome": "-158000", "depreciation": "None", "depreciationAndAmortization": "146168000", "incomeBeforeTax": "216193000", "incomeTaxExpense": "76626000", "interestAndDebtExpense": "None", "netIncomeFromContinuingOperations": "139567000", "comprehensiveIncomeNetOfTax": "None", "ebit": "260511000", "ebitda": "406679000", "netIncome": "111877000"}, {"fiscalDateEnding": "2012-03-31", "reportedCurrency": "USD", "grossProfit": "380527000", "totalRevenue": "5072594000", "costOfRevenue": "4692067000", "costofGoodsAndServicesSold": "4692067000", "operatingIncome": "273408000", "sellingGeneralAndAdministrative": "107119000", "researchAndDevelopment": "0", "operatingExpenses": "113793000", "investmentIncomeNet": "None", "netInterestIncome": "None", "interestIncome": "None", "interestExpense": "44982000", "nonInterestIncome": "None", "otherNonOperatingIncome": "-6674000", "depreciation": "None", "depreciationAndAmortization": "147922000", "incomeBeforeTax": "225062000", "incomeTaxExpense": "61650000", "interestAndDebtExpense": "None", "netIncomeFromContinuingOperations": "163412000", "comprehensiveIncomeNetOfTax": "None", "ebit": "270044000", "ebitda": "417966000", "netIncome": "144695000"}, {"fiscalDateEnding": "2011-12-31", "reportedCurrency": "USD", "grossProfit": "368109000", "totalRevenue": "4829677000", "costOfRevenue": "4461568000", "costofGoodsAndServicesSold": "4461568000", "operatingIncome": "274249000", "sellingGeneralAndAdministrative": "108050000", "researchAndDevelopment": "0", "operatingExpenses": "93860000", "investmentIncomeNet": "None", "netInterestIncome": "None", "interestIncome": "None", "interestExpense": "42536000", "nonInterestIncome": "None", "otherNonOperatingIncome": "4147000", "depreciation": "None", "depreciationAndAmortization": "146878000", "incomeBeforeTax": "224055000", "incomeTaxExpense": "65882000", "interestAndDebtExpense": "None", "netIncomeFromContinuingOperations": "158173000", "comprehensiveIncomeNetOfTax": "None", "ebit": "266591000", "ebitda": "413469000", "netIncome": "137056000"}, {"fiscalDateEnding": "2011-09-30", "reportedCurrency": "USD", "grossProfit": "475861000", "totalRevenue": "5252144000", "costOfRevenue": "4776283000", "costofGoodsAndServicesSold": "4776283000", "operatingIncome": "324408000", "sellingGeneralAndAdministrative": "31706000", "researchAndDevelopment": "0", "operatingExpenses": "151453000", "investmentIncomeNet": "None", "netInterestIncome": "None", "interestIncome": "None", "interestExpense": "44484000", "nonInterestIncome": "None", "otherNonOperatingIncome": "-11247000", "depreciation": "None", "depreciationAndAmortization": "152783000", "incomeBeforeTax": "284215000", "incomeTaxExpense": "84104000", "interestAndDebtExpense": "None", "netIncomeFromContinuingOperations": "200111000", "comprehensiveIncomeNetOfTax": "None", "ebit": "328699000", "ebitda": "481482000", "netIncome": "181518000"}, {"fiscalDateEnding": "2011-06-30", "reportedCurrency": "USD", "grossProfit": "666218000", "totalRevenue": "5107809000", "costOfRevenue": "4441591000", "costofGoodsAndServicesSold": "4441591000", "operatingIncome": "520471000", "sellingGeneralAndAdministrative": "16814000", "researchAndDevelopment": "0", "operatingExpenses": "145747000", "investmentIncomeNet": "None", "netInterestIncome": "None", "interestIncome": "None", "interestExpense": "46159000", "nonInterestIncome": "None", "otherNonOperatingIncome": "1267000", "depreciation": "None", "depreciationAndAmortization": "146073000", "incomeBeforeTax": "477287000", "incomeTaxExpense": "155709000", "interestAndDebtExpense": "None", "netIncomeFromContinuingOperations": "321578000", "comprehensiveIncomeNetOfTax": "None", "ebit": "520471000", "ebitda": "666544000", "netIncome": "299773000"}, {"fiscalDateEnding": "2011-03-31", "reportedCurrency": "USD", "grossProfit": "438409000", "totalRevenue": "4833934000", "costOfRevenue": "4395525000", "costofGoodsAndServicesSold": "4395525000", "operatingIncome": "308821000", "sellingGeneralAndAdministrative": "14678000", "researchAndDevelopment": "0", "operatingExpenses": "125378000", "investmentIncomeNet": "None", "netInterestIncome": "None", "interestIncome": "None", "interestExpense": "42566000", "nonInterestIncome": "None", "otherNonOperatingIncome": "-4210000", "depreciation": "None", "depreciationAndAmortization": "144666000", "incomeBeforeTax": "266255000", "incomeTaxExpense": "85133000", "interestAndDebtExpense": "None", "netIncomeFromContinuingOperations": "181122000", "comprehensiveIncomeNetOfTax": "None", "ebit": "311888000", "ebitda": "456554000", "netIncome": "159841000"}, {"fiscalDateEnding": "2010-12-31", "reportedCurrency": "USD", "grossProfit": "132543000", "totalRevenue": "3853750000", "costOfRevenue": "3721207000", "costofGoodsAndServicesSold": "3721207000", "operatingIncome": "255990000", "sellingGeneralAndAdministrative": "102145000", "researchAndDevelopment": "0", "operatingExpenses": "-123447000", "investmentIncomeNet": "None", "netInterestIncome": "None", "interestIncome": "None", "interestExpense": "35370000", "nonInterestIncome": "None", "otherNonOperatingIncome": "-601000", "depreciation": "None", "depreciationAndAmortization": "144117000", "incomeBeforeTax": "-10500000", "incomeTaxExpense": "-19387000", "interestAndDebtExpense": "None", "netIncomeFromContinuingOperations": "8887000", "comprehensiveIncomeNetOfTax": "None", "ebit": "24870000", "ebitda": "168987000", "netIncome": "-11359000"}, {"fiscalDateEnding": "2010-09-30", "reportedCurrency": "USD", "grossProfit": "190290000", "totalRevenue": "4140069000", "costOfRevenue": "3949779000", "costofGoodsAndServicesSold": "3949779000", "operatingIncome": "26052000", "sellingGeneralAndAdministrative": "200330000", "researchAndDevelopment": "0", "operatingExpenses": "94598000", "investmentIncomeNet": "None", "netInterestIncome": "None", "interestIncome": "None", "interestExpense": "37686000", "nonInterestIncome": "None", "otherNonOperatingIncome": "-5732000", "depreciation": "None", "depreciationAndAmortization": "147368000", "incomeBeforeTax": "58006000", "incomeTaxExpense": "7982000", "interestAndDebtExpense": "None", "netIncomeFromContinuingOperations": "50024000", "comprehensiveIncomeNetOfTax": "None", "ebit": "97624000", "ebitda": "244992000", "netIncome": "23495000"}, {"fiscalDateEnding": "2010-06-30", "reportedCurrency": "USD", "grossProfit": "308037000", "totalRevenue": "4195966000", "costOfRevenue": "3887929000", "costofGoodsAndServicesSold": "3887929000", "operatingIncome": "192895000", "sellingGeneralAndAdministrative": "200394000", "researchAndDevelopment": "0", "operatingExpenses": "107770000", "investmentIncomeNet": "None", "netInterestIncome": "None", "interestIncome": "None", "interestExpense": "38770000", "nonInterestIncome": "None", "otherNonOperatingIncome": "-7372000", "depreciation": "None", "depreciationAndAmortization": "145013000", "incomeBeforeTax": "155573000", "incomeTaxExpense": "49355000", "interestAndDebtExpense": "None", "netIncomeFromContinuingOperations": "106218000", "comprehensiveIncomeNetOfTax": "None", "ebit": "194343000", "ebitda": "339356000", "netIncome": "90992000"}, {"fiscalDateEnding": "2010-03-31", "reportedCurrency": "USD", "grossProfit": "212795000", "totalRevenue": "3654842000", "costOfRevenue": "3442047000", "costofGoodsAndServicesSold": "3442047000", "operatingIncome": "120201000", "sellingGeneralAndAdministrative": "6000", "researchAndDevelopment": "0", "operatingExpenses": "92594000", "investmentIncomeNet": "None", "netInterestIncome": "None", "interestIncome": "None", "interestExpense": "37788000", "nonInterestIncome": "None", "otherNonOperatingIncome": "-18377000", "depreciation": "None", "depreciationAndAmortization": "146104000", "incomeBeforeTax": "64036000", "incomeTaxExpense": "22842000", "interestAndDebtExpense": "None", "netIncomeFromContinuingOperations": "41194000", "comprehensiveIncomeNetOfTax": "None", "ebit": "101824000", "ebitda": "247928000", "netIncome": "30964000"}, {"fiscalDateEnding": "2009-12-31", "reportedCurrency": "USD", "grossProfit": "221120000", "totalRevenue": "2937944000", "costOfRevenue": "2716824000", "costofGoodsAndServicesSold": "2716824000", "operatingIncome": "128515000", "sellingGeneralAndAdministrative": "10264000", "researchAndDevelopment": "0", "operatingExpenses": "92605000", "investmentIncomeNet": "None", "netInterestIncome": "None", "interestIncome": "None", "interestExpense": "37595000", "nonInterestIncome": "None", "otherNonOperatingIncome": "None", "depreciation": "None", "depreciationAndAmortization": "144319000", "incomeBeforeTax": "90010000", "incomeTaxExpense": "3583000", "interestAndDebtExpense": "None", "netIncomeFromContinuingOperations": "0", "comprehensiveIncomeNetOfTax": "None", "ebit": "127605000", "ebitda": "271924000", "netIncome": "58907000"}, {"fiscalDateEnding": "2009-09-30", "reportedCurrency": "USD", "grossProfit": "119154000", "totalRevenue": "3120005000", "costOfRevenue": "3000851000", "costofGoodsAndServicesSold": "3000851000", "operatingIncome": "13241000", "sellingGeneralAndAdministrative": "9613000", "researchAndDevelopment": "0", "operatingExpenses": "105913000", "investmentIncomeNet": "None", "netInterestIncome": "None", "interestIncome": "None", "interestExpense": "34725000", "nonInterestIncome": "None", "otherNonOperatingIncome": "None", "depreciation": "None", "depreciationAndAmortization": "143628000", "incomeBeforeTax": "-21484000", "incomeTaxExpense": "-16173000", "interestAndDebtExpense": "None", "netIncomeFromContinuingOperations": "-5311000", "comprehensiveIncomeNetOfTax": "None", "ebit": "15684000", "ebitda": "159312000", "netIncome": "-29538000"}, {"fiscalDateEnding": "2009-06-30", "reportedCurrency": "USD", "grossProfit": "-61876000", "totalRevenue": "2478028000", "costOfRevenue": "2539904000", "costofGoodsAndServicesSold": "2539904000", "operatingIncome": "-168801000", "sellingGeneralAndAdministrative": "21825000", "researchAndDevelopment": "0", "operatingExpenses": "106925000", "investmentIncomeNet": "None", "netInterestIncome": "None", "interestIncome": "None", "interestExpense": "31957000", "nonInterestIncome": "None", "otherNonOperatingIncome": "None", "depreciation": "None", "depreciationAndAmortization": "140635000", "incomeBeforeTax": "-200758000", "incomeTaxExpense": "-72989000", "interestAndDebtExpense": "None", "netIncomeFromContinuingOperations": "-127769000", "comprehensiveIncomeNetOfTax": "None", "ebit": "-165281000", "ebitda": "-24646000", "netIncome": "-127769000"}, {"fiscalDateEnding": "2009-03-31", "reportedCurrency": "USD", "grossProfit": "-124005000", "totalRevenue": "2654319000", "costOfRevenue": "2778324000", "costofGoodsAndServicesSold": "2778324000", "operatingIncome": "-249381000", "sellingGeneralAndAdministrative": "37976000", "researchAndDevelopment": "0", "operatingExpenses": "125376000", "investmentIncomeNet": "None", "netInterestIncome": "None", "interestIncome": "None", "interestExpense": "39682000", "nonInterestIncome": "None", "otherNonOperatingIncome": "None", "depreciation": "None", "depreciationAndAmortization": "137841000", "incomeBeforeTax": "-281746000", "incomeTaxExpense": "-91221000", "interestAndDebtExpense": "None", "netIncomeFromContinuingOperations": "0", "comprehensiveIncomeNetOfTax": "None", "ebit": "-242064000", "ebitda": "-104223000", "netIncome": "-189645000"}, {"fiscalDateEnding": "2008-12-31", "reportedCurrency": "USD", "grossProfit": "480307000", "totalRevenue": "4150936000", "costOfRevenue": "3670629000", "costofGoodsAndServicesSold": "3670629000", "operatingIncome": "334964000", "sellingGeneralAndAdministrative": "59000", "researchAndDevelopment": "0", "operatingExpenses": "145343000", "investmentIncomeNet": "None", "netInterestIncome": "None", "interestIncome": "None", "interestExpense": "45079000", "nonInterestIncome": "None", "otherNonOperatingIncome": "None", "depreciation": "None", "depreciationAndAmortization": "143560000", "incomeBeforeTax": "149406000", "incomeTaxExpense": "43514000", "interestAndDebtExpense": "None", "netIncomeFromContinuingOperations": "0", "comprehensiveIncomeNetOfTax": "None", "ebit": "-40069000", "ebitda": "103491000", "netIncome": "105892000"}, {"fiscalDateEnding": "2008-09-30", "reportedCurrency": "USD", "grossProfit": "1457113000", "totalRevenue": "7447520000", "costOfRevenue": "5990407000", "costofGoodsAndServicesSold": "5990407000", "operatingIncome": "1241358000", "sellingGeneralAndAdministrative": "389841000", "researchAndDevelopment": "0", "operatingExpenses": "215755000", "investmentIncomeNet": "None", "netInterestIncome": "None", "interestIncome": "None", "interestExpense": "36996000", "nonInterestIncome": "None", "otherNonOperatingIncome": "None", "depreciation": "None", "depreciationAndAmortization": "142049000", "incomeBeforeTax": "1142115000", "incomeTaxExpense": "407525000", "interestAndDebtExpense": "None", "netIncomeFromContinuingOperations": "0", "comprehensiveIncomeNetOfTax": "None", "ebit": "1255324000", "ebitda": "1397373000", "netIncome": "734590000"}, {"fiscalDateEnding": "2008-06-30", "reportedCurrency": "USD", "grossProfit": "1210944000", "totalRevenue": "7090599000", "costOfRevenue": "5879655000", "costofGoodsAndServicesSold": "5879655000", "operatingIncome": "990772000", "sellingGeneralAndAdministrative": "389914000", "researchAndDevelopment": "0", "operatingExpenses": "220172000", "investmentIncomeNet": "None", "netInterestIncome": "None", "interestIncome": "None", "interestExpense": "26734000", "nonInterestIncome": "None", "otherNonOperatingIncome": "None", "depreciation": "None", "depreciationAndAmortization": "140225000", "incomeBeforeTax": "876102000", "incomeTaxExpense": "295348000", "interestAndDebtExpense": "None", "netIncomeFromContinuingOperations": "0", "comprehensiveIncomeNetOfTax": "None", "ebit": "998326000", "ebitda": "1138551000", "netIncome": "580754000"}, {"fiscalDateEnding": "2008-03-31", "reportedCurrency": "USD", "grossProfit": "902677000", "totalRevenue": "4974269000", "costOfRevenue": "4071592000", "costofGoodsAndServicesSold": "4071592000", "operatingIncome": "732963000", "sellingGeneralAndAdministrative": "14000", "researchAndDevelopment": "0", "operatingExpenses": "169714000", "investmentIncomeNet": "None", "netInterestIncome": "None", "interestIncome": "None", "interestExpense": "18345000", "nonInterestIncome": "None", "otherNonOperatingIncome": "None", "depreciation": "None", "depreciationAndAmortization": "123073000", "incomeBeforeTax": "622847000", "incomeTaxExpense": "213093000", "interestAndDebtExpense": "None", "netIncomeFromContinuingOperations": "0", "comprehensiveIncomeNetOfTax": "None", "ebit": "744402000", "ebitda": "867475000", "netIncome": "409754000"}, {"fiscalDateEnding": "2007-12-31", "reportedCurrency": "USD", "grossProfit": "778596000", "totalRevenue": "4396760000", "costOfRevenue": "3618164000", "costofGoodsAndServicesSold": "3618164000", "operatingIncome": "631437000", "sellingGeneralAndAdministrative": "30000", "researchAndDevelopment": "0", "operatingExpenses": "147159000", "investmentIncomeNet": "None", "netInterestIncome": "None", "interestIncome": "None", "interestExpense": "14411000", "nonInterestIncome": "None", "otherNonOperatingIncome": "None", "depreciation": "None", "depreciationAndAmortization": "113839000", "incomeBeforeTax": "546513000", "incomeTaxExpense": "181667000", "interestAndDebtExpense": "None", "netIncomeFromContinuingOperations": "0", "comprehensiveIncomeNetOfTax": "None", "ebit": "631437000", "ebitda": "745276000", "netIncome": "364846000"}, {"fiscalDateEnding": "2007-09-30", "reportedCurrency": "USD", "grossProfit": "809961000", "totalRevenue": "4259221000", "costOfRevenue": "3449260000", "costofGoodsAndServicesSold": "3449260000", "operatingIncome": "664491000", "sellingGeneralAndAdministrative": "30000", "researchAndDevelopment": "0", "operatingExpenses": "145470000", "investmentIncomeNet": "None", "netInterestIncome": "None", "interestIncome": "None", "interestExpense": "3576000", "nonInterestIncome": "None", "otherNonOperatingIncome": "None", "depreciation": "None", "depreciationAndAmortization": "117568000", "incomeBeforeTax": "584421000", "incomeTaxExpense": "203199000", "interestAndDebtExpense": "None", "netIncomeFromContinuingOperations": "0", "comprehensiveIncomeNetOfTax": "None", "ebit": "664491000", "ebitda": "782059000", "netIncome": "381222000"}, {"fiscalDateEnding": "2007-06-30", "reportedCurrency": "USD", "grossProfit": "764205000", "totalRevenue": "4168110000", "costOfRevenue": "3403905000", "costofGoodsAndServicesSold": "3403905000", "operatingIncome": "615280000", "sellingGeneralAndAdministrative": "148925000", "researchAndDevelopment": "0", "operatingExpenses": "148925000", "investmentIncomeNet": "None", "netInterestIncome": "None", "interestIncome": "None", "interestExpense": "4979000", "nonInterestIncome": "None", "otherNonOperatingIncome": "None", "depreciation": "None", "depreciationAndAmortization": "97747000", "incomeBeforeTax": "532714000", "incomeTaxExpense": "187864000", "interestAndDebtExpense": "None", "netIncomeFromContinuingOperations": "0", "comprehensiveIncomeNetOfTax": "None", "ebit": "615280000", "ebitda": "713027000", "netIncome": "344850000"}, {"fiscalDateEnding": "2007-03-31", "reportedCurrency": "USD", "grossProfit": "777287000", "totalRevenue": "3768885000", "costOfRevenue": "2991598000", "costofGoodsAndServicesSold": "2991598000", "operatingIncome": "641077000", "sellingGeneralAndAdministrative": "136210000", "researchAndDevelopment": "0", "operatingExpenses": "136210000", "investmentIncomeNet": "None", "netInterestIncome": "None", "interestIncome": "None", "interestExpense": "10542000", "nonInterestIncome": "None", "otherNonOperatingIncome": "None", "depreciation": "None", "depreciationAndAmortization": "98402000", "incomeBeforeTax": "589667000", "incomeTaxExpense": "208638000", "interestAndDebtExpense": "None", "netIncomeFromContinuingOperations": "0", "comprehensiveIncomeNetOfTax": "None", "ebit": "641077000", "ebitda": "739479000", "netIncome": "381029000"}, {"fiscalDateEnding": "2006-12-31", "reportedCurrency": "USD", "grossProfit": "817065000", "totalRevenue": "3468590000", "costOfRevenue": "2651525000", "costofGoodsAndServicesSold": "2651525000", "operatingIncome": "674858000", "sellingGeneralAndAdministrative": "2000", "researchAndDevelopment": "0", "operatingExpenses": "142207000", "investmentIncomeNet": "None", "netInterestIncome": "None", "interestIncome": "None", "interestExpense": "10255000", "nonInterestIncome": "None", "otherNonOperatingIncome": "None", "depreciation": "None", "depreciationAndAmortization": "90258000", "incomeBeforeTax": "615285000", "incomeTaxExpense": "207126000", "interestAndDebtExpense": "None", "netIncomeFromContinuingOperations": "0", "comprehensiveIncomeNetOfTax": "None", "ebit": "674858000", "ebitda": "765116000", "netIncome": "408159000"}, {"fiscalDateEnding": "2006-09-30", "reportedCurrency": "USD", "grossProfit": "1004652000", "totalRevenue": "3931233000", "costOfRevenue": "2926581000", "costofGoodsAndServicesSold": "2926581000", "operatingIncome": "844188000", "sellingGeneralAndAdministrative": "160464000", "researchAndDevelopment": "0", "operatingExpenses": "160464000", "investmentIncomeNet": "None", "netInterestIncome": "None", "interestIncome": "None", "interestExpense": "10433000", "nonInterestIncome": "None", "otherNonOperatingIncome": "None", "depreciation": "None", "depreciationAndAmortization": "91190000", "incomeBeforeTax": "795517000", "incomeTaxExpense": "277939000", "interestAndDebtExpense": "None", "netIncomeFromContinuingOperations": "0", "comprehensiveIncomeNetOfTax": "None", "ebit": "844188000", "ebitda": "935378000", "netIncome": "521636000"}, {"fiscalDateEnding": "2006-06-30", "reportedCurrency": "USD", "grossProfit": "880375000", "totalRevenue": "3806350000", "costOfRevenue": "2925975000", "costofGoodsAndServicesSold": "2925975000", "operatingIncome": "733773000", "sellingGeneralAndAdministrative": "10898000", "researchAndDevelopment": "0", "operatingExpenses": "146602000", "investmentIncomeNet": "None", "netInterestIncome": "None", "interestIncome": "None", "interestExpense": "9588000", "nonInterestIncome": "None", "otherNonOperatingIncome": "None", "depreciation": "None", "depreciationAndAmortization": "91663000", "incomeBeforeTax": "694755000", "incomeTaxExpense": "241972000", "interestAndDebtExpense": "None", "netIncomeFromContinuingOperations": "0", "comprehensiveIncomeNetOfTax": "None", "ebit": "733773000", "ebitda": "825436000", "netIncome": "450011000"}, {"fiscalDateEnding": "2006-03-31", "reportedCurrency": "USD", "grossProfit": "776955000", "totalRevenue": "3545097000", "costOfRevenue": "2768142000", "costofGoodsAndServicesSold": "2768142000", "operatingIncome": "622855000", "sellingGeneralAndAdministrative": "10900000", "researchAndDevelopment": "0", "operatingExpenses": "154100000", "investmentIncomeNet": "None", "netInterestIncome": "None", "interestIncome": "None", "interestExpense": "5732000", "nonInterestIncome": "None", "otherNonOperatingIncome": "None", "depreciation": "None", "depreciationAndAmortization": "90825000", "incomeBeforeTax": "588261000", "incomeTaxExpense": "209100000", "interestAndDebtExpense": "None", "netIncomeFromContinuingOperations": "0", "comprehensiveIncomeNetOfTax": "None", "ebit": "622855000", "ebitda": "713680000", "netIncome": "380031000"}, {"fiscalDateEnding": "2005-12-31", "reportedCurrency": "USD", "grossProfit": "698064000", "totalRevenue": "3207464000", "costOfRevenue": "2509400000", "costofGoodsAndServicesSold": "2509400000", "operatingIncome": "550682000", "sellingGeneralAndAdministrative": "147382000", "researchAndDevelopment": "0", "operatingExpenses": "147382000", "investmentIncomeNet": "None", "netInterestIncome": "None", "interestIncome": "None", "interestExpense": "9538000", "nonInterestIncome": "None", "otherNonOperatingIncome": "None", "depreciation": "None", "depreciationAndAmortization": "93555000", "incomeBeforeTax": "519798000", "incomeTaxExpense": "178764000", "interestAndDebtExpense": "None", "netIncomeFromContinuingOperations": "0", "comprehensiveIncomeNetOfTax": "None", "ebit": "550682000", "ebitda": "644237000", "netIncome": "341034000"}, {"fiscalDateEnding": "2005-09-30", "reportedCurrency": "USD", "grossProfit": "590635000", "totalRevenue": "3025911000", "costOfRevenue": "2435276000", "costofGoodsAndServicesSold": "2435276000", "operatingIncome": "472505000", "sellingGeneralAndAdministrative": "10430000", "researchAndDevelopment": "0", "operatingExpenses": "118130000", "investmentIncomeNet": "None", "netInterestIncome": "None", "interestIncome": "None", "interestExpense": "922000", "nonInterestIncome": "None", "otherNonOperatingIncome": "None", "depreciation": "None", "depreciationAndAmortization": "96228000", "incomeBeforeTax": "446668000", "incomeTaxExpense": "154791000", "interestAndDebtExpense": "None", "netIncomeFromContinuingOperations": "0", "comprehensiveIncomeNetOfTax": "None", "ebit": "472505000", "ebitda": "568733000", "netIncome": "291877000"}, {"fiscalDateEnding": "2005-06-30", "reportedCurrency": "USD", "grossProfit": "624911000", "totalRevenue": "3145003000", "costOfRevenue": "2520092000", "costofGoodsAndServicesSold": "2520092000", "operatingIncome": "522292000", "sellingGeneralAndAdministrative": "4819000", "researchAndDevelopment": "0", "operatingExpenses": "102619000", "investmentIncomeNet": "None", "netInterestIncome": "None", "interestIncome": "None", "interestExpense": "2341000", "nonInterestIncome": "None", "otherNonOperatingIncome": "None", "depreciation": "None", "depreciationAndAmortization": "93981000", "incomeBeforeTax": "499436000", "incomeTaxExpense": "176729000", "interestAndDebtExpense": "None", "netIncomeFromContinuingOperations": "0", "comprehensiveIncomeNetOfTax": "None", "ebit": "522292000", "ebitda": "616273000", "netIncome": "322707000"}, {"fiscalDateEnding": "2005-03-31", "reportedCurrency": "USD", "grossProfit": "701993000", "totalRevenue": "3322621000", "costOfRevenue": "2620628000", "costofGoodsAndServicesSold": "2620628000", "operatingIncome": "576564000", "sellingGeneralAndAdministrative": "7829000", "researchAndDevelopment": "0", "operatingExpenses": "125429000", "investmentIncomeNet": "None", "netInterestIncome": "None", "interestIncome": "None", "interestExpense": "4133000", "nonInterestIncome": "None", "otherNonOperatingIncome": "None", "depreciation": "None", "depreciationAndAmortization": "91290000", "incomeBeforeTax": "550466000", "incomeTaxExpense": "195800000", "interestAndDebtExpense": "None", "netIncomeFromContinuingOperations": "0", "comprehensiveIncomeNetOfTax": "None", "ebit": "576564000", "ebitda": "667854000", "netIncome": "354666000"}, {"fiscalDateEnding": "2004-12-31", "reportedCurrency": "USD", "grossProfit": "643929000", "totalRevenue": "3088998000", "costOfRevenue": "2445069000", "costofGoodsAndServicesSold": "2445069000", "operatingIncome": "547877000", "sellingGeneralAndAdministrative": "96052000", "researchAndDevelopment": "0", "operatingExpenses": "96052000", "investmentIncomeNet": "None", "netInterestIncome": "None", "interestIncome": "None", "interestExpense": "4521000", "nonInterestIncome": "None", "otherNonOperatingIncome": "None", "depreciation": "None", "depreciationAndAmortization": "91500000", "incomeBeforeTax": "522809000", "incomeTaxExpense": "181391000", "interestAndDebtExpense": "None", "netIncomeFromContinuingOperations": "0", "comprehensiveIncomeNetOfTax": "None", "ebit": "547877000", "ebitda": "639377000", "netIncome": "341418000"}]}