{"symbol": "CF", "annualReports": [{"fiscalDateEnding": "2024-12-31", "reportedCurrency": "USD", "grossProfit": "2056000000", "totalRevenue": "5936000000", "costOfRevenue": "3880000000", "costofGoodsAndServicesSold": "3880000000", "operatingIncome": "1746000000", "sellingGeneralAndAdministrative": "320000000", "researchAndDevelopment": "None", "operatingExpenses": "310000000", "investmentIncomeNet": "None", "netInterestIncome": "2000000", "interestIncome": "150000000", "interestExpense": "139000000", "nonInterestIncome": "None", "otherNonOperatingIncome": "None", "depreciation": "None", "depreciationAndAmortization": "925000000", "incomeBeforeTax": "1762000000", "incomeTaxExpense": "285000000", "interestAndDebtExpense": "None", "netIncomeFromContinuingOperations": "1477000000", "comprehensiveIncomeNetOfTax": "None", "ebit": "1901000000", "ebitda": "2826000000", "netIncome": "1218000000"}, {"fiscalDateEnding": "2023-12-31", "reportedCurrency": "USD", "grossProfit": "2545000000", "totalRevenue": "6631000000", "costOfRevenue": "4086000000", "costofGoodsAndServicesSold": "4086000000", "operatingIncome": "2230000000", "sellingGeneralAndAdministrative": "289000000", "researchAndDevelopment": "None", "operatingExpenses": "315000000", "investmentIncomeNet": "None", "netInterestIncome": "34000000", "interestIncome": "124000000", "interestExpense": "150000000", "nonInterestIncome": "None", "otherNonOperatingIncome": "None", "depreciation": "None", "depreciationAndAmortization": "869000000", "incomeBeforeTax": "2248000000", "incomeTaxExpense": "410000000", "interestAndDebtExpense": "None", "netIncomeFromContinuingOperations": "2495000000", "comprehensiveIncomeNetOfTax": "None", "ebit": "2398000000", "ebitda": "3267000000", "netIncome": "1525000000"}, {"fiscalDateEnding": "2022-12-31", "reportedCurrency": "USD", "grossProfit": "5861000000", "totalRevenue": "11186000000", "costOfRevenue": "5325000000", "costofGoodsAndServicesSold": "5325000000", "operatingIncome": "5397000000", "sellingGeneralAndAdministrative": "290000000", "researchAndDevelopment": "None", "operatingExpenses": "300000000", "investmentIncomeNet": "None", "netInterestIncome": "-279000000", "interestIncome": "65000000", "interestExpense": "344000000", "nonInterestIncome": "None", "otherNonOperatingIncome": "42000000", "depreciation": "None", "depreciationAndAmortization": "841000000", "incomeBeforeTax": "5095000000", "incomeTaxExpense": "1158000000", "interestAndDebtExpense": "None", "netIncomeFromContinuingOperations": "3937000000", "comprehensiveIncomeNetOfTax": "None", "ebit": "5439000000", "ebitda": "6280000000", "netIncome": "3346000000"}, {"fiscalDateEnding": "2021-12-31", "reportedCurrency": "USD", "grossProfit": "2387000000", "totalRevenue": "6538000000", "costOfRevenue": "4151000000", "costofGoodsAndServicesSold": "4151000000", "operatingIncome": "1729000000", "sellingGeneralAndAdministrative": "223000000", "researchAndDevelopment": "None", "operatingExpenses": "184000000", "investmentIncomeNet": "None", "netInterestIncome": "-183000000", "interestIncome": "183000000", "interestExpense": "184000000", "nonInterestIncome": "None", "otherNonOperatingIncome": "-2000000", "depreciation": "None", "depreciationAndAmortization": "879000000", "incomeBeforeTax": "1543000000", "incomeTaxExpense": "283000000", "interestAndDebtExpense": "None", "netIncomeFromContinuingOperations": "1260000000", "comprehensiveIncomeNetOfTax": "None", "ebit": "2189000000", "ebitda": "3068000000", "netIncome": "1260000000"}, {"fiscalDateEnding": "2020-12-31", "reportedCurrency": "USD", "grossProfit": "801000000", "totalRevenue": "4124000000", "costOfRevenue": "3323000000", "costofGoodsAndServicesSold": "3323000000", "operatingIncome": "623000000", "sellingGeneralAndAdministrative": "206000000", "researchAndDevelopment": "None", "operatingExpenses": "189000000", "investmentIncomeNet": "None", "netInterestIncome": "-161000000", "interestIncome": "161000000", "interestExpense": "179000000", "nonInterestIncome": "None", "otherNonOperatingIncome": "19000000", "depreciation": "None", "depreciationAndAmortization": "884000000", "incomeBeforeTax": "463000000", "incomeTaxExpense": "31000000", "interestAndDebtExpense": "None", "netIncomeFromContinuingOperations": "432000000", "comprehensiveIncomeNetOfTax": "None", "ebit": "642000000", "ebitda": "1526000000", "netIncome": "432000000"}, {"fiscalDateEnding": "2019-12-31", "reportedCurrency": "USD", "grossProfit": "1174000000", "totalRevenue": "4590000000", "costOfRevenue": "3416000000", "costofGoodsAndServicesSold": "3416000000", "operatingIncome": "1003000000", "sellingGeneralAndAdministrative": "239000000", "researchAndDevelopment": "None", "operatingExpenses": "166000000", "investmentIncomeNet": "None", "netInterestIncome": "-217000000", "interestIncome": "20000000", "interestExpense": "237000000", "nonInterestIncome": "None", "otherNonOperatingIncome": "20000000", "depreciation": "None", "depreciationAndAmortization": "863000000", "incomeBeforeTax": "772000000", "incomeTaxExpense": "126000000", "interestAndDebtExpense": "None", "netIncomeFromContinuingOperations": "646000000", "comprehensiveIncomeNetOfTax": "None", "ebit": "1009000000", "ebitda": "1872000000", "netIncome": "493000000"}, {"fiscalDateEnding": "2018-12-31", "reportedCurrency": "USD", "grossProfit": "917000000", "totalRevenue": "4429000000", "costOfRevenue": "3512000000", "costofGoodsAndServicesSold": "3512000000", "operatingIncome": "766000000", "sellingGeneralAndAdministrative": "214000000", "researchAndDevelopment": "0", "operatingExpenses": "187000000", "investmentIncomeNet": "None", "netInterestIncome": "-228000000", "interestIncome": "13000000", "interestExpense": "241000000", "nonInterestIncome": "None", "otherNonOperatingIncome": "13000000", "depreciation": "None", "depreciationAndAmortization": "872000000", "incomeBeforeTax": "547000000", "incomeTaxExpense": "119000000", "interestAndDebtExpense": "None", "netIncomeFromContinuingOperations": "428000000", "comprehensiveIncomeNetOfTax": "None", "ebit": "788000000", "ebitda": "1660000000", "netIncome": "290000000"}, {"fiscalDateEnding": "2017-12-31", "reportedCurrency": "USD", "grossProfit": "430000000", "totalRevenue": "4130000000", "costOfRevenue": "3700000000", "costofGoodsAndServicesSold": "3700000000", "operatingIncome": "229000000", "sellingGeneralAndAdministrative": "192000000", "researchAndDevelopment": "0", "operatingExpenses": "210000000", "investmentIncomeNet": "None", "netInterestIncome": "-303000000", "interestIncome": "12000000", "interestExpense": "315000000", "nonInterestIncome": "None", "otherNonOperatingIncome": "12000000", "depreciation": "None", "depreciationAndAmortization": "857000000", "incomeBeforeTax": "-125000000", "incomeTaxExpense": "-575000000", "interestAndDebtExpense": "None", "netIncomeFromContinuingOperations": "450000000", "comprehensiveIncomeNetOfTax": "None", "ebit": "190000000", "ebitda": "1047000000", "netIncome": "358000000"}, {"fiscalDateEnding": "2016-12-31", "reportedCurrency": "USD", "grossProfit": "840000000", "totalRevenue": "3685000000", "costOfRevenue": "2845000000", "costofGoodsAndServicesSold": "2845000000", "operatingIncome": "134000000", "sellingGeneralAndAdministrative": "174000000", "researchAndDevelopment": "0", "operatingExpenses": "382000000", "investmentIncomeNet": "None", "netInterestIncome": "-195000000", "interestIncome": "5000000", "interestExpense": "200000000", "nonInterestIncome": "None", "otherNonOperatingIncome": "5000000", "depreciation": "None", "depreciationAndAmortization": "614000000", "incomeBeforeTax": "-226000000", "incomeTaxExpense": "-68000000", "interestAndDebtExpense": "None", "netIncomeFromContinuingOperations": "-158000000", "comprehensiveIncomeNetOfTax": "None", "ebit": "-26000000", "ebitda": "588000000", "netIncome": "-277000000"}, {"fiscalDateEnding": "2015-12-31", "reportedCurrency": "USD", "grossProfit": "1547100000", "totalRevenue": "4308300000", "costOfRevenue": "2761200000", "costofGoodsAndServicesSold": "2761200000", "operatingIncome": "1193100000", "sellingGeneralAndAdministrative": "169800000", "researchAndDevelopment": "0", "operatingExpenses": "262100000", "investmentIncomeNet": "None", "netInterestIncome": "None", "interestIncome": "109200000", "interestExpense": "133200000", "nonInterestIncome": "None", "otherNonOperatingIncome": "72300000", "depreciation": "None", "depreciationAndAmortization": "479600000", "incomeBeforeTax": "1057600000", "incomeTaxExpense": "395800000", "interestAndDebtExpense": "None", "netIncomeFromContinuingOperations": "661800000", "comprehensiveIncomeNetOfTax": "None", "ebit": "1320400000", "ebitda": "1800000000", "netIncome": "699900000"}, {"fiscalDateEnding": "2014-12-31", "reportedCurrency": "USD", "grossProfit": "1778500000", "totalRevenue": "4743200000", "costOfRevenue": "2964700000", "costofGoodsAndServicesSold": "2964700000", "operatingIncome": "2366500000", "sellingGeneralAndAdministrative": "151900000", "researchAndDevelopment": "0", "operatingExpenses": "182600000", "investmentIncomeNet": "None", "netInterestIncome": "None", "interestIncome": "None", "interestExpense": "167600000", "nonInterestIncome": "None", "otherNonOperatingIncome": "22500000", "depreciation": "None", "depreciationAndAmortization": "392500000", "incomeBeforeTax": "2187300000", "incomeTaxExpense": "773000000", "interestAndDebtExpense": "None", "netIncomeFromContinuingOperations": "1414300000", "comprehensiveIncomeNetOfTax": "None", "ebit": "2365500000", "ebitda": "2758000000", "netIncome": "1390300000"}, {"fiscalDateEnding": "2013-12-31", "reportedCurrency": "USD", "grossProfit": "2520200000", "totalRevenue": "5474700000", "costOfRevenue": "2954500000", "costofGoodsAndServicesSold": "2954500000", "operatingIncome": "2411700000", "sellingGeneralAndAdministrative": "166000000", "researchAndDevelopment": "0", "operatingExpenses": "150200000", "investmentIncomeNet": "None", "netInterestIncome": "None", "interestIncome": "None", "interestExpense": "152200000", "nonInterestIncome": "None", "otherNonOperatingIncome": "9600000", "depreciation": "None", "depreciationAndAmortization": "410600000", "incomeBeforeTax": "2209700000", "incomeTaxExpense": "686500000", "interestAndDebtExpense": "None", "netIncomeFromContinuingOperations": "1523200000", "comprehensiveIncomeNetOfTax": "None", "ebit": "2345300000", "ebitda": "2755900000", "netIncome": "1464600000"}, {"fiscalDateEnding": "2012-12-31", "reportedCurrency": "USD", "grossProfit": "3113300000", "totalRevenue": "6104000000", "costOfRevenue": "2990700000", "costofGoodsAndServicesSold": "2990700000", "operatingIncome": "2959400000", "sellingGeneralAndAdministrative": "151800000", "researchAndDevelopment": "21900000", "operatingExpenses": "200900000", "investmentIncomeNet": "None", "netInterestIncome": "None", "interestIncome": "None", "interestExpense": "135300000", "nonInterestIncome": "None", "otherNonOperatingIncome": "63500000", "depreciation": "None", "depreciationAndAmortization": "419800000", "incomeBeforeTax": "2829500000", "incomeTaxExpense": "964200000", "interestAndDebtExpense": "None", "netIncomeFromContinuingOperations": "1865300000", "comprehensiveIncomeNetOfTax": "None", "ebit": "2964800000", "ebitda": "3384600000", "netIncome": "1848700000"}, {"fiscalDateEnding": "2011-12-31", "reportedCurrency": "USD", "grossProfit": "2895600000", "totalRevenue": "6097900000", "costOfRevenue": "3202300000", "costofGoodsAndServicesSold": "3202300000", "operatingIncome": "2790500000", "sellingGeneralAndAdministrative": "130000000", "researchAndDevelopment": "0", "operatingExpenses": "150900000", "investmentIncomeNet": "None", "netInterestIncome": "None", "interestIncome": "None", "interestExpense": "147200000", "nonInterestIncome": "None", "otherNonOperatingIncome": "44200000", "depreciation": "None", "depreciationAndAmortization": "416200000", "incomeBeforeTax": "2645600000", "incomeTaxExpense": "-926500000", "interestAndDebtExpense": "None", "netIncomeFromContinuingOperations": "1719100000", "comprehensiveIncomeNetOfTax": "None", "ebit": "2792800000", "ebitda": "3209000000", "netIncome": "1539200000"}, {"fiscalDateEnding": "2010-12-31", "reportedCurrency": "USD", "grossProfit": "1179500000", "totalRevenue": "3965000000", "costOfRevenue": "2785500000", "costofGoodsAndServicesSold": "2785500000", "operatingIncome": "895700000", "sellingGeneralAndAdministrative": "106100000", "researchAndDevelopment": "0", "operatingExpenses": "262200000", "investmentIncomeNet": "None", "netInterestIncome": "None", "interestIncome": "None", "interestExpense": "221300000", "nonInterestIncome": "None", "otherNonOperatingIncome": "40000000", "depreciation": "None", "depreciationAndAmortization": "394800000", "incomeBeforeTax": "687700000", "incomeTaxExpense": "273700000", "interestAndDebtExpense": "None", "netIncomeFromContinuingOperations": "414000000", "comprehensiveIncomeNetOfTax": "None", "ebit": "909000000", "ebitda": "1303800000", "netIncome": "349200000"}, {"fiscalDateEnding": "2009-12-31", "reportedCurrency": "USD", "grossProfit": "839400000", "totalRevenue": "2608400000", "costOfRevenue": "1769000000", "costofGoodsAndServicesSold": "1769000000", "operatingIncome": "679800000", "sellingGeneralAndAdministrative": "62900000", "researchAndDevelopment": "0", "operatingExpenses": "159600000", "investmentIncomeNet": "None", "netInterestIncome": "None", "interestIncome": "None", "interestExpense": "1500000", "nonInterestIncome": "None", "otherNonOperatingIncome": "16200000", "depreciation": "None", "depreciationAndAmortization": "101000000", "incomeBeforeTax": "695600000", "incomeTaxExpense": "246000000", "interestAndDebtExpense": "None", "netIncomeFromContinuingOperations": "449600000", "comprehensiveIncomeNetOfTax": "None", "ebit": "697100000", "ebitda": "798100000", "netIncome": "365600000"}, {"fiscalDateEnding": "2008-12-31", "reportedCurrency": "USD", "grossProfit": "1222700000", "totalRevenue": "3921100000", "costOfRevenue": "2698400000", "costofGoodsAndServicesSold": "2698400000", "operatingIncome": "1150200000", "sellingGeneralAndAdministrative": "72500000", "researchAndDevelopment": "None", "operatingExpenses": "72500000", "investmentIncomeNet": "None", "netInterestIncome": "None", "interestIncome": "None", "interestExpense": "1600000", "nonInterestIncome": "None", "otherNonOperatingIncome": "None", "depreciation": "None", "depreciationAndAmortization": "100800000", "incomeBeforeTax": "1058500000", "incomeTaxExpense": "378100000", "interestAndDebtExpense": "None", "netIncomeFromContinuingOperations": "None", "comprehensiveIncomeNetOfTax": "None", "ebit": "1177000000", "ebitda": "1277800000", "netIncome": "684600000"}, {"fiscalDateEnding": "2007-12-31", "reportedCurrency": "USD", "grossProfit": "670000000", "totalRevenue": "2756700000", "costOfRevenue": "2086700000", "costofGoodsAndServicesSold": "2086700000", "operatingIncome": "601600000", "sellingGeneralAndAdministrative": "68400000", "researchAndDevelopment": "None", "operatingExpenses": "68400000", "investmentIncomeNet": "None", "netInterestIncome": "None", "interestIncome": "None", "interestExpense": "1700000", "nonInterestIncome": "None", "otherNonOperatingIncome": "None", "depreciation": "None", "depreciationAndAmortization": "84500000", "incomeBeforeTax": "571300000", "incomeTaxExpense": "199500000", "interestAndDebtExpense": "None", "netIncomeFromContinuingOperations": "None", "comprehensiveIncomeNetOfTax": "None", "ebit": "601600000", "ebitda": "686100000", "netIncome": "372700000"}, {"fiscalDateEnding": "2006-12-31", "reportedCurrency": "USD", "grossProfit": "147200000", "totalRevenue": "1949500000", "costOfRevenue": "1802300000", "costofGoodsAndServicesSold": "1802300000", "operatingIncome": "71300000", "sellingGeneralAndAdministrative": "54500000", "researchAndDevelopment": "None", "operatingExpenses": "75900000", "investmentIncomeNet": "None", "netInterestIncome": "None", "interestIncome": "None", "interestExpense": "2900000", "nonInterestIncome": "None", "otherNonOperatingIncome": "None", "depreciation": "None", "depreciationAndAmortization": "94600000", "incomeBeforeTax": "53000000", "incomeTaxExpense": "19700000", "interestAndDebtExpense": "None", "netIncomeFromContinuingOperations": "None", "comprehensiveIncomeNetOfTax": "None", "ebit": "71300000", "ebitda": "165900000", "netIncome": "33300000"}, {"fiscalDateEnding": "2005-12-31", "reportedCurrency": "USD", "grossProfit": "209200000", "totalRevenue": "1908400000", "costOfRevenue": "1699200000", "costofGoodsAndServicesSold": "1699200000", "operatingIncome": "135900000", "sellingGeneralAndAdministrative": "71100000", "researchAndDevelopment": "None", "operatingExpenses": "73300000", "investmentIncomeNet": "None", "netInterestIncome": "None", "interestIncome": "None", "interestExpense": "14000000", "nonInterestIncome": "None", "otherNonOperatingIncome": "None", "depreciation": "None", "depreciationAndAmortization": "97500000", "incomeBeforeTax": "92500000", "incomeTaxExpense": "128700000", "interestAndDebtExpense": "None", "netIncomeFromContinuingOperations": "None", "comprehensiveIncomeNetOfTax": "None", "ebit": "138100000", "ebitda": "235600000", "netIncome": "-39000000"}], "quarterlyReports": [{"fiscalDateEnding": "2024-12-31", "reportedCurrency": "USD", "grossProfit": "524000000", "totalRevenue": "1524000000", "costOfRevenue": "1000000000", "costofGoodsAndServicesSold": "1000000000", "operatingIncome": "441000000", "sellingGeneralAndAdministrative": "78000000", "researchAndDevelopment": "None", "operatingExpenses": "83000000", "investmentIncomeNet": "None", "netInterestIncome": "-14000000", "interestIncome": "23000000", "interestExpense": "35000000", "nonInterestIncome": "None", "otherNonOperatingIncome": "None", "depreciation": "None", "depreciationAndAmortization": "221000000", "incomeBeforeTax": "433000000", "incomeTaxExpense": "41000000", "interestAndDebtExpense": "None", "netIncomeFromContinuingOperations": "392000000", "comprehensiveIncomeNetOfTax": "None", "ebit": "468000000", "ebitda": "689000000", "netIncome": "328000000"}, {"fiscalDateEnding": "2024-09-30", "reportedCurrency": "USD", "grossProfit": "444000000", "totalRevenue": "1370000000", "costOfRevenue": "926000000", "costofGoodsAndServicesSold": "926000000", "operatingIncome": "364000000", "sellingGeneralAndAdministrative": "78000000", "researchAndDevelopment": "None", "operatingExpenses": "78000000", "investmentIncomeNet": "None", "netInterestIncome": "32000000", "interestIncome": "69000000", "interestExpense": "34000000", "nonInterestIncome": "None", "otherNonOperatingIncome": "None", "depreciation": "None", "depreciationAndAmortization": "229000000", "incomeBeforeTax": "400000000", "incomeTaxExpense": "59000000", "interestAndDebtExpense": "None", "netIncomeFromContinuingOperations": "341000000", "comprehensiveIncomeNetOfTax": "None", "ebit": "400000000", "ebitda": "629000000", "netIncome": "276000000"}, {"fiscalDateEnding": "2024-06-30", "reportedCurrency": "USD", "grossProfit": "679000000", "totalRevenue": "1572000000", "costOfRevenue": "893000000", "costofGoodsAndServicesSold": "893000000", "operatingIncome": "603000000", "sellingGeneralAndAdministrative": "76000000", "researchAndDevelopment": "None", "operatingExpenses": "76000000", "investmentIncomeNet": "None", "netInterestIncome": "-9000000", "interestIncome": "28000000", "interestExpense": "35000000", "nonInterestIncome": "None", "otherNonOperatingIncome": "None", "depreciation": "None", "depreciationAndAmortization": "222000000", "incomeBeforeTax": "629000000", "incomeTaxExpense": "123000000", "interestAndDebtExpense": "None", "netIncomeFromContinuingOperations": "506000000", "comprehensiveIncomeNetOfTax": "None", "ebit": "642000000", "ebitda": "864000000", "netIncome": "420000000"}, {"fiscalDateEnding": "2024-03-31", "reportedCurrency": "USD", "grossProfit": "376000000", "totalRevenue": "1470000000", "costOfRevenue": "1094000000", "costofGoodsAndServicesSold": "1094000000", "operatingIncome": "288000000", "sellingGeneralAndAdministrative": "88000000", "researchAndDevelopment": "None", "operatingExpenses": "88000000", "investmentIncomeNet": "None", "netInterestIncome": "-7000000", "interestIncome": "30000000", "interestExpense": "35000000", "nonInterestIncome": "None", "otherNonOperatingIncome": "None", "depreciation": "None", "depreciationAndAmortization": "253000000", "incomeBeforeTax": "300000000", "incomeTaxExpense": "62000000", "interestAndDebtExpense": "None", "netIncomeFromContinuingOperations": "238000000", "comprehensiveIncomeNetOfTax": "None", "ebit": "310000000", "ebitda": "563000000", "netIncome": "194000000"}, {"fiscalDateEnding": "2023-12-31", "reportedCurrency": "USD", "grossProfit": "527000000", "totalRevenue": "1571000000", "costOfRevenue": "1044000000", "costofGoodsAndServicesSold": "1044000000", "operatingIncome": "451000000", "sellingGeneralAndAdministrative": "76000000", "researchAndDevelopment": "None", "operatingExpenses": "76000000", "investmentIncomeNet": "None", "netInterestIncome": "8000000", "interestIncome": "45000000", "interestExpense": "35000000", "nonInterestIncome": "None", "otherNonOperatingIncome": "None", "depreciation": "None", "depreciationAndAmortization": "229000000", "incomeBeforeTax": "436000000", "incomeTaxExpense": "84000000", "interestAndDebtExpense": "None", "netIncomeFromContinuingOperations": "352000000", "comprehensiveIncomeNetOfTax": "None", "ebit": "451000000", "ebitda": "680000000", "netIncome": "274000000"}, {"fiscalDateEnding": "2023-09-30", "reportedCurrency": "USD", "grossProfit": "377000000", "totalRevenue": "1273000000", "costOfRevenue": "896000000", "costofGoodsAndServicesSold": "896000000", "operatingIncome": "244000000", "sellingGeneralAndAdministrative": "68000000", "researchAndDevelopment": "None", "operatingExpenses": "81000000", "investmentIncomeNet": "None", "netInterestIncome": "6000000", "interestIncome": "45000000", "interestExpense": "39000000", "nonInterestIncome": "None", "otherNonOperatingIncome": "None", "depreciation": "None", "depreciationAndAmortization": "213000000", "incomeBeforeTax": "253000000", "incomeTaxExpense": "23000000", "interestAndDebtExpense": "None", "netIncomeFromContinuingOperations": "230000000", "comprehensiveIncomeNetOfTax": "None", "ebit": "303000000", "ebitda": "516000000", "netIncome": "164000000"}, {"fiscalDateEnding": "2023-06-30", "reportedCurrency": "USD", "grossProfit": "804000000", "totalRevenue": "1775000000", "costOfRevenue": "971000000", "costofGoodsAndServicesSold": "971000000", "operatingIncome": "734000000", "sellingGeneralAndAdministrative": "71000000", "researchAndDevelopment": "None", "operatingExpenses": "74000000", "investmentIncomeNet": "None", "netInterestIncome": "4000000", "interestIncome": "40000000", "interestExpense": "36000000", "nonInterestIncome": "None", "otherNonOperatingIncome": "42000000", "depreciation": "None", "depreciationAndAmortization": "221000000", "incomeBeforeTax": "740000000", "incomeTaxExpense": "134000000", "interestAndDebtExpense": "None", "netIncomeFromContinuingOperations": "606000000", "comprehensiveIncomeNetOfTax": "None", "ebit": "730000000", "ebitda": "951000000", "netIncome": "527000000"}, {"fiscalDateEnding": "2023-03-31", "reportedCurrency": "USD", "grossProfit": "863000000", "totalRevenue": "2012000000", "costOfRevenue": "1149000000", "costofGoodsAndServicesSold": "1149000000", "operatingIncome": "826000000", "sellingGeneralAndAdministrative": "74000000", "researchAndDevelopment": "None", "operatingExpenses": "37000000", "investmentIncomeNet": "None", "netInterestIncome": "-10000000", "interestIncome": "30000000", "interestExpense": "38000000", "nonInterestIncome": "None", "otherNonOperatingIncome": "33000000", "depreciation": "None", "depreciationAndAmortization": "206000000", "incomeBeforeTax": "819000000", "incomeTaxExpense": "169000000", "interestAndDebtExpense": "None", "netIncomeFromContinuingOperations": "650000000", "comprehensiveIncomeNetOfTax": "None", "ebit": "857000000", "ebitda": "1063000000", "netIncome": "560000000"}, {"fiscalDateEnding": "2022-12-31", "reportedCurrency": "USD", "grossProfit": "1256000000", "totalRevenue": "2608000000", "costOfRevenue": "1352000000", "costofGoodsAndServicesSold": "1352000000", "operatingIncome": "1211000000", "sellingGeneralAndAdministrative": "73000000", "researchAndDevelopment": "None", "operatingExpenses": "64000000", "investmentIncomeNet": "None", "netInterestIncome": "34000000", "interestIncome": "34000000", "interestExpense": "27000000", "nonInterestIncome": "None", "otherNonOperatingIncome": "16000000", "depreciation": "None", "depreciationAndAmortization": "195000000", "incomeBeforeTax": "1254000000", "incomeTaxExpense": "245000000", "interestAndDebtExpense": "None", "netIncomeFromContinuingOperations": "1009000000", "comprehensiveIncomeNetOfTax": "None", "ebit": "1254000000", "ebitda": "1449000000", "netIncome": "860000000"}, {"fiscalDateEnding": "2022-09-30", "reportedCurrency": "USD", "grossProfit": "916000000", "totalRevenue": "2321000000", "costOfRevenue": "1405000000", "costofGoodsAndServicesSold": "1405000000", "operatingIncome": "750000000", "sellingGeneralAndAdministrative": "66000000", "researchAndDevelopment": "None", "operatingExpenses": "91000000", "investmentIncomeNet": "None", "netInterestIncome": "-34000000", "interestIncome": "34000000", "interestExpense": "46000000", "nonInterestIncome": "None", "otherNonOperatingIncome": "-11000000", "depreciation": "None", "depreciationAndAmortization": "220000000", "incomeBeforeTax": "693000000", "incomeTaxExpense": "155000000", "interestAndDebtExpense": "None", "netIncomeFromContinuingOperations": "538000000", "comprehensiveIncomeNetOfTax": "None", "ebit": "739000000", "ebitda": "959000000", "netIncome": "438000000"}, {"fiscalDateEnding": "2022-06-30", "reportedCurrency": "USD", "grossProfit": "1991000000", "totalRevenue": "3389000000", "costOfRevenue": "1398000000", "costofGoodsAndServicesSold": "1398000000", "operatingIncome": "1778000000", "sellingGeneralAndAdministrative": "73000000", "researchAndDevelopment": "None", "operatingExpenses": "79000000", "investmentIncomeNet": "None", "netInterestIncome": "-74000000", "interestIncome": "8000000", "interestExpense": "82000000", "nonInterestIncome": "None", "otherNonOperatingIncome": "None", "depreciation": "None", "depreciationAndAmortization": "220000000", "incomeBeforeTax": "1696000000", "incomeTaxExpense": "357000000", "interestAndDebtExpense": "None", "netIncomeFromContinuingOperations": "1339000000", "comprehensiveIncomeNetOfTax": "None", "ebit": "1778000000", "ebitda": "1998000000", "netIncome": "1165000000"}, {"fiscalDateEnding": "2022-03-31", "reportedCurrency": "USD", "grossProfit": "1698000000", "totalRevenue": "2868000000", "costOfRevenue": "1170000000", "costofGoodsAndServicesSold": "1170000000", "operatingIncome": "1658000000", "sellingGeneralAndAdministrative": "64000000", "researchAndDevelopment": "None", "operatingExpenses": "66000000", "investmentIncomeNet": "None", "netInterestIncome": "-205000000", "interestIncome": "36000000", "interestExpense": "241000000", "nonInterestIncome": "None", "otherNonOperatingIncome": "37000000", "depreciation": "None", "depreciationAndAmortization": "206000000", "incomeBeforeTax": "1452000000", "incomeTaxExpense": "401000000", "interestAndDebtExpense": "None", "netIncomeFromContinuingOperations": "1051000000", "comprehensiveIncomeNetOfTax": "None", "ebit": "1640000000", "ebitda": "1846000000", "netIncome": "883000000"}, {"fiscalDateEnding": "2021-12-31", "reportedCurrency": "USD", "grossProfit": "1155000000", "totalRevenue": "2540000000", "costOfRevenue": "1385000000", "costofGoodsAndServicesSold": "1385000000", "operatingIncome": "1129000000", "sellingGeneralAndAdministrative": "112000000", "researchAndDevelopment": "None", "operatingExpenses": "10000000", "investmentIncomeNet": "None", "netInterestIncome": "-43000000", "interestIncome": "43000000", "interestExpense": "44000000", "nonInterestIncome": "None", "otherNonOperatingIncome": "None", "depreciation": "None", "depreciationAndAmortization": "236000000", "incomeBeforeTax": "1085000000", "incomeTaxExpense": "226000000", "interestAndDebtExpense": "None", "netIncomeFromContinuingOperations": "859000000", "comprehensiveIncomeNetOfTax": "None", "ebit": "1119000000", "ebitda": "1355000000", "netIncome": "705000000"}, {"fiscalDateEnding": "2021-09-30", "reportedCurrency": "USD", "grossProfit": "440000000", "totalRevenue": "1362000000", "costOfRevenue": "922000000", "costofGoodsAndServicesSold": "922000000", "operatingIncome": "-97000000", "sellingGeneralAndAdministrative": "52000000", "researchAndDevelopment": "None", "operatingExpenses": "57000000", "investmentIncomeNet": "None", "netInterestIncome": "-46000000", "interestIncome": "46000000", "interestExpense": "46000000", "nonInterestIncome": "None", "otherNonOperatingIncome": "6000000", "depreciation": "None", "depreciationAndAmortization": "200000000", "incomeBeforeTax": "-137000000", "incomeTaxExpense": "-46000000", "interestAndDebtExpense": "None", "netIncomeFromContinuingOperations": "-91000000", "comprehensiveIncomeNetOfTax": "None", "ebit": "-91000000", "ebitda": "109000000", "netIncome": "-185000000"}, {"fiscalDateEnding": "2021-06-30", "reportedCurrency": "USD", "grossProfit": "503000000", "totalRevenue": "1588000000", "costOfRevenue": "1085000000", "costofGoodsAndServicesSold": "1085000000", "operatingIncome": "450000000", "sellingGeneralAndAdministrative": "60000000", "researchAndDevelopment": "None", "operatingExpenses": "64000000", "investmentIncomeNet": "None", "netInterestIncome": "-46000000", "interestIncome": "46000000", "interestExpense": "44000000", "nonInterestIncome": "None", "otherNonOperatingIncome": "-2000000", "depreciation": "None", "depreciationAndAmortization": "241000000", "incomeBeforeTax": "402000000", "incomeTaxExpense": "85000000", "interestAndDebtExpense": "None", "netIncomeFromContinuingOperations": "317000000", "comprehensiveIncomeNetOfTax": "None", "ebit": "448000000", "ebitda": "689000000", "netIncome": "246000000"}, {"fiscalDateEnding": "2021-03-31", "reportedCurrency": "USD", "grossProfit": "289000000", "totalRevenue": "1048000000", "costOfRevenue": "759000000", "costofGoodsAndServicesSold": "759000000", "operatingIncome": "247000000", "sellingGeneralAndAdministrative": "55000000", "researchAndDevelopment": "None", "operatingExpenses": "53000000", "investmentIncomeNet": "None", "netInterestIncome": "-48000000", "interestIncome": "48000000", "interestExpense": "48000000", "nonInterestIncome": "None", "otherNonOperatingIncome": "-6000000", "depreciation": "None", "depreciationAndAmortization": "202000000", "incomeBeforeTax": "193000000", "incomeTaxExpense": "18000000", "interestAndDebtExpense": "None", "netIncomeFromContinuingOperations": "175000000", "comprehensiveIncomeNetOfTax": "None", "ebit": "238000000", "ebitda": "440000000", "netIncome": "151000000"}, {"fiscalDateEnding": "2020-12-31", "reportedCurrency": "USD", "grossProfit": "180000000", "totalRevenue": "1102000000", "costOfRevenue": "922000000", "costofGoodsAndServicesSold": "922000000", "operatingIncome": "156000000", "sellingGeneralAndAdministrative": "52000000", "researchAndDevelopment": "None", "operatingExpenses": "27000000", "investmentIncomeNet": "None", "netInterestIncome": "-38000000", "interestIncome": "38000000", "interestExpense": "38000000", "nonInterestIncome": "None", "otherNonOperatingIncome": "-1000000", "depreciation": "None", "depreciationAndAmortization": "230000000", "incomeBeforeTax": "117000000", "incomeTaxExpense": "-2000000", "interestAndDebtExpense": "None", "netIncomeFromContinuingOperations": "119000000", "comprehensiveIncomeNetOfTax": "None", "ebit": "140000000", "ebitda": "370000000", "netIncome": "87000000"}, {"fiscalDateEnding": "2020-09-30", "reportedCurrency": "USD", "grossProfit": "83000000", "totalRevenue": "847000000", "costOfRevenue": "764000000", "costofGoodsAndServicesSold": "764000000", "operatingIncome": "40000000", "sellingGeneralAndAdministrative": "49000000", "researchAndDevelopment": "None", "operatingExpenses": "45000000", "investmentIncomeNet": "None", "netInterestIncome": "-48000000", "interestIncome": "48000000", "interestExpense": "48000000", "nonInterestIncome": "None", "otherNonOperatingIncome": "-1000000", "depreciation": "None", "depreciationAndAmortization": "212000000", "incomeBeforeTax": "-9000000", "incomeTaxExpense": "-13000000", "interestAndDebtExpense": "None", "netIncomeFromContinuingOperations": "4000000", "comprehensiveIncomeNetOfTax": "None", "ebit": "46000000", "ebitda": "258000000", "netIncome": "-28000000"}, {"fiscalDateEnding": "2020-06-30", "reportedCurrency": "USD", "grossProfit": "334000000", "totalRevenue": "1204000000", "costOfRevenue": "870000000", "costofGoodsAndServicesSold": "870000000", "operatingIncome": "280000000", "sellingGeneralAndAdministrative": "51000000", "researchAndDevelopment": "None", "operatingExpenses": "57000000", "investmentIncomeNet": "None", "netInterestIncome": "-32000000", "interestIncome": "17000000", "interestExpense": "49000000", "nonInterestIncome": "None", "otherNonOperatingIncome": "20000000", "depreciation": "None", "depreciationAndAmortization": "239000000", "incomeBeforeTax": "251000000", "incomeTaxExpense": "33000000", "interestAndDebtExpense": "None", "netIncomeFromContinuingOperations": "218000000", "comprehensiveIncomeNetOfTax": "None", "ebit": "295000000", "ebitda": "534000000", "netIncome": "190000000"}, {"fiscalDateEnding": "2020-03-31", "reportedCurrency": "USD", "grossProfit": "204000000", "totalRevenue": "971000000", "costOfRevenue": "767000000", "costofGoodsAndServicesSold": "767000000", "operatingIncome": "147000000", "sellingGeneralAndAdministrative": "54000000", "researchAndDevelopment": "None", "operatingExpenses": "60000000", "investmentIncomeNet": "None", "netInterestIncome": "-43000000", "interestIncome": "5000000", "interestExpense": "44000000", "nonInterestIncome": "None", "otherNonOperatingIncome": "1000000", "depreciation": "None", "depreciationAndAmortization": "211000000", "incomeBeforeTax": "104000000", "incomeTaxExpense": "13000000", "interestAndDebtExpense": "None", "netIncomeFromContinuingOperations": "91000000", "comprehensiveIncomeNetOfTax": "None", "ebit": "152000000", "ebitda": "363000000", "netIncome": "68000000"}, {"fiscalDateEnding": "2019-12-31", "reportedCurrency": "USD", "grossProfit": "227000000", "totalRevenue": "1049000000", "costOfRevenue": "822000000", "costofGoodsAndServicesSold": "822000000", "operatingIncome": "175000000", "sellingGeneralAndAdministrative": "63000000", "researchAndDevelopment": "None", "operatingExpenses": "53000000", "investmentIncomeNet": "None", "netInterestIncome": "-47000000", "interestIncome": "8000000", "interestExpense": "55000000", "nonInterestIncome": "None", "otherNonOperatingIncome": "8000000", "depreciation": "None", "depreciationAndAmortization": "212000000", "incomeBeforeTax": "107000000", "incomeTaxExpense": "13000000", "interestAndDebtExpense": "None", "netIncomeFromContinuingOperations": "94000000", "comprehensiveIncomeNetOfTax": "None", "ebit": "172000000", "ebitda": "384000000", "netIncome": "55000000"}, {"fiscalDateEnding": "2019-09-30", "reportedCurrency": "USD", "grossProfit": "228000000", "totalRevenue": "1038000000", "costOfRevenue": "810000000", "costofGoodsAndServicesSold": "810000000", "operatingIncome": "188000000", "sellingGeneralAndAdministrative": "56000000", "researchAndDevelopment": "None", "operatingExpenses": "26000000", "investmentIncomeNet": "None", "netInterestIncome": "-59000000", "interestIncome": "4000000", "interestExpense": "63000000", "nonInterestIncome": "None", "otherNonOperatingIncome": "4000000", "depreciation": "None", "depreciationAndAmortization": "223000000", "incomeBeforeTax": "133000000", "incomeTaxExpense": "19000000", "interestAndDebtExpense": "None", "netIncomeFromContinuingOperations": "114000000", "comprehensiveIncomeNetOfTax": "None", "ebit": "170000000", "ebitda": "393000000", "netIncome": "65000000"}, {"fiscalDateEnding": "2019-06-30", "reportedCurrency": "USD", "grossProfit": "499000000", "totalRevenue": "1502000000", "costOfRevenue": "1003000000", "costofGoodsAndServicesSold": "1003000000", "operatingIncome": "475000000", "sellingGeneralAndAdministrative": "62000000", "researchAndDevelopment": "None", "operatingExpenses": "25000000", "investmentIncomeNet": "None", "netInterestIncome": "-55000000", "interestIncome": "4000000", "interestExpense": "59000000", "nonInterestIncome": "None", "otherNonOperatingIncome": "4000000", "depreciation": "None", "depreciationAndAmortization": "252000000", "incomeBeforeTax": "422000000", "incomeTaxExpense": "102000000", "interestAndDebtExpense": "None", "netIncomeFromContinuingOperations": "320000000", "comprehensiveIncomeNetOfTax": "None", "ebit": "434000000", "ebitda": "686000000", "netIncome": "283000000"}, {"fiscalDateEnding": "2019-03-31", "reportedCurrency": "USD", "grossProfit": "220000000", "totalRevenue": "1001000000", "costOfRevenue": "781000000", "costofGoodsAndServicesSold": "781000000", "operatingIncome": "165000000", "sellingGeneralAndAdministrative": "58000000", "researchAndDevelopment": "None", "operatingExpenses": "62000000", "investmentIncomeNet": "None", "netInterestIncome": "-56000000", "interestIncome": "56000000", "interestExpense": "60000000", "nonInterestIncome": "None", "otherNonOperatingIncome": "4000000", "depreciation": "None", "depreciationAndAmortization": "188000000", "incomeBeforeTax": "110000000", "incomeTaxExpense": "-8000000", "interestAndDebtExpense": "None", "netIncomeFromContinuingOperations": "118000000", "comprehensiveIncomeNetOfTax": "None", "ebit": "160000000", "ebitda": "348000000", "netIncome": "90000000"}, {"fiscalDateEnding": "2018-12-31", "reportedCurrency": "USD", "grossProfit": "242000000", "totalRevenue": "1132000000", "costOfRevenue": "890000000", "costofGoodsAndServicesSold": "890000000", "operatingIncome": "195000000", "sellingGeneralAndAdministrative": "51000000", "researchAndDevelopment": "0", "operatingExpenses": "53000000", "investmentIncomeNet": "None", "netInterestIncome": "None", "interestIncome": "None", "interestExpense": "61000000", "nonInterestIncome": "None", "otherNonOperatingIncome": "4000000", "depreciation": "None", "depreciationAndAmortization": "221000000", "incomeBeforeTax": "141000000", "incomeTaxExpense": "46000000", "interestAndDebtExpense": "None", "netIncomeFromContinuingOperations": "95000000", "comprehensiveIncomeNetOfTax": "None", "ebit": "190000000", "ebitda": "411000000", "netIncome": "49000000"}, {"fiscalDateEnding": "2018-09-30", "reportedCurrency": "USD", "grossProfit": "173000000", "totalRevenue": "1040000000", "costOfRevenue": "867000000", "costofGoodsAndServicesSold": "867000000", "operatingIncome": "136000000", "sellingGeneralAndAdministrative": "53000000", "researchAndDevelopment": "0", "operatingExpenses": "42000000", "investmentIncomeNet": "None", "netInterestIncome": "None", "interestIncome": "None", "interestExpense": "59000000", "nonInterestIncome": "None", "otherNonOperatingIncome": "4000000", "depreciation": "None", "depreciationAndAmortization": "233000000", "incomeBeforeTax": "83000000", "incomeTaxExpense": "12000000", "interestAndDebtExpense": "None", "netIncomeFromContinuingOperations": "71000000", "comprehensiveIncomeNetOfTax": "None", "ebit": "125000000", "ebitda": "358000000", "netIncome": "30000000"}, {"fiscalDateEnding": "2018-06-30", "reportedCurrency": "USD", "grossProfit": "312000000", "totalRevenue": "1300000000", "costOfRevenue": "988000000", "costofGoodsAndServicesSold": "988000000", "operatingIncome": "274000000", "sellingGeneralAndAdministrative": "53000000", "researchAndDevelopment": "0", "operatingExpenses": "56000000", "investmentIncomeNet": "None", "netInterestIncome": "None", "interestIncome": "None", "interestExpense": "61000000", "nonInterestIncome": "None", "otherNonOperatingIncome": "2000000", "depreciation": "None", "depreciationAndAmortization": "241000000", "incomeBeforeTax": "218000000", "incomeTaxExpense": "44000000", "interestAndDebtExpense": "None", "netIncomeFromContinuingOperations": "174000000", "comprehensiveIncomeNetOfTax": "None", "ebit": "258000000", "ebitda": "499000000", "netIncome": "148000000"}, {"fiscalDateEnding": "2018-03-31", "reportedCurrency": "USD", "grossProfit": "190000000", "totalRevenue": "957000000", "costOfRevenue": "767000000", "costofGoodsAndServicesSold": "767000000", "operatingIncome": "161000000", "sellingGeneralAndAdministrative": "57000000", "researchAndDevelopment": "0", "operatingExpenses": "36000000", "investmentIncomeNet": "None", "netInterestIncome": "None", "interestIncome": "None", "interestExpense": "60000000", "nonInterestIncome": "None", "otherNonOperatingIncome": "3000000", "depreciation": "None", "depreciationAndAmortization": "193000000", "incomeBeforeTax": "105000000", "incomeTaxExpense": "17000000", "interestAndDebtExpense": "None", "netIncomeFromContinuingOperations": "88000000", "comprehensiveIncomeNetOfTax": "None", "ebit": "151000000", "ebitda": "344000000", "netIncome": "63000000"}, {"fiscalDateEnding": "2017-12-31", "reportedCurrency": "USD", "grossProfit": "143000000", "totalRevenue": "1099000000", "costOfRevenue": "956000000", "costofGoodsAndServicesSold": "956000000", "operatingIncome": "104000000", "sellingGeneralAndAdministrative": "52000000", "researchAndDevelopment": "0", "operatingExpenses": "56000000", "investmentIncomeNet": "None", "netInterestIncome": "None", "interestIncome": "None", "interestExpense": "74000000", "nonInterestIncome": "None", "otherNonOperatingIncome": "4000000", "depreciation": "None", "depreciationAndAmortization": "235000000", "incomeBeforeTax": "-17000000", "incomeTaxExpense": "-520000000", "interestAndDebtExpense": "None", "netIncomeFromContinuingOperations": "503000000", "comprehensiveIncomeNetOfTax": "None", "ebit": "90000000", "ebitda": "325000000", "netIncome": "465000000"}, {"fiscalDateEnding": "2017-09-30", "reportedCurrency": "USD", "grossProfit": "9000000", "totalRevenue": "870000000", "costOfRevenue": "861000000", "costofGoodsAndServicesSold": "861000000", "operatingIncome": "-39000000", "sellingGeneralAndAdministrative": "45000000", "researchAndDevelopment": "0", "operatingExpenses": "43000000", "investmentIncomeNet": "None", "netInterestIncome": "None", "interestIncome": "None", "interestExpense": "81000000", "nonInterestIncome": "None", "otherNonOperatingIncome": "5000000", "depreciation": "None", "depreciationAndAmortization": "226000000", "incomeBeforeTax": "-115000000", "incomeTaxExpense": "-47000000", "interestAndDebtExpense": "None", "netIncomeFromContinuingOperations": "-68000000", "comprehensiveIncomeNetOfTax": "None", "ebit": "-41000000", "ebitda": "185000000", "netIncome": "-87000000"}, {"fiscalDateEnding": "2017-06-30", "reportedCurrency": "USD", "grossProfit": "172000000", "totalRevenue": "1124000000", "costOfRevenue": "952000000", "costofGoodsAndServicesSold": "952000000", "operatingIncome": "107000000", "sellingGeneralAndAdministrative": "49000000", "researchAndDevelopment": "0", "operatingExpenses": "59000000", "investmentIncomeNet": "None", "netInterestIncome": "None", "interestIncome": "None", "interestExpense": "80000000", "nonInterestIncome": "None", "otherNonOperatingIncome": "2000000", "depreciation": "None", "depreciationAndAmortization": "217000000", "incomeBeforeTax": "29000000", "incomeTaxExpense": "5000000", "interestAndDebtExpense": "None", "netIncomeFromContinuingOperations": "24000000", "comprehensiveIncomeNetOfTax": "None", "ebit": "115000000", "ebitda": "332000000", "netIncome": "3000000"}, {"fiscalDateEnding": "2017-03-31", "reportedCurrency": "USD", "grossProfit": "106000000", "totalRevenue": "1037000000", "costOfRevenue": "931000000", "costofGoodsAndServicesSold": "931000000", "operatingIncome": "57000000", "sellingGeneralAndAdministrative": "46000000", "researchAndDevelopment": "0", "operatingExpenses": "52000000", "investmentIncomeNet": "None", "netInterestIncome": "None", "interestIncome": "None", "interestExpense": "80000000", "nonInterestIncome": "None", "otherNonOperatingIncome": "1000000", "depreciation": "None", "depreciationAndAmortization": "205000000", "incomeBeforeTax": "-22000000", "incomeTaxExpense": "-13000000", "interestAndDebtExpense": "None", "netIncomeFromContinuingOperations": "-9000000", "comprehensiveIncomeNetOfTax": "None", "ebit": "58000000", "ebitda": "263000000", "netIncome": "-23000000"}, {"fiscalDateEnding": "2016-12-31", "reportedCurrency": "USD", "grossProfit": "94000000", "totalRevenue": "867000000", "costOfRevenue": "773000000", "costofGoodsAndServicesSold": "773000000", "operatingIncome": "-100000000", "sellingGeneralAndAdministrative": "33000000", "researchAndDevelopment": "0", "operatingExpenses": "60000000", "investmentIncomeNet": "None", "netInterestIncome": "None", "interestIncome": "None", "interestExpense": "70000000", "nonInterestIncome": "None", "otherNonOperatingIncome": "1000000", "depreciation": "None", "depreciationAndAmortization": "203000000", "incomeBeforeTax": "-335000000", "incomeTaxExpense": "-47000000", "interestAndDebtExpense": "None", "netIncomeFromContinuingOperations": "-288000000", "comprehensiveIncomeNetOfTax": "None", "ebit": "-285000000", "ebitda": "-82000000", "netIncome": "-320000000"}, {"fiscalDateEnding": "2016-09-30", "reportedCurrency": "USD", "grossProfit": "2000000", "totalRevenue": "680000000", "costOfRevenue": "678000000", "costofGoodsAndServicesSold": "678000000", "operatingIncome": "-101000000", "sellingGeneralAndAdministrative": "44000000", "researchAndDevelopment": "0", "operatingExpenses": "101000000", "investmentIncomeNet": "None", "netInterestIncome": "None", "interestIncome": "None", "interestExpense": "31000000", "nonInterestIncome": "None", "otherNonOperatingIncome": "2000000", "depreciation": "None", "depreciationAndAmortization": "148000000", "incomeBeforeTax": "-131000000", "incomeTaxExpense": "-131000000", "interestAndDebtExpense": "None", "netIncomeFromContinuingOperations": "38000000", "comprehensiveIncomeNetOfTax": "None", "ebit": "-107000000", "ebitda": "41000000", "netIncome": "-30000000"}, {"fiscalDateEnding": "2016-06-30", "reportedCurrency": "USD", "grossProfit": "527000000", "totalRevenue": "1134000000", "costOfRevenue": "607000000", "costofGoodsAndServicesSold": "607000000", "operatingIncome": "238000000", "sellingGeneralAndAdministrative": "52000000", "researchAndDevelopment": "0", "operatingExpenses": "115000000", "investmentIncomeNet": "None", "netInterestIncome": "None", "interestIncome": "None", "interestExpense": "61000000", "nonInterestIncome": "None", "otherNonOperatingIncome": "1000000", "depreciation": "None", "depreciationAndAmortization": "181000000", "incomeBeforeTax": "178000000", "incomeTaxExpense": "95000000", "interestAndDebtExpense": "None", "netIncomeFromContinuingOperations": "83000000", "comprehensiveIncomeNetOfTax": "None", "ebit": "454000000", "ebitda": "635000000", "netIncome": "47000000"}, {"fiscalDateEnding": "2016-03-31", "reportedCurrency": "USD", "grossProfit": "217000000", "totalRevenue": "1004000000", "costOfRevenue": "787000000", "costofGoodsAndServicesSold": "787000000", "operatingIncome": "97000000", "sellingGeneralAndAdministrative": "45000000", "researchAndDevelopment": "0", "operatingExpenses": "106000000", "investmentIncomeNet": "None", "netInterestIncome": "None", "interestIncome": "None", "interestExpense": "38000000", "nonInterestIncome": "None", "otherNonOperatingIncome": "1000000", "depreciation": "None", "depreciationAndAmortization": "146000000", "incomeBeforeTax": "62000000", "incomeTaxExpense": "15000000", "interestAndDebtExpense": "None", "netIncomeFromContinuingOperations": "47000000", "comprehensiveIncomeNetOfTax": "None", "ebit": "156000000", "ebitda": "302000000", "netIncome": "26000000"}, {"fiscalDateEnding": "2015-12-31", "reportedCurrency": "USD", "grossProfit": "280400000", "totalRevenue": "1115800000", "costOfRevenue": "835400000", "costofGoodsAndServicesSold": "835400000", "operatingIncome": "137100000", "sellingGeneralAndAdministrative": "50200000", "researchAndDevelopment": "0", "operatingExpenses": "68800000", "investmentIncomeNet": "None", "netInterestIncome": "None", "interestIncome": "None", "interestExpense": "40000000", "nonInterestIncome": "None", "otherNonOperatingIncome": "-400000", "depreciation": "None", "depreciationAndAmortization": "131600000", "incomeBeforeTax": "98300000", "incomeTaxExpense": "62300000", "interestAndDebtExpense": "None", "netIncomeFromContinuingOperations": "36000000", "comprehensiveIncomeNetOfTax": "None", "ebit": "133800000", "ebitda": "265400000", "netIncome": "26500000"}, {"fiscalDateEnding": "2015-09-30", "reportedCurrency": "USD", "grossProfit": "165000000", "totalRevenue": "927400000", "costOfRevenue": "762400000", "costofGoodsAndServicesSold": "762400000", "operatingIncome": "58500000", "sellingGeneralAndAdministrative": "41600000", "researchAndDevelopment": "0", "operatingExpenses": "74700000", "investmentIncomeNet": "None", "netInterestIncome": "None", "interestIncome": "None", "interestExpense": "30300000", "nonInterestIncome": "None", "otherNonOperatingIncome": "92900000", "depreciation": "None", "depreciationAndAmortization": "128700000", "incomeBeforeTax": "24600000", "incomeTaxExpense": "20100000", "interestAndDebtExpense": "None", "netIncomeFromContinuingOperations": "4500000", "comprehensiveIncomeNetOfTax": "None", "ebit": "77300000", "ebitda": "206000000", "netIncome": "90900000"}, {"fiscalDateEnding": "2015-06-30", "reportedCurrency": "USD", "grossProfit": "685900000", "totalRevenue": "1311500000", "costOfRevenue": "625600000", "costofGoodsAndServicesSold": "625600000", "operatingIncome": "630300000", "sellingGeneralAndAdministrative": "37900000", "researchAndDevelopment": "0", "operatingExpenses": "60300000", "investmentIncomeNet": "None", "netInterestIncome": "None", "interestIncome": "None", "interestExpense": "26600000", "nonInterestIncome": "None", "otherNonOperatingIncome": "-35500000", "depreciation": "None", "depreciationAndAmortization": "103900000", "incomeBeforeTax": "601000000", "incomeTaxExpense": "200700000", "interestAndDebtExpense": "None", "netIncomeFromContinuingOperations": "400300000", "comprehensiveIncomeNetOfTax": "None", "ebit": "616100000", "ebitda": "720000000", "netIncome": "351900000"}, {"fiscalDateEnding": "2015-03-31", "reportedCurrency": "USD", "grossProfit": "415800000", "totalRevenue": "953600000", "costOfRevenue": "537800000", "costofGoodsAndServicesSold": "537800000", "operatingIncome": "367200000", "sellingGeneralAndAdministrative": "40100000", "researchAndDevelopment": "0", "operatingExpenses": "58300000", "investmentIncomeNet": "None", "netInterestIncome": "None", "interestIncome": "None", "interestExpense": "33900000", "nonInterestIncome": "None", "otherNonOperatingIncome": "15300000", "depreciation": "None", "depreciationAndAmortization": "115400000", "incomeBeforeTax": "333700000", "incomeTaxExpense": "112700000", "interestAndDebtExpense": "None", "netIncomeFromContinuingOperations": "221000000", "comprehensiveIncomeNetOfTax": "None", "ebit": "366600000", "ebitda": "482000000", "netIncome": "230600000"}, {"fiscalDateEnding": "2014-12-31", "reportedCurrency": "USD", "grossProfit": "444300000", "totalRevenue": "1216500000", "costOfRevenue": "772200000", "costofGoodsAndServicesSold": "772200000", "operatingIncome": "418800000", "sellingGeneralAndAdministrative": "32500000", "researchAndDevelopment": "0", "operatingExpenses": "44300000", "investmentIncomeNet": "None", "netInterestIncome": "None", "interestIncome": "None", "interestExpense": "41100000", "nonInterestIncome": "None", "otherNonOperatingIncome": "6700000", "depreciation": "None", "depreciationAndAmortization": "94000000", "incomeBeforeTax": "376500000", "incomeTaxExpense": "132100000", "interestAndDebtExpense": "None", "netIncomeFromContinuingOperations": "244400000", "comprehensiveIncomeNetOfTax": "None", "ebit": "384700000", "ebitda": "478700000", "netIncome": "238300000"}, {"fiscalDateEnding": "2014-09-30", "reportedCurrency": "USD", "grossProfit": "301100000", "totalRevenue": "921400000", "costOfRevenue": "620300000", "costofGoodsAndServicesSold": "620300000", "operatingIncome": "246600000", "sellingGeneralAndAdministrative": "38200000", "researchAndDevelopment": "0", "operatingExpenses": "63900000", "investmentIncomeNet": "None", "netInterestIncome": "None", "interestIncome": "None", "interestExpense": "46400000", "nonInterestIncome": "None", "otherNonOperatingIncome": "10600000", "depreciation": "None", "depreciationAndAmortization": "95400000", "incomeBeforeTax": "200500000", "incomeTaxExpense": "70500000", "interestAndDebtExpense": "None", "netIncomeFromContinuingOperations": "130000000", "comprehensiveIncomeNetOfTax": "None", "ebit": "264800000", "ebitda": "360200000", "netIncome": "130900000"}, {"fiscalDateEnding": "2014-06-30", "reportedCurrency": "USD", "grossProfit": "590300000", "totalRevenue": "1472700000", "costOfRevenue": "882400000", "costofGoodsAndServicesSold": "882400000", "operatingIncome": "531300000", "sellingGeneralAndAdministrative": "39500000", "researchAndDevelopment": "0", "operatingExpenses": "61100000", "investmentIncomeNet": "None", "netInterestIncome": "None", "interestIncome": "None", "interestExpense": "50700000", "nonInterestIncome": "None", "otherNonOperatingIncome": "1700000", "depreciation": "None", "depreciationAndAmortization": "97800000", "incomeBeforeTax": "480200000", "incomeTaxExpense": "157200000", "interestAndDebtExpense": "None", "netIncomeFromContinuingOperations": "323000000", "comprehensiveIncomeNetOfTax": "None", "ebit": "537500000", "ebitda": "635300000", "netIncome": "312600000"}, {"fiscalDateEnding": "2014-03-31", "reportedCurrency": "USD", "grossProfit": "442800000", "totalRevenue": "1132600000", "costOfRevenue": "689800000", "costofGoodsAndServicesSold": "689800000", "operatingIncome": "1169800000", "sellingGeneralAndAdministrative": "41700000", "researchAndDevelopment": "0", "operatingExpenses": "35900000", "investmentIncomeNet": "None", "netInterestIncome": "None", "interestIncome": "None", "interestExpense": "40000000", "nonInterestIncome": "None", "otherNonOperatingIncome": "3500000", "depreciation": "None", "depreciationAndAmortization": "105300000", "incomeBeforeTax": "1130100000", "incomeTaxExpense": "413200000", "interestAndDebtExpense": "None", "netIncomeFromContinuingOperations": "716900000", "comprehensiveIncomeNetOfTax": "None", "ebit": "411900000", "ebitda": "517200000", "netIncome": "708500000"}, {"fiscalDateEnding": "2013-12-31", "reportedCurrency": "USD", "grossProfit": "593800000", "totalRevenue": "1326300000", "costOfRevenue": "732500000", "costofGoodsAndServicesSold": "732500000", "operatingIncome": "564800000", "sellingGeneralAndAdministrative": "45000000", "researchAndDevelopment": "0", "operatingExpenses": "38400000", "investmentIncomeNet": "None", "netInterestIncome": "None", "interestIncome": "None", "interestExpense": "39800000", "nonInterestIncome": "None", "otherNonOperatingIncome": "3400000", "depreciation": "None", "depreciationAndAmortization": "96800000", "incomeBeforeTax": "525200000", "incomeTaxExpense": "187200000", "interestAndDebtExpense": "None", "netIncomeFromContinuingOperations": "338000000", "comprehensiveIncomeNetOfTax": "None", "ebit": "537900000", "ebitda": "634700000", "netIncome": "325800000"}, {"fiscalDateEnding": "2013-09-30", "reportedCurrency": "USD", "grossProfit": "386100000", "totalRevenue": "1097000000", "costOfRevenue": "710900000", "costofGoodsAndServicesSold": "710900000", "operatingIncome": "385400000", "sellingGeneralAndAdministrative": "32200000", "researchAndDevelopment": "0", "operatingExpenses": "11900000", "investmentIncomeNet": "None", "netInterestIncome": "None", "interestIncome": "None", "interestExpense": "41000000", "nonInterestIncome": "None", "otherNonOperatingIncome": "7200000", "depreciation": "None", "depreciationAndAmortization": "100100000", "incomeBeforeTax": "345700000", "incomeTaxExpense": "109000000", "interestAndDebtExpense": "None", "netIncomeFromContinuingOperations": "236700000", "comprehensiveIncomeNetOfTax": "None", "ebit": "353000000", "ebitda": "453100000", "netIncome": "234100000"}, {"fiscalDateEnding": "2013-06-30", "reportedCurrency": "USD", "grossProfit": "865200000", "totalRevenue": "1714900000", "costOfRevenue": "849700000", "costofGoodsAndServicesSold": "849700000", "operatingIncome": "833700000", "sellingGeneralAndAdministrative": "44500000", "researchAndDevelopment": "0", "operatingExpenses": "41000000", "investmentIncomeNet": "None", "netInterestIncome": "None", "interestIncome": "None", "interestExpense": "32300000", "nonInterestIncome": "None", "otherNonOperatingIncome": "-1700000", "depreciation": "None", "depreciationAndAmortization": "106600000", "incomeBeforeTax": "802700000", "incomeTaxExpense": "282900000", "interestAndDebtExpense": "None", "netIncomeFromContinuingOperations": "519800000", "comprehensiveIncomeNetOfTax": "None", "ebit": "831400000", "ebitda": "938000000", "netIncome": "498200000"}, {"fiscalDateEnding": "2013-03-31", "reportedCurrency": "USD", "grossProfit": "675100000", "totalRevenue": "1336500000", "costOfRevenue": "661400000", "costofGoodsAndServicesSold": "661400000", "operatingIncome": "627800000", "sellingGeneralAndAdministrative": "44300000", "researchAndDevelopment": "0", "operatingExpenses": "58900000", "investmentIncomeNet": "None", "netInterestIncome": "None", "interestIncome": "None", "interestExpense": "39100000", "nonInterestIncome": "None", "otherNonOperatingIncome": "700000", "depreciation": "None", "depreciationAndAmortization": "107100000", "incomeBeforeTax": "536100000", "incomeTaxExpense": "107400000", "interestAndDebtExpense": "None", "netIncomeFromContinuingOperations": "428700000", "comprehensiveIncomeNetOfTax": "None", "ebit": "571700000", "ebitda": "678800000", "netIncome": "406500000"}, {"fiscalDateEnding": "2012-12-31", "reportedCurrency": "USD", "grossProfit": "656200000", "totalRevenue": "1481400000", "costOfRevenue": "825200000", "costofGoodsAndServicesSold": "825200000", "operatingIncome": "616100000", "sellingGeneralAndAdministrative": "40200000", "researchAndDevelopment": "21900000", "operatingExpenses": "47600000", "investmentIncomeNet": "None", "netInterestIncome": "None", "interestIncome": "None", "interestExpense": "30400000", "nonInterestIncome": "None", "otherNonOperatingIncome": "11800000", "depreciation": "None", "depreciationAndAmortization": "101100000", "incomeBeforeTax": "588200000", "incomeTaxExpense": "242200000", "interestAndDebtExpense": "None", "netIncomeFromContinuingOperations": "346000000", "comprehensiveIncomeNetOfTax": "None", "ebit": "586500000", "ebitda": "687600000", "netIncome": "470700000"}, {"fiscalDateEnding": "2012-09-30", "reportedCurrency": "USD", "grossProfit": "702000000", "totalRevenue": "1359400000", "costOfRevenue": "657400000", "costofGoodsAndServicesSold": "657400000", "operatingIncome": "656900000", "sellingGeneralAndAdministrative": "36500000", "researchAndDevelopment": "0", "operatingExpenses": "45100000", "investmentIncomeNet": "None", "netInterestIncome": "None", "interestIncome": "None", "interestExpense": "28700000", "nonInterestIncome": "None", "otherNonOperatingIncome": "25700000", "depreciation": "None", "depreciationAndAmortization": "99700000", "incomeBeforeTax": "640200000", "incomeTaxExpense": "206000000", "interestAndDebtExpense": "None", "netIncomeFromContinuingOperations": "434200000", "comprehensiveIncomeNetOfTax": "None", "ebit": "665600000", "ebitda": "765300000", "netIncome": "403300000"}, {"fiscalDateEnding": "2012-06-30", "reportedCurrency": "USD", "grossProfit": "1043300000", "totalRevenue": "1735600000", "costOfRevenue": "692300000", "costofGoodsAndServicesSold": "692300000", "operatingIncome": "991200000", "sellingGeneralAndAdministrative": "41300000", "researchAndDevelopment": "0", "operatingExpenses": "52100000", "investmentIncomeNet": "None", "netInterestIncome": "None", "interestIncome": "None", "interestExpense": "45300000", "nonInterestIncome": "None", "otherNonOperatingIncome": "27800000", "depreciation": "None", "depreciationAndAmortization": "115900000", "incomeBeforeTax": "960300000", "incomeTaxExpense": "309200000", "interestAndDebtExpense": "None", "netIncomeFromContinuingOperations": "651100000", "comprehensiveIncomeNetOfTax": "None", "ebit": "985600000", "ebitda": "1101500000", "netIncome": "606300000"}, {"fiscalDateEnding": "2012-03-31", "reportedCurrency": "USD", "grossProfit": "711800000", "totalRevenue": "1527600000", "costOfRevenue": "815800000", "costofGoodsAndServicesSold": "815800000", "operatingIncome": "671200000", "sellingGeneralAndAdministrative": "33800000", "researchAndDevelopment": "0", "operatingExpenses": "56100000", "investmentIncomeNet": "None", "netInterestIncome": "None", "interestIncome": "None", "interestExpense": "30900000", "nonInterestIncome": "None", "otherNonOperatingIncome": "-1800000", "depreciation": "None", "depreciationAndAmortization": "103100000", "incomeBeforeTax": "640800000", "incomeTaxExpense": "206800000", "interestAndDebtExpense": "None", "netIncomeFromContinuingOperations": "434000000", "comprehensiveIncomeNetOfTax": "None", "ebit": "666600000", "ebitda": "769700000", "netIncome": "368400000"}, {"fiscalDateEnding": "2011-12-31", "reportedCurrency": "USD", "grossProfit": "865200000", "totalRevenue": "1718400000", "costOfRevenue": "853200000", "costofGoodsAndServicesSold": "853200000", "operatingIncome": "829100000", "sellingGeneralAndAdministrative": "36800000", "researchAndDevelopment": "0", "operatingExpenses": "45400000", "investmentIncomeNet": "None", "netInterestIncome": "None", "interestIncome": "None", "interestExpense": "32200000", "nonInterestIncome": "None", "otherNonOperatingIncome": "7100000", "depreciation": "None", "depreciationAndAmortization": "101300000", "incomeBeforeTax": "797100000", "incomeTaxExpense": "-301800000", "interestAndDebtExpense": "None", "netIncomeFromContinuingOperations": "495300000", "comprehensiveIncomeNetOfTax": "None", "ebit": "829300000", "ebitda": "930600000", "netIncome": "438900000"}, {"fiscalDateEnding": "2011-09-30", "reportedCurrency": "USD", "grossProfit": "638000000", "totalRevenue": "1403800000", "costOfRevenue": "765800000", "costofGoodsAndServicesSold": "765800000", "operatingIncome": "567300000", "sellingGeneralAndAdministrative": "30500000", "researchAndDevelopment": "0", "operatingExpenses": "69900000", "investmentIncomeNet": "None", "netInterestIncome": "None", "interestIncome": "None", "interestExpense": "32100000", "nonInterestIncome": "None", "otherNonOperatingIncome": "17100000", "depreciation": "None", "depreciationAndAmortization": "101600000", "incomeBeforeTax": "550600000", "incomeTaxExpense": "184900000", "interestAndDebtExpense": "None", "netIncomeFromContinuingOperations": "365700000", "comprehensiveIncomeNetOfTax": "None", "ebit": "582700000", "ebitda": "684300000", "netIncome": "330900000"}, {"fiscalDateEnding": "2011-06-30", "reportedCurrency": "USD", "grossProfit": "867400000", "totalRevenue": "1801700000", "costOfRevenue": "934300000", "costofGoodsAndServicesSold": "934300000", "operatingIncome": "844700000", "sellingGeneralAndAdministrative": "31700000", "researchAndDevelopment": "0", "operatingExpenses": "31700000", "investmentIncomeNet": "None", "netInterestIncome": "None", "interestIncome": "None", "interestExpense": "30800000", "nonInterestIncome": "None", "otherNonOperatingIncome": "10900000", "depreciation": "None", "depreciationAndAmortization": "94800000", "incomeBeforeTax": "815000000", "incomeTaxExpense": "281000000", "interestAndDebtExpense": "None", "netIncomeFromContinuingOperations": "534000000", "comprehensiveIncomeNetOfTax": "None", "ebit": "845800000", "ebitda": "940600000", "netIncome": "487400000"}, {"fiscalDateEnding": "2011-03-31", "reportedCurrency": "USD", "grossProfit": "525000000", "totalRevenue": "1174000000", "costOfRevenue": "649000000", "costofGoodsAndServicesSold": "649000000", "operatingIncome": "522900000", "sellingGeneralAndAdministrative": "31000000", "researchAndDevelopment": "0", "operatingExpenses": "31000000", "investmentIncomeNet": "None", "netInterestIncome": "None", "interestIncome": "None", "interestExpense": "52100000", "nonInterestIncome": "None", "otherNonOperatingIncome": "9100000", "depreciation": "None", "depreciationAndAmortization": "118500000", "incomeBeforeTax": "482900000", "incomeTaxExpense": "-158800000", "interestAndDebtExpense": "None", "netIncomeFromContinuingOperations": "324100000", "comprehensiveIncomeNetOfTax": "None", "ebit": "535000000", "ebitda": "653500000", "netIncome": "282000000"}, {"fiscalDateEnding": "2010-12-31", "reportedCurrency": "USD", "grossProfit": "483900000", "totalRevenue": "1237600000", "costOfRevenue": "753700000", "costofGoodsAndServicesSold": "753700000", "operatingIncome": "435000000", "sellingGeneralAndAdministrative": "32800000", "researchAndDevelopment": "0", "operatingExpenses": "45200000", "investmentIncomeNet": "None", "netInterestIncome": "None", "interestIncome": "None", "interestExpense": "50700000", "nonInterestIncome": "None", "otherNonOperatingIncome": "11700000", "depreciation": "None", "depreciationAndAmortization": "106300000", "incomeBeforeTax": "385000000", "incomeTaxExpense": "378100000", "interestAndDebtExpense": "None", "netIncomeFromContinuingOperations": "215700000", "comprehensiveIncomeNetOfTax": "None", "ebit": "435700000", "ebitda": "542000000", "netIncome": "200300000"}, {"fiscalDateEnding": "2010-09-30", "reportedCurrency": "USD", "grossProfit": "169800000", "totalRevenue": "917100000", "costOfRevenue": "747300000", "costofGoodsAndServicesSold": "747300000", "operatingIncome": "136800000", "sellingGeneralAndAdministrative": "28800000", "researchAndDevelopment": "0", "operatingExpenses": "24400000", "investmentIncomeNet": "None", "netInterestIncome": "None", "interestIncome": "None", "interestExpense": "58300000", "nonInterestIncome": "None", "otherNonOperatingIncome": "11600000", "depreciation": "None", "depreciationAndAmortization": "110400000", "incomeBeforeTax": "79300000", "incomeTaxExpense": "18900000", "interestAndDebtExpense": "None", "netIncomeFromContinuingOperations": "60400000", "comprehensiveIncomeNetOfTax": "None", "ebit": "137600000", "ebitda": "248000000", "netIncome": "48200000"}, {"fiscalDateEnding": "2010-06-30", "reportedCurrency": "USD", "grossProfit": "396800000", "totalRevenue": "1307900000", "costOfRevenue": "911100000", "costofGoodsAndServicesSold": "911100000", "operatingIncome": "350400000", "sellingGeneralAndAdministrative": "28300000", "researchAndDevelopment": "0", "operatingExpenses": "37100000", "investmentIncomeNet": "None", "netInterestIncome": "None", "interestIncome": "None", "interestExpense": "111900000", "nonInterestIncome": "None", "otherNonOperatingIncome": "-12000000", "depreciation": "None", "depreciationAndAmortization": "149800000", "incomeBeforeTax": "221700000", "incomeTaxExpense": "89900000", "interestAndDebtExpense": "None", "netIncomeFromContinuingOperations": "131800000", "comprehensiveIncomeNetOfTax": "None", "ebit": "333600000", "ebitda": "483400000", "netIncome": "105100000"}, {"fiscalDateEnding": "2010-03-31", "reportedCurrency": "USD", "grossProfit": "129000000", "totalRevenue": "502400000", "costOfRevenue": "373400000", "costofGoodsAndServicesSold": "373400000", "operatingIncome": "-26500000", "sellingGeneralAndAdministrative": "16200000", "researchAndDevelopment": "0", "operatingExpenses": "155500000", "investmentIncomeNet": "None", "netInterestIncome": "None", "interestIncome": "None", "interestExpense": "400000", "nonInterestIncome": "None", "otherNonOperatingIncome": "28700000", "depreciation": "None", "depreciationAndAmortization": "28300000", "incomeBeforeTax": "1700000", "incomeTaxExpense": "4400000", "interestAndDebtExpense": "None", "netIncomeFromContinuingOperations": "6100000", "comprehensiveIncomeNetOfTax": "None", "ebit": "2100000", "ebitda": "30400000", "netIncome": "-4400000"}, {"fiscalDateEnding": "2009-12-31", "reportedCurrency": "USD", "grossProfit": "126100000", "totalRevenue": "506700000", "costOfRevenue": "380600000", "costofGoodsAndServicesSold": "380600000", "operatingIncome": "71100000", "sellingGeneralAndAdministrative": "15900000", "researchAndDevelopment": "0", "operatingExpenses": "55000000", "investmentIncomeNet": "None", "netInterestIncome": "None", "interestIncome": "None", "interestExpense": "400000", "nonInterestIncome": "None", "otherNonOperatingIncome": "None", "depreciation": "None", "depreciationAndAmortization": "27700000", "incomeBeforeTax": "83500000", "incomeTaxExpense": "25900000", "interestAndDebtExpense": "None", "netIncomeFromContinuingOperations": "0", "comprehensiveIncomeNetOfTax": "None", "ebit": "83900000", "ebitda": "111600000", "netIncome": "51400000"}, {"fiscalDateEnding": "2009-09-30", "reportedCurrency": "USD", "grossProfit": "124000000", "totalRevenue": "430100000", "costOfRevenue": "306100000", "costofGoodsAndServicesSold": "306100000", "operatingIncome": "89800000", "sellingGeneralAndAdministrative": "15100000", "researchAndDevelopment": "0", "operatingExpenses": "34200000", "investmentIncomeNet": "None", "netInterestIncome": "None", "interestIncome": "None", "interestExpense": "400000", "nonInterestIncome": "None", "otherNonOperatingIncome": "2700000", "depreciation": "None", "depreciationAndAmortization": "27000000", "incomeBeforeTax": "91500000", "incomeTaxExpense": "32100000", "interestAndDebtExpense": "None", "netIncomeFromContinuingOperations": "59400000", "comprehensiveIncomeNetOfTax": "None", "ebit": "91900000", "ebitda": "118900000", "netIncome": "38500000"}, {"fiscalDateEnding": "2009-06-30", "reportedCurrency": "USD", "grossProfit": "427000000", "totalRevenue": "991000000", "costOfRevenue": "564000000", "costofGoodsAndServicesSold": "564000000", "operatingIncome": "395200000", "sellingGeneralAndAdministrative": "16500000", "researchAndDevelopment": "0", "operatingExpenses": "31800000", "investmentIncomeNet": "None", "netInterestIncome": "None", "interestIncome": "None", "interestExpense": "300000", "nonInterestIncome": "None", "otherNonOperatingIncome": "100000", "depreciation": "None", "depreciationAndAmortization": "24400000", "incomeBeforeTax": "395700000", "incomeTaxExpense": "146800000", "interestAndDebtExpense": "None", "netIncomeFromContinuingOperations": "248900000", "comprehensiveIncomeNetOfTax": "None", "ebit": "396000000", "ebitda": "420400000", "netIncome": "213000000"}, {"fiscalDateEnding": "2009-03-31", "reportedCurrency": "USD", "grossProfit": "162300000", "totalRevenue": "680600000", "costOfRevenue": "518300000", "costofGoodsAndServicesSold": "518300000", "operatingIncome": "123700000", "sellingGeneralAndAdministrative": "15400000", "researchAndDevelopment": "0", "operatingExpenses": "38600000", "investmentIncomeNet": "None", "netInterestIncome": "None", "interestIncome": "None", "interestExpense": "400000", "nonInterestIncome": "None", "otherNonOperatingIncome": "None", "depreciation": "None", "depreciationAndAmortization": "21900000", "incomeBeforeTax": "124900000", "incomeTaxExpense": "41200000", "interestAndDebtExpense": "None", "netIncomeFromContinuingOperations": "0", "comprehensiveIncomeNetOfTax": "None", "ebit": "125300000", "ebitda": "147200000", "netIncome": "62700000"}, {"fiscalDateEnding": "2008-12-31", "reportedCurrency": "USD", "grossProfit": "360700000", "totalRevenue": "1072000000", "costOfRevenue": "711300000", "costofGoodsAndServicesSold": "711300000", "operatingIncome": "343900000", "sellingGeneralAndAdministrative": "19500000", "researchAndDevelopment": "0", "operatingExpenses": "16800000", "investmentIncomeNet": "None", "netInterestIncome": "None", "interestIncome": "None", "interestExpense": "1600000", "nonInterestIncome": "None", "otherNonOperatingIncome": "None", "depreciation": "None", "depreciationAndAmortization": "25100000", "incomeBeforeTax": "297300000", "incomeTaxExpense": "103900000", "interestAndDebtExpense": "None", "netIncomeFromContinuingOperations": "0", "comprehensiveIncomeNetOfTax": "None", "ebit": "343900000", "ebitda": "369000000", "netIncome": "190100000"}, {"fiscalDateEnding": "2008-09-30", "reportedCurrency": "USD", "grossProfit": "120900000", "totalRevenue": "1020800000", "costOfRevenue": "899900000", "costofGoodsAndServicesSold": "899900000", "operatingIncome": "102600000", "sellingGeneralAndAdministrative": "16700000", "researchAndDevelopment": "0", "operatingExpenses": "18300000", "investmentIncomeNet": "None", "netInterestIncome": "None", "interestIncome": "None", "interestExpense": "400000", "nonInterestIncome": "None", "otherNonOperatingIncome": "None", "depreciation": "None", "depreciationAndAmortization": "24300000", "incomeBeforeTax": "76000000", "incomeTaxExpense": "27500000", "interestAndDebtExpense": "None", "netIncomeFromContinuingOperations": "0", "comprehensiveIncomeNetOfTax": "None", "ebit": "78300000", "ebitda": "102600000", "netIncome": "47100000"}, {"fiscalDateEnding": "2008-06-30", "reportedCurrency": "USD", "grossProfit": "469900000", "totalRevenue": "1161000000", "costOfRevenue": "691100000", "costofGoodsAndServicesSold": "691100000", "operatingIncome": "452100000", "sellingGeneralAndAdministrative": "18100000", "researchAndDevelopment": "0", "operatingExpenses": "17800000", "investmentIncomeNet": "None", "netInterestIncome": "None", "interestIncome": "None", "interestExpense": "400000", "nonInterestIncome": "None", "otherNonOperatingIncome": "None", "depreciation": "None", "depreciationAndAmortization": "25600000", "incomeBeforeTax": "441300000", "incomeTaxExpense": "159900000", "interestAndDebtExpense": "None", "netIncomeFromContinuingOperations": "0", "comprehensiveIncomeNetOfTax": "None", "ebit": "460800000", "ebitda": "486400000", "netIncome": "288600000"}, {"fiscalDateEnding": "2008-03-31", "reportedCurrency": "USD", "grossProfit": "271200000", "totalRevenue": "667300000", "costOfRevenue": "396100000", "costofGoodsAndServicesSold": "396100000", "operatingIncome": "251600000", "sellingGeneralAndAdministrative": "19600000", "researchAndDevelopment": "0", "operatingExpenses": "19600000", "investmentIncomeNet": "None", "netInterestIncome": "None", "interestIncome": "None", "interestExpense": "400000", "nonInterestIncome": "None", "otherNonOperatingIncome": "None", "depreciation": "None", "depreciationAndAmortization": "25800000", "incomeBeforeTax": "243900000", "incomeTaxExpense": "86800000", "interestAndDebtExpense": "None", "netIncomeFromContinuingOperations": "0", "comprehensiveIncomeNetOfTax": "None", "ebit": "262800000", "ebitda": "288600000", "netIncome": "158800000"}, {"fiscalDateEnding": "2007-12-31", "reportedCurrency": "USD", "grossProfit": "236000000", "totalRevenue": "852500000", "costOfRevenue": "616500000", "costofGoodsAndServicesSold": "616500000", "operatingIncome": "214200000", "sellingGeneralAndAdministrative": "20600000", "researchAndDevelopment": "0", "operatingExpenses": "21800000", "investmentIncomeNet": "None", "netInterestIncome": "None", "interestIncome": "None", "interestExpense": "1700000", "nonInterestIncome": "None", "otherNonOperatingIncome": "None", "depreciation": "None", "depreciationAndAmortization": "23400000", "incomeBeforeTax": "206800000", "incomeTaxExpense": "72300000", "interestAndDebtExpense": "None", "netIncomeFromContinuingOperations": "0", "comprehensiveIncomeNetOfTax": "None", "ebit": "214200000", "ebitda": "237600000", "netIncome": "135400000"}, {"fiscalDateEnding": "2007-09-30", "reportedCurrency": "USD", "grossProfit": "151300000", "totalRevenue": "582900000", "costOfRevenue": "431600000", "costofGoodsAndServicesSold": "431600000", "operatingIncome": "137900000", "sellingGeneralAndAdministrative": "16600000", "researchAndDevelopment": "0", "operatingExpenses": "13400000", "investmentIncomeNet": "None", "netInterestIncome": "None", "interestIncome": "None", "interestExpense": "500000", "nonInterestIncome": "None", "otherNonOperatingIncome": "None", "depreciation": "None", "depreciationAndAmortization": "20600000", "incomeBeforeTax": "132600000", "incomeTaxExpense": "46100000", "interestAndDebtExpense": "None", "netIncomeFromContinuingOperations": "0", "comprehensiveIncomeNetOfTax": "None", "ebit": "117300000", "ebitda": "137900000", "netIncome": "86500000"}, {"fiscalDateEnding": "2007-06-30", "reportedCurrency": "USD", "grossProfit": "177600000", "totalRevenue": "848900000", "costOfRevenue": "671300000", "costofGoodsAndServicesSold": "671300000", "operatingIncome": "159400000", "sellingGeneralAndAdministrative": "18200000", "researchAndDevelopment": "0", "operatingExpenses": "18200000", "investmentIncomeNet": "None", "netInterestIncome": "None", "interestIncome": "None", "interestExpense": "300000", "nonInterestIncome": "None", "otherNonOperatingIncome": "None", "depreciation": "None", "depreciationAndAmortization": "20400000", "incomeBeforeTax": "144900000", "incomeTaxExpense": "51300000", "interestAndDebtExpense": "None", "netIncomeFromContinuingOperations": "0", "comprehensiveIncomeNetOfTax": "None", "ebit": "139000000", "ebitda": "159400000", "netIncome": "93600000"}, {"fiscalDateEnding": "2007-03-31", "reportedCurrency": "USD", "grossProfit": "105100000", "totalRevenue": "447700000", "costOfRevenue": "342600000", "costofGoodsAndServicesSold": "342600000", "operatingIncome": "90100000", "sellingGeneralAndAdministrative": "15000000", "researchAndDevelopment": "0", "operatingExpenses": "15000000", "investmentIncomeNet": "None", "netInterestIncome": "None", "interestIncome": "None", "interestExpense": "500000", "nonInterestIncome": "None", "otherNonOperatingIncome": "None", "depreciation": "None", "depreciationAndAmortization": "20100000", "incomeBeforeTax": "87000000", "incomeTaxExpense": "29800000", "interestAndDebtExpense": "None", "netIncomeFromContinuingOperations": "0", "comprehensiveIncomeNetOfTax": "None", "ebit": "70000000", "ebitda": "90100000", "netIncome": "57200000"}, {"fiscalDateEnding": "2006-12-31", "reportedCurrency": "USD", "grossProfit": "42900000", "totalRevenue": "506200000", "costOfRevenue": "463300000", "costofGoodsAndServicesSold": "463300000", "operatingIncome": "10900000", "sellingGeneralAndAdministrative": "10600000", "researchAndDevelopment": "0", "operatingExpenses": "32000000", "investmentIncomeNet": "None", "netInterestIncome": "None", "interestIncome": "None", "interestExpense": "2900000", "nonInterestIncome": "None", "otherNonOperatingIncome": "None", "depreciation": "None", "depreciationAndAmortization": "24300000", "incomeBeforeTax": "12500000", "incomeTaxExpense": "4500000", "interestAndDebtExpense": "None", "netIncomeFromContinuingOperations": "0", "comprehensiveIncomeNetOfTax": "None", "ebit": "10900000", "ebitda": "35200000", "netIncome": "8000000"}, {"fiscalDateEnding": "2006-09-30", "reportedCurrency": "USD", "grossProfit": "25800000", "totalRevenue": "378000000", "costOfRevenue": "352200000", "costofGoodsAndServicesSold": "352200000", "operatingIncome": "12300000", "sellingGeneralAndAdministrative": "13500000", "researchAndDevelopment": "0", "operatingExpenses": "13500000", "investmentIncomeNet": "None", "netInterestIncome": "None", "interestIncome": "None", "interestExpense": "500000", "nonInterestIncome": "None", "otherNonOperatingIncome": "None", "depreciation": "None", "depreciationAndAmortization": "22900000", "incomeBeforeTax": "11000000", "incomeTaxExpense": "3700000", "interestAndDebtExpense": "None", "netIncomeFromContinuingOperations": "0", "comprehensiveIncomeNetOfTax": "None", "ebit": "-10600000", "ebitda": "12300000", "netIncome": "7300000"}, {"fiscalDateEnding": "2006-06-30", "reportedCurrency": "USD", "grossProfit": "101200000", "totalRevenue": "664800000", "costOfRevenue": "563600000", "costofGoodsAndServicesSold": "563600000", "operatingIncome": "85300000", "sellingGeneralAndAdministrative": "15900000", "researchAndDevelopment": "0", "operatingExpenses": "15900000", "investmentIncomeNet": "None", "netInterestIncome": "None", "interestIncome": "None", "interestExpense": "1500000", "nonInterestIncome": "None", "otherNonOperatingIncome": "None", "depreciation": "None", "depreciationAndAmortization": "24900000", "incomeBeforeTax": "70300000", "incomeTaxExpense": "27700000", "interestAndDebtExpense": "None", "netIncomeFromContinuingOperations": "0", "comprehensiveIncomeNetOfTax": "None", "ebit": "60400000", "ebitda": "85300000", "netIncome": "42600000"}, {"fiscalDateEnding": "2006-03-31", "reportedCurrency": "USD", "grossProfit": "-22700000", "totalRevenue": "400500000", "costOfRevenue": "423200000", "costofGoodsAndServicesSold": "423200000", "operatingIncome": "-37200000", "sellingGeneralAndAdministrative": "14500000", "researchAndDevelopment": "0", "operatingExpenses": "14500000", "investmentIncomeNet": "None", "netInterestIncome": "None", "interestIncome": "None", "interestExpense": "500000", "nonInterestIncome": "None", "otherNonOperatingIncome": "None", "depreciation": "None", "depreciationAndAmortization": "22500000", "incomeBeforeTax": "-40800000", "incomeTaxExpense": "-16200000", "interestAndDebtExpense": "None", "netIncomeFromContinuingOperations": "0", "comprehensiveIncomeNetOfTax": "None", "ebit": "-37200000", "ebitda": "-14700000", "netIncome": "-24600000"}, {"fiscalDateEnding": "2005-12-31", "reportedCurrency": "USD", "grossProfit": "2260000", "totalRevenue": "462985000", "costOfRevenue": "460725000", "costofGoodsAndServicesSold": "460725000", "operatingIncome": "-22029000", "sellingGeneralAndAdministrative": "22089000", "researchAndDevelopment": "0", "operatingExpenses": "24289000", "investmentIncomeNet": "None", "netInterestIncome": "None", "interestIncome": "None", "interestExpense": "14000000", "nonInterestIncome": "None", "otherNonOperatingIncome": "None", "depreciation": "None", "depreciationAndAmortization": "21069000", "incomeBeforeTax": "-18675000", "incomeTaxExpense": "-8729000", "interestAndDebtExpense": "None", "netIncomeFromContinuingOperations": "0", "comprehensiveIncomeNetOfTax": "None", "ebit": "-22029000", "ebitda": "-960000", "netIncome": "-12762000"}, {"fiscalDateEnding": "2005-09-30", "reportedCurrency": "USD", "grossProfit": "56030000", "totalRevenue": "359430000", "costOfRevenue": "303400000", "costofGoodsAndServicesSold": "303400000", "operatingIncome": "35180000", "sellingGeneralAndAdministrative": "20850000", "researchAndDevelopment": "0", "operatingExpenses": "20850000", "investmentIncomeNet": "None", "netInterestIncome": "None", "interestIncome": "None", "interestExpense": "2982000", "nonInterestIncome": "None", "otherNonOperatingIncome": "None", "depreciation": "None", "depreciationAndAmortization": "23224000", "incomeBeforeTax": "3303000", "incomeTaxExpense": "94672000", "interestAndDebtExpense": "None", "netIncomeFromContinuingOperations": "0", "comprehensiveIncomeNetOfTax": "None", "ebit": "36976000", "ebitda": "60200000", "netIncome": "-91388000"}, {"fiscalDateEnding": "2005-06-30", "reportedCurrency": "USD", "grossProfit": "75455000", "totalRevenue": "542993000", "costOfRevenue": "467538000", "costofGoodsAndServicesSold": "467538000", "operatingIncome": "61375000", "sellingGeneralAndAdministrative": "14081000", "researchAndDevelopment": "0", "operatingExpenses": "14080000", "investmentIncomeNet": "None", "netInterestIncome": "None", "interestIncome": "None", "interestExpense": "5200000", "nonInterestIncome": "None", "otherNonOperatingIncome": "None", "depreciation": "None", "depreciationAndAmortization": "-168000", "incomeBeforeTax": "53936000", "incomeTaxExpense": "21379000", "interestAndDebtExpense": "None", "netIncomeFromContinuingOperations": "0", "comprehensiveIncomeNetOfTax": "None", "ebit": "79768000", "ebitda": "79600000", "netIncome": "32575000"}, {"fiscalDateEnding": "2005-03-31", "reportedCurrency": "USD", "grossProfit": "0", "totalRevenue": "459300000", "costOfRevenue": "377400000", "costofGoodsAndServicesSold": "377400000", "operatingIncome": "43500000", "sellingGeneralAndAdministrative": "11800000", "researchAndDevelopment": "0", "operatingExpenses": "0", "investmentIncomeNet": "None", "netInterestIncome": "None", "interestIncome": "None", "interestExpense": "5300000", "nonInterestIncome": "None", "otherNonOperatingIncome": "None", "depreciation": "None", "depreciationAndAmortization": "None", "incomeBeforeTax": "41700000", "incomeTaxExpense": "14500000", "interestAndDebtExpense": "None", "netIncomeFromContinuingOperations": "0", "comprehensiveIncomeNetOfTax": "None", "ebit": "0", "ebitda": "None", "netIncome": "22300000"}, {"fiscalDateEnding": "2004-12-31", "reportedCurrency": "USD", "grossProfit": "71302000", "totalRevenue": "478593000", "costOfRevenue": "407291000", "costofGoodsAndServicesSold": "407291000", "operatingIncome": "41351000", "sellingGeneralAndAdministrative": "29951000", "researchAndDevelopment": "0", "operatingExpenses": "29951000", "investmentIncomeNet": "None", "netInterestIncome": "None", "interestIncome": "None", "interestExpense": "2972000", "nonInterestIncome": "None", "otherNonOperatingIncome": "None", "depreciation": "None", "depreciationAndAmortization": "27580000", "incomeBeforeTax": "29387000", "incomeTaxExpense": "11159000", "interestAndDebtExpense": "None", "netIncomeFromContinuingOperations": "0", "comprehensiveIncomeNetOfTax": "None", "ebit": "41351000", "ebitda": "68931000", "netIncome": "18115000"}]}