{"symbol": "ALGN", "annualReports": [{"fiscalDateEnding": "2024-12-31", "reportedCurrency": "USD", "grossProfit": "2799159000", "totalRevenue": "3999012000", "costOfRevenue": "1199853000", "costofGoodsAndServicesSold": "1199853000", "operatingIncome": "607628000", "sellingGeneralAndAdministrative": "1763193000", "researchAndDevelopment": "364202000", "operatingExpenses": "2191531000", "investmentIncomeNet": "None", "netInterestIncome": "20218000", "interestIncome": "20218000", "interestExpense": "None", "nonInterestIncome": "None", "otherNonOperatingIncome": "None", "depreciation": "None", "depreciationAndAmortization": "145034000", "incomeBeforeTax": "608959000", "incomeTaxExpense": "187597000", "interestAndDebtExpense": "None", "netIncomeFromContinuingOperations": "421362000", "comprehensiveIncomeNetOfTax": "None", "ebit": "671764000", "ebitda": "816798000", "netIncome": "421362000"}, {"fiscalDateEnding": "2023-12-31", "reportedCurrency": "USD", "grossProfit": "2706863000", "totalRevenue": "3862260000", "costOfRevenue": "1155397000", "costofGoodsAndServicesSold": "1155397000", "operatingIncome": "643338000", "sellingGeneralAndAdministrative": "1710943000", "researchAndDevelopment": "346830000", "operatingExpenses": "2050209000", "investmentIncomeNet": "None", "netInterestIncome": "15040000", "interestIncome": "15040000", "interestExpense": "2134000", "nonInterestIncome": "None", "otherNonOperatingIncome": "None", "depreciation": "None", "depreciationAndAmortization": "-13989000", "incomeBeforeTax": "641204000", "incomeTaxExpense": "196151000", "interestAndDebtExpense": "None", "netIncomeFromContinuingOperations": "362814000", "comprehensiveIncomeNetOfTax": "None", "ebit": "643338000", "ebitda": "643338000", "netIncome": "445053000"}, {"fiscalDateEnding": "2022-12-31", "reportedCurrency": "USD", "grossProfit": "2633775000", "totalRevenue": "3734635000", "costOfRevenue": "1100860000", "costofGoodsAndServicesSold": "1100860000", "operatingIncome": "642595000", "sellingGeneralAndAdministrative": "1674469000", "researchAndDevelopment": "305258000", "operatingExpenses": "1979727000", "investmentIncomeNet": "None", "netInterestIncome": "5367000", "interestIncome": "5367000", "interestExpense": "5367000", "nonInterestIncome": "None", "otherNonOperatingIncome": "None", "depreciation": "None", "depreciationAndAmortization": "156320000", "incomeBeforeTax": "599057000", "incomeTaxExpense": "237484000", "interestAndDebtExpense": "None", "netIncomeFromContinuingOperations": "361573000", "comprehensiveIncomeNetOfTax": "None", "ebit": "599057000", "ebitda": "755377000", "netIncome": "361573000"}, {"fiscalDateEnding": "2021-12-31", "reportedCurrency": "USD", "grossProfit": "2935355000", "totalRevenue": "3952584000", "costOfRevenue": "1017229000", "costofGoodsAndServicesSold": "1017229000", "operatingIncome": "976400000", "sellingGeneralAndAdministrative": "1708640000", "researchAndDevelopment": "250315000", "operatingExpenses": "1958955000", "investmentIncomeNet": "None", "netInterestIncome": "3103000", "interestIncome": "3103000", "interestExpense": "36023000", "nonInterestIncome": "None", "otherNonOperatingIncome": "36023000", "depreciation": "None", "depreciationAndAmortization": "108729000", "incomeBeforeTax": "1012423000", "incomeTaxExpense": "240403000", "interestAndDebtExpense": "None", "netIncomeFromContinuingOperations": "772020000", "comprehensiveIncomeNetOfTax": "None", "ebit": "976400000", "ebitda": "1085129000", "netIncome": "772020000"}, {"fiscalDateEnding": "2020-12-31", "reportedCurrency": "USD", "grossProfit": "1763235000", "totalRevenue": "2471941000", "costOfRevenue": "708706000", "costofGoodsAndServicesSold": "708706000", "operatingIncome": "293633000", "sellingGeneralAndAdministrative": "1200757000", "researchAndDevelopment": "175307000", "operatingExpenses": "1376064000", "investmentIncomeNet": "None", "netInterestIncome": "3125000", "interestIncome": "3125000", "interestExpense": "8222000", "nonInterestIncome": "None", "otherNonOperatingIncome": "-8222000", "depreciation": "None", "depreciationAndAmortization": "115967000", "incomeBeforeTax": "378949000", "incomeTaxExpense": "-1396939000", "interestAndDebtExpense": "None", "netIncomeFromContinuingOperations": "1775888000", "comprehensiveIncomeNetOfTax": "None", "ebit": "271204000", "ebitda": "387171000", "netIncome": "1775888000"}, {"fiscalDateEnding": "2019-12-31", "reportedCurrency": "USD", "grossProfit": "1743897000", "totalRevenue": "2406796000", "costOfRevenue": "662899000", "costofGoodsAndServicesSold": "662899000", "operatingIncome": "407483000", "sellingGeneralAndAdministrative": "952953000", "researchAndDevelopment": "157361000", "operatingExpenses": "1229414000", "investmentIncomeNet": "None", "netInterestIncome": "12482000", "interestIncome": "12482000", "interestExpense": "147640000", "nonInterestIncome": "None", "otherNonOperatingIncome": "12630000", "depreciation": "None", "depreciationAndAmortization": "103375000", "incomeBeforeTax": "562651000", "incomeTaxExpense": "112347000", "interestAndDebtExpense": "None", "netIncomeFromContinuingOperations": "450304000", "comprehensiveIncomeNetOfTax": "None", "ebit": "562651000", "ebitda": "666026000", "netIncome": "442776000"}, {"fiscalDateEnding": "2018-12-31", "reportedCurrency": "USD", "grossProfit": "1447867000", "totalRevenue": "1966492000", "costOfRevenue": "518625000", "costofGoodsAndServicesSold": "518625000", "operatingIncome": "466564000", "sellingGeneralAndAdministrative": "852404000", "researchAndDevelopment": "128899000", "operatingExpenses": "981303000", "investmentIncomeNet": "None", "netInterestIncome": "8576000", "interestIncome": "8576000", "interestExpense": "0", "nonInterestIncome": "None", "otherNonOperatingIncome": "-8606000", "depreciation": "None", "depreciationAndAmortization": "54727000", "incomeBeforeTax": "466651000", "incomeTaxExpense": "57723000", "interestAndDebtExpense": "None", "netIncomeFromContinuingOperations": "400235000", "comprehensiveIncomeNetOfTax": "None", "ebit": "466564000", "ebitda": "521291000", "netIncome": "400235000"}, {"fiscalDateEnding": "2017-12-31", "reportedCurrency": "USD", "grossProfit": "1116947000", "totalRevenue": "1473413000", "costOfRevenue": "356466000", "costofGoodsAndServicesSold": "356466000", "operatingIncome": "353611000", "sellingGeneralAndAdministrative": "665777000", "researchAndDevelopment": "97559000", "operatingExpenses": "763336000", "investmentIncomeNet": "None", "netInterestIncome": "11188000", "interestIncome": "11188000", "interestExpense": "11188000", "nonInterestIncome": "None", "otherNonOperatingIncome": "7969000", "depreciation": "None", "depreciationAndAmortization": "37739000", "incomeBeforeTax": "364799000", "incomeTaxExpense": "130162000", "interestAndDebtExpense": "None", "netIncomeFromContinuingOperations": "231418000", "comprehensiveIncomeNetOfTax": "None", "ebit": "353611000", "ebitda": "391350000", "netIncome": "231418000"}, {"fiscalDateEnding": "2016-12-31", "reportedCurrency": "USD", "grossProfit": "815294000", "totalRevenue": "1079874000", "costOfRevenue": "264580000", "costofGoodsAndServicesSold": "264580000", "operatingIncome": "248921000", "sellingGeneralAndAdministrative": "454653000", "researchAndDevelopment": "75720000", "operatingExpenses": "566373000", "investmentIncomeNet": "None", "netInterestIncome": "-6355000", "interestIncome": "6355000", "interestExpense": "6355000", "nonInterestIncome": "None", "otherNonOperatingIncome": "-8039000", "depreciation": "None", "depreciationAndAmortization": "24002000", "incomeBeforeTax": "242566000", "incomeTaxExpense": "51200000", "interestAndDebtExpense": "None", "netIncomeFromContinuingOperations": "189682000", "comprehensiveIncomeNetOfTax": "None", "ebit": "248921000", "ebitda": "272923000", "netIncome": "189682000"}, {"fiscalDateEnding": "2015-12-31", "reportedCurrency": "USD", "grossProfit": "640110000", "totalRevenue": "845486000", "costOfRevenue": "205376000", "costofGoodsAndServicesSold": "205376000", "operatingIncome": "188634000", "sellingGeneralAndAdministrative": "366839000", "researchAndDevelopment": "61237000", "operatingExpenses": "451476000", "investmentIncomeNet": "None", "netInterestIncome": "None", "interestIncome": "2533000", "interestExpense": "2533000", "nonInterestIncome": "None", "otherNonOperatingIncome": "-2533000", "depreciation": "None", "depreciationAndAmortization": "18004000", "incomeBeforeTax": "186101000", "incomeTaxExpense": "42081000", "interestAndDebtExpense": "None", "netIncomeFromContinuingOperations": "144020000", "comprehensiveIncomeNetOfTax": "None", "ebit": "188634000", "ebitda": "206638000", "netIncome": "144020000"}, {"fiscalDateEnding": "2014-12-31", "reportedCurrency": "USD", "grossProfit": "578443000", "totalRevenue": "761653000", "costOfRevenue": "183210000", "costofGoodsAndServicesSold": "183210000", "operatingIncome": "193576000", "sellingGeneralAndAdministrative": "114806000", "researchAndDevelopment": "52799000", "operatingExpenses": "384867000", "investmentIncomeNet": "None", "netInterestIncome": "None", "interestIncome": "None", "interestExpense": "3207000", "nonInterestIncome": "None", "otherNonOperatingIncome": "-3207000", "depreciation": "None", "depreciationAndAmortization": "17856000", "incomeBeforeTax": "190369000", "incomeTaxExpense": "44537000", "interestAndDebtExpense": "None", "netIncomeFromContinuingOperations": "145832000", "comprehensiveIncomeNetOfTax": "None", "ebit": "193576000", "ebitda": "211432000", "netIncome": "145832000"}, {"fiscalDateEnding": "2013-12-31", "reportedCurrency": "USD", "grossProfit": "498106000", "totalRevenue": "660206000", "costOfRevenue": "162100000", "costofGoodsAndServicesSold": "162100000", "operatingIncome": "94212000", "sellingGeneralAndAdministrative": "112752000", "researchAndDevelopment": "44083000", "operatingExpenses": "336881000", "investmentIncomeNet": "None", "netInterestIncome": "None", "interestIncome": "None", "interestExpense": "0", "nonInterestIncome": "None", "otherNonOperatingIncome": "-1073000", "depreciation": "None", "depreciationAndAmortization": "16825000", "incomeBeforeTax": "93139000", "incomeTaxExpense": "28844000", "interestAndDebtExpense": "None", "netIncomeFromContinuingOperations": "64295000", "comprehensiveIncomeNetOfTax": "None", "ebit": "161225000", "ebitda": "178050000", "netIncome": "64295000"}, {"fiscalDateEnding": "2012-12-31", "reportedCurrency": "USD", "grossProfit": "416388000", "totalRevenue": "560041000", "costOfRevenue": "143653000", "costofGoodsAndServicesSold": "143653000", "operatingIncome": "85592000", "sellingGeneralAndAdministrative": "95840000", "researchAndDevelopment": "42869000", "operatingExpenses": "294205000", "investmentIncomeNet": "None", "netInterestIncome": "None", "interestIncome": "None", "interestExpense": "2053000", "nonInterestIncome": "None", "otherNonOperatingIncome": "-1296000", "depreciation": "None", "depreciationAndAmortization": "3455000", "incomeBeforeTax": "84296000", "incomeTaxExpense": "25605000", "interestAndDebtExpense": "None", "netIncomeFromContinuingOperations": "58691000", "comprehensiveIncomeNetOfTax": "None", "ebit": "98652000", "ebitda": "102107000", "netIncome": "58691000"}, {"fiscalDateEnding": "2011-12-31", "reportedCurrency": "USD", "grossProfit": "361283000", "totalRevenue": "479741000", "costOfRevenue": "118458000", "costofGoodsAndServicesSold": "118458000", "operatingIncome": "90360000", "sellingGeneralAndAdministrative": "89152000", "researchAndDevelopment": "37154000", "operatingExpenses": "270923000", "investmentIncomeNet": "None", "netInterestIncome": "None", "interestIncome": "None", "interestExpense": "51000", "nonInterestIncome": "None", "otherNonOperatingIncome": "-368000", "depreciation": "None", "depreciationAndAmortization": "2443000", "incomeBeforeTax": "89941000", "incomeTaxExpense": "23225000", "interestAndDebtExpense": "None", "netIncomeFromContinuingOperations": "66716000", "comprehensiveIncomeNetOfTax": "None", "ebit": "87917000", "ebitda": "90360000", "netIncome": "66716000"}, {"fiscalDateEnding": "2010-12-31", "reportedCurrency": "USD", "grossProfit": "303417000", "totalRevenue": "387126000", "costOfRevenue": "83709000", "costofGoodsAndServicesSold": "83709000", "operatingIncome": "102734000", "sellingGeneralAndAdministrative": "64790000", "researchAndDevelopment": "25997000", "operatingExpenses": "204800000", "investmentIncomeNet": "None", "netInterestIncome": "None", "interestIncome": "None", "interestExpense": "19000", "nonInterestIncome": "None", "otherNonOperatingIncome": "-712000", "depreciation": "None", "depreciationAndAmortization": "14186000", "incomeBeforeTax": "102003000", "incomeTaxExpense": "27750000", "interestAndDebtExpense": "None", "netIncomeFromContinuingOperations": "74253000", "comprehensiveIncomeNetOfTax": "None", "ebit": "102003000", "ebitda": "116189000", "netIncome": "74253000"}, {"fiscalDateEnding": "2009-12-31", "reportedCurrency": "USD", "grossProfit": "233492000", "totalRevenue": "312333000", "costOfRevenue": "78841000", "costofGoodsAndServicesSold": "78841000", "operatingIncome": "-34012000", "sellingGeneralAndAdministrative": "61718000", "researchAndDevelopment": "22252000", "operatingExpenses": "266185000", "investmentIncomeNet": "None", "netInterestIncome": "None", "interestIncome": "None", "interestExpense": "85000", "nonInterestIncome": "None", "otherNonOperatingIncome": "None", "depreciation": "None", "depreciationAndAmortization": "13004000", "incomeBeforeTax": "-33893000", "incomeTaxExpense": "-2624000", "interestAndDebtExpense": "None", "netIncomeFromContinuingOperations": "None", "comprehensiveIncomeNetOfTax": "None", "ebit": "-33808000", "ebitda": "-20804000", "netIncome": "-31269000"}, {"fiscalDateEnding": "2008-12-31", "reportedCurrency": "USD", "grossProfit": "225126000", "totalRevenue": "303976000", "costOfRevenue": "78850000", "costofGoodsAndServicesSold": "78850000", "operatingIncome": "15514000", "sellingGeneralAndAdministrative": "62154000", "researchAndDevelopment": "26165000", "operatingExpenses": "203381000", "investmentIncomeNet": "None", "netInterestIncome": "None", "interestIncome": "None", "interestExpense": "24000", "nonInterestIncome": "None", "otherNonOperatingIncome": "None", "depreciation": "None", "depreciationAndAmortization": "12791000", "incomeBeforeTax": "17076000", "incomeTaxExpense": "-62911000", "interestAndDebtExpense": "None", "netIncomeFromContinuingOperations": "None", "comprehensiveIncomeNetOfTax": "None", "ebit": "17100000", "ebitda": "29891000", "netIncome": "79987000"}, {"fiscalDateEnding": "2007-12-31", "reportedCurrency": "USD", "grossProfit": "209297000", "totalRevenue": "284332000", "costOfRevenue": "75035000", "costofGoodsAndServicesSold": "75035000", "operatingIncome": "33855000", "sellingGeneralAndAdministrative": "53280000", "researchAndDevelopment": "25727000", "operatingExpenses": "175442000", "investmentIncomeNet": "None", "netInterestIncome": "None", "interestIncome": "None", "interestExpense": "342000", "nonInterestIncome": "None", "otherNonOperatingIncome": "None", "depreciation": "None", "depreciationAndAmortization": "13385000", "incomeBeforeTax": "36950000", "incomeTaxExpense": "1226000", "interestAndDebtExpense": "None", "netIncomeFromContinuingOperations": "None", "comprehensiveIncomeNetOfTax": "None", "ebit": "33855000", "ebitda": "47240000", "netIncome": "35724000"}, {"fiscalDateEnding": "2006-12-31", "reportedCurrency": "USD", "grossProfit": "141579000", "totalRevenue": "206354000", "costOfRevenue": "64775000", "costofGoodsAndServicesSold": "64775000", "operatingIncome": "-37536000", "sellingGeneralAndAdministrative": "64305000", "researchAndDevelopment": "18474000", "operatingExpenses": "179115000", "investmentIncomeNet": "None", "netInterestIncome": "None", "interestIncome": "None", "interestExpense": "296000", "nonInterestIncome": "None", "otherNonOperatingIncome": "None", "depreciation": "None", "depreciationAndAmortization": "10271000", "incomeBeforeTax": "-34135000", "incomeTaxExpense": "828000", "interestAndDebtExpense": "None", "netIncomeFromContinuingOperations": "None", "comprehensiveIncomeNetOfTax": "None", "ebit": "-33839000", "ebitda": "-23568000", "netIncome": "-34963000"}, {"fiscalDateEnding": "2005-12-31", "reportedCurrency": "USD", "grossProfit": "143341000", "totalRevenue": "207125000", "costOfRevenue": "63784000", "costofGoodsAndServicesSold": "63784000", "operatingIncome": "2446000", "sellingGeneralAndAdministrative": "42242000", "researchAndDevelopment": "18585000", "operatingExpenses": "140895000", "investmentIncomeNet": "None", "netInterestIncome": "None", "interestIncome": "None", "interestExpense": "110000", "nonInterestIncome": "None", "otherNonOperatingIncome": "None", "depreciation": "None", "depreciationAndAmortization": "10451000", "incomeBeforeTax": "2729000", "incomeTaxExpense": "1316000", "interestAndDebtExpense": "None", "netIncomeFromContinuingOperations": "None", "comprehensiveIncomeNetOfTax": "None", "ebit": "2446000", "ebitda": "12897000", "netIncome": "1413000"}], "quarterlyReports": [{"fiscalDateEnding": "2024-12-31", "reportedCurrency": "USD", "grossProfit": "696941000", "totalRevenue": "995219000", "costOfRevenue": "298278000", "costofGoodsAndServicesSold": "298278000", "operatingIncome": "144149000", "sellingGeneralAndAdministrative": "424971000", "researchAndDevelopment": "94878000", "operatingExpenses": "552792000", "investmentIncomeNet": "None", "netInterestIncome": "8522000", "interestIncome": "8522000", "interestExpense": "None", "nonInterestIncome": "None", "otherNonOperatingIncome": "None", "depreciation": "None", "depreciationAndAmortization": "38129000", "incomeBeforeTax": "140777000", "incomeTaxExpense": "36970000", "interestAndDebtExpense": "None", "netIncomeFromContinuingOperations": "103807000", "comprehensiveIncomeNetOfTax": "None", "ebit": "177092000", "ebitda": "215221000", "netIncome": "103807000"}, {"fiscalDateEnding": "2024-09-30", "reportedCurrency": "USD", "grossProfit": "681774000", "totalRevenue": "977872000", "costOfRevenue": "296098000", "costofGoodsAndServicesSold": "296098000", "operatingIncome": "162298000", "sellingGeneralAndAdministrative": "434138000", "researchAndDevelopment": "85272000", "operatingExpenses": "519410000", "investmentIncomeNet": "None", "netInterestIncome": "4003000", "interestIncome": "4003000", "interestExpense": "1071000", "nonInterestIncome": "None", "otherNonOperatingIncome": "None", "depreciation": "None", "depreciationAndAmortization": "37793000", "incomeBeforeTax": "165930000", "incomeTaxExpense": "49967000", "interestAndDebtExpense": "None", "netIncomeFromContinuingOperations": "115963000", "comprehensiveIncomeNetOfTax": "None", "ebit": "165930000", "ebitda": "203723000", "netIncome": "115963000"}, {"fiscalDateEnding": "2024-06-30", "reportedCurrency": "USD", "grossProfit": "728138000", "totalRevenue": "1028490000", "costOfRevenue": "300352000", "costofGoodsAndServicesSold": "300352000", "operatingIncome": "178173000", "sellingGeneralAndAdministrative": "452262000", "researchAndDevelopment": "92193000", "operatingExpenses": "549965000", "investmentIncomeNet": "None", "netInterestIncome": "3301000", "interestIncome": "3301000", "interestExpense": "3180000", "nonInterestIncome": "None", "otherNonOperatingIncome": "None", "depreciation": "None", "depreciationAndAmortization": "36166000", "incomeBeforeTax": "143866000", "incomeTaxExpense": "47302000", "interestAndDebtExpense": "None", "netIncomeFromContinuingOperations": "96564000", "comprehensiveIncomeNetOfTax": "None", "ebit": "178173000", "ebitda": "214339000", "netIncome": "96564000"}, {"fiscalDateEnding": "2024-03-31", "reportedCurrency": "USD", "grossProfit": "703265000", "totalRevenue": "997431000", "costOfRevenue": "294166000", "costofGoodsAndServicesSold": "294166000", "operatingIncome": "154135000", "sellingGeneralAndAdministrative": "451822000", "researchAndDevelopment": "91859000", "operatingExpenses": "549130000", "investmentIncomeNet": "None", "netInterestIncome": "4392000", "interestIncome": "4392000", "interestExpense": "4251000", "nonInterestIncome": "None", "otherNonOperatingIncome": "None", "depreciation": "None", "depreciationAndAmortization": "32945999", "incomeBeforeTax": "158386000", "incomeTaxExpense": "53358000", "interestAndDebtExpense": "None", "netIncomeFromContinuingOperations": "105028000", "comprehensiveIncomeNetOfTax": "None", "ebit": "154135001", "ebitda": "187081000", "netIncome": "105028000"}, {"fiscalDateEnding": "2023-12-31", "reportedCurrency": "USD", "grossProfit": "672970000", "totalRevenue": "956726000", "costOfRevenue": "283756000", "costofGoodsAndServicesSold": "283756000", "operatingIncome": "185534000", "sellingGeneralAndAdministrative": "402503000", "researchAndDevelopment": "82160000", "operatingExpenses": "487436000", "investmentIncomeNet": "None", "netInterestIncome": "4978000", "interestIncome": "4978000", "interestExpense": "1335000", "nonInterestIncome": "None", "otherNonOperatingIncome": "None", "depreciation": "None", "depreciationAndAmortization": "33371000", "incomeBeforeTax": "172880000", "incomeTaxExpense": "48866000", "interestAndDebtExpense": "None", "netIncomeFromContinuingOperations": "124014000", "comprehensiveIncomeNetOfTax": "None", "ebit": "172880000", "ebitda": "206251000", "netIncome": "124014000"}, {"fiscalDateEnding": "2023-09-30", "reportedCurrency": "USD", "grossProfit": "663076000", "totalRevenue": "960214000", "costOfRevenue": "297138000", "costofGoodsAndServicesSold": "297138000", "operatingIncome": "166346000", "sellingGeneralAndAdministrative": "407992000", "researchAndDevelopment": "88738000", "operatingExpenses": "496730000", "investmentIncomeNet": "None", "netInterestIncome": "5522000", "interestIncome": "5522000", "interestExpense": "4235000", "nonInterestIncome": "None", "otherNonOperatingIncome": "None", "depreciation": "None", "depreciationAndAmortization": "37030000", "incomeBeforeTax": "162111000", "incomeTaxExpense": "40684000", "interestAndDebtExpense": "None", "netIncomeFromContinuingOperations": "121427000", "comprehensiveIncomeNetOfTax": "None", "ebit": "166346000", "ebitda": "203376000", "netIncome": "121427000"}, {"fiscalDateEnding": "2023-06-30", "reportedCurrency": "USD", "grossProfit": "713609000", "totalRevenue": "1002173000", "costOfRevenue": "288564000", "costofGoodsAndServicesSold": "288564000", "operatingIncome": "171931000", "sellingGeneralAndAdministrative": "453193000", "researchAndDevelopment": "88485000", "operatingExpenses": "541678000", "investmentIncomeNet": "None", "netInterestIncome": "4421000", "interestIncome": "4421000", "interestExpense": "342000", "nonInterestIncome": "None", "otherNonOperatingIncome": "-342000", "depreciation": "None", "depreciationAndAmortization": "43595000", "incomeBeforeTax": "171589000", "incomeTaxExpense": "59775000", "interestAndDebtExpense": "None", "netIncomeFromContinuingOperations": "111814000", "comprehensiveIncomeNetOfTax": "None", "ebit": "128336000", "ebitda": "171931000", "netIncome": "111814000"}, {"fiscalDateEnding": "2023-03-31", "reportedCurrency": "USD", "grossProfit": "660654000", "totalRevenue": "943147000", "costOfRevenue": "282493000", "costofGoodsAndServicesSold": "282493000", "operatingIncome": "133516000", "sellingGeneralAndAdministrative": "439691000", "researchAndDevelopment": "87447000", "operatingExpenses": "527138000", "investmentIncomeNet": "None", "netInterestIncome": "2337000", "interestIncome": "2337000", "interestExpense": "1108000", "nonInterestIncome": "None", "otherNonOperatingIncome": "1108000", "depreciation": "None", "depreciationAndAmortization": "35820000", "incomeBeforeTax": "134624000", "incomeTaxExpense": "46826000", "interestAndDebtExpense": "None", "netIncomeFromContinuingOperations": "87798000", "comprehensiveIncomeNetOfTax": "None", "ebit": "133516000", "ebitda": "169336000", "netIncome": "87798000"}, {"fiscalDateEnding": "2022-12-31", "reportedCurrency": "USD", "grossProfit": "617701000", "totalRevenue": "901515000", "costOfRevenue": "283814000", "costofGoodsAndServicesSold": "283814000", "operatingIncome": "112661000", "sellingGeneralAndAdministrative": "410067000", "researchAndDevelopment": "83520000", "operatingExpenses": "493587000", "investmentIncomeNet": "None", "netInterestIncome": "2760000", "interestIncome": "2760000", "interestExpense": "2760000", "nonInterestIncome": "None", "otherNonOperatingIncome": "None", "depreciation": "None", "depreciationAndAmortization": "41468000", "incomeBeforeTax": "115321000", "incomeTaxExpense": "73546000", "interestAndDebtExpense": "None", "netIncomeFromContinuingOperations": "41775000", "comprehensiveIncomeNetOfTax": "None", "ebit": "115321000", "ebitda": "156789000", "netIncome": "41775000"}, {"fiscalDateEnding": "2022-09-30", "reportedCurrency": "USD", "grossProfit": "619169000", "totalRevenue": "890348000", "costOfRevenue": "271179000", "costofGoodsAndServicesSold": "271179000", "operatingIncome": "111467000", "sellingGeneralAndAdministrative": "398547000", "researchAndDevelopment": "76966000", "operatingExpenses": "475513000", "investmentIncomeNet": "None", "netInterestIncome": "1685000", "interestIncome": "1685000", "interestExpense": "1685000", "nonInterestIncome": "None", "otherNonOperatingIncome": "-21015000", "depreciation": "None", "depreciationAndAmortization": "39870000", "incomeBeforeTax": "122641000", "incomeTaxExpense": "49941000", "interestAndDebtExpense": "None", "netIncomeFromContinuingOperations": "72700000", "comprehensiveIncomeNetOfTax": "None", "ebit": "103786000", "ebitda": "143656000", "netIncome": "72700000"}, {"fiscalDateEnding": "2022-06-30", "reportedCurrency": "USD", "grossProfit": "687559000", "totalRevenue": "969553000", "costOfRevenue": "281994000", "costofGoodsAndServicesSold": "281994000", "operatingIncome": "188196000", "sellingGeneralAndAdministrative": "426398000", "researchAndDevelopment": "72965000", "operatingExpenses": "499363000", "investmentIncomeNet": "None", "netInterestIncome": "245000", "interestIncome": "245000", "interestExpense": "245000", "nonInterestIncome": "None", "otherNonOperatingIncome": "-14587000", "depreciation": "None", "depreciationAndAmortization": "37830000", "incomeBeforeTax": "173609000", "incomeTaxExpense": "60809000", "interestAndDebtExpense": "None", "netIncomeFromContinuingOperations": "112800000", "comprehensiveIncomeNetOfTax": "None", "ebit": "150366000", "ebitda": "188196000", "netIncome": "112800000"}, {"fiscalDateEnding": "2022-03-31", "reportedCurrency": "USD", "grossProfit": "709346000", "totalRevenue": "973219000", "costOfRevenue": "263873000", "costofGoodsAndServicesSold": "263873000", "operatingIncome": "188163000", "sellingGeneralAndAdministrative": "439457000", "researchAndDevelopment": "71807000", "operatingExpenses": "511264000", "investmentIncomeNet": "None", "netInterestIncome": "677000", "interestIncome": "677000", "interestExpense": "677000", "nonInterestIncome": "None", "otherNonOperatingIncome": "-10596000", "depreciation": "None", "depreciationAndAmortization": "37152000", "incomeBeforeTax": "187486000", "incomeTaxExpense": "53188000", "interestAndDebtExpense": "None", "netIncomeFromContinuingOperations": "134298000", "comprehensiveIncomeNetOfTax": "None", "ebit": "160930000", "ebitda": "198082000", "netIncome": "134298000"}, {"fiscalDateEnding": "2021-12-31", "reportedCurrency": "USD", "grossProfit": "744563000", "totalRevenue": "1031099000", "costOfRevenue": "286536000", "costofGoodsAndServicesSold": "286536000", "operatingIncome": "220892000", "sellingGeneralAndAdministrative": "451195000", "researchAndDevelopment": "72476000", "operatingExpenses": "523671000", "investmentIncomeNet": "None", "netInterestIncome": "676000", "interestIncome": "676000", "interestExpense": "880000", "nonInterestIncome": "None", "otherNonOperatingIncome": "-880000", "depreciation": "None", "depreciationAndAmortization": "36333000", "incomeBeforeTax": "220012000", "incomeTaxExpense": "29051000", "interestAndDebtExpense": "None", "netIncomeFromContinuingOperations": "190961000", "comprehensiveIncomeNetOfTax": "None", "ebit": "220012000", "ebitda": "256345000", "netIncome": "190961000"}, {"fiscalDateEnding": "2021-09-30", "reportedCurrency": "USD", "grossProfit": "755156000", "totalRevenue": "1015906000", "costOfRevenue": "260750000", "costofGoodsAndServicesSold": "260750000", "operatingIncome": "261160000", "sellingGeneralAndAdministrative": "428409000", "researchAndDevelopment": "65587000", "operatingExpenses": "493996000", "investmentIncomeNet": "None", "netInterestIncome": "401000", "interestIncome": "401000", "interestExpense": "828000", "nonInterestIncome": "None", "otherNonOperatingIncome": "828000", "depreciation": "None", "depreciationAndAmortization": "34565000", "incomeBeforeTax": "261988000", "incomeTaxExpense": "81019000", "interestAndDebtExpense": "None", "netIncomeFromContinuingOperations": "180969000", "comprehensiveIncomeNetOfTax": "None", "ebit": "226595000", "ebitda": "261160000", "netIncome": "180969000"}, {"fiscalDateEnding": "2021-06-30", "reportedCurrency": "USD", "grossProfit": "758538000", "totalRevenue": "1010808000", "costOfRevenue": "252270000", "costofGoodsAndServicesSold": "252270000", "operatingIncome": "268902000", "sellingGeneralAndAdministrative": "431921000", "researchAndDevelopment": "57715000", "operatingExpenses": "489636000", "investmentIncomeNet": "None", "netInterestIncome": "383000", "interestIncome": "383000", "interestExpense": "100000", "nonInterestIncome": "None", "otherNonOperatingIncome": "-100000", "depreciation": "None", "depreciationAndAmortization": "32394000", "incomeBeforeTax": "268802000", "incomeTaxExpense": "69088000", "interestAndDebtExpense": "None", "netIncomeFromContinuingOperations": "199714000", "comprehensiveIncomeNetOfTax": "None", "ebit": "236508000", "ebitda": "268902000", "netIncome": "199714000"}, {"fiscalDateEnding": "2021-03-31", "reportedCurrency": "USD", "grossProfit": "677098000", "totalRevenue": "894771000", "costOfRevenue": "217673000", "costofGoodsAndServicesSold": "217673000", "operatingIncome": "225446000", "sellingGeneralAndAdministrative": "397115000", "researchAndDevelopment": "54537000", "operatingExpenses": "451652000", "investmentIncomeNet": "None", "netInterestIncome": "1643000", "interestIncome": "1643000", "interestExpense": "36175000", "nonInterestIncome": "None", "otherNonOperatingIncome": "36175000", "depreciation": "None", "depreciationAndAmortization": "25635000", "incomeBeforeTax": "261621000", "incomeTaxExpense": "61245000", "interestAndDebtExpense": "None", "netIncomeFromContinuingOperations": "200376000", "comprehensiveIncomeNetOfTax": "None", "ebit": "225446000", "ebitda": "251081000", "netIncome": "200376000"}, {"fiscalDateEnding": "2020-12-31", "reportedCurrency": "USD", "grossProfit": "610463000", "totalRevenue": "834520000", "costOfRevenue": "224057000", "costofGoodsAndServicesSold": "224057000", "operatingIncome": "213184000", "sellingGeneralAndAdministrative": "282906000", "researchAndDevelopment": "48887000", "operatingExpenses": "397279000", "investmentIncomeNet": "None", "netInterestIncome": "337000", "interestIncome": "337000", "interestExpense": "8222000", "nonInterestIncome": "None", "otherNonOperatingIncome": "1358000", "depreciation": "None", "depreciationAndAmortization": "24769000", "incomeBeforeTax": "214542000", "incomeTaxExpense": "55554000", "interestAndDebtExpense": "None", "netIncomeFromContinuingOperations": "158988000", "comprehensiveIncomeNetOfTax": "None", "ebit": "213184000", "ebitda": "237953000", "netIncome": "158988000"}, {"fiscalDateEnding": "2020-09-30", "reportedCurrency": "USD", "grossProfit": "534088000", "totalRevenue": "734144000", "costOfRevenue": "200056000", "costofGoodsAndServicesSold": "200056000", "operatingIncome": "177069000", "sellingGeneralAndAdministrative": "312492000", "researchAndDevelopment": "44527000", "operatingExpenses": "357019000", "investmentIncomeNet": "None", "netInterestIncome": "329000", "interestIncome": "329000", "interestExpense": "7476000", "nonInterestIncome": "None", "otherNonOperatingIncome": "7476000", "depreciation": "None", "depreciationAndAmortization": "24486000", "incomeBeforeTax": "184545000", "incomeTaxExpense": "45174000", "interestAndDebtExpense": "None", "netIncomeFromContinuingOperations": "139371000", "comprehensiveIncomeNetOfTax": "None", "ebit": "177069000", "ebitda": "201555000", "netIncome": "139371000"}, {"fiscalDateEnding": "2020-06-30", "reportedCurrency": "USD", "grossProfit": "224328000", "totalRevenue": "352314000", "costOfRevenue": "127986000", "costofGoodsAndServicesSold": "127986000", "operatingIncome": "-73000000", "sellingGeneralAndAdministrative": "256967000", "researchAndDevelopment": "40361000", "operatingExpenses": "297328000", "investmentIncomeNet": "None", "netInterestIncome": "473000", "interestIncome": "473000", "interestExpense": "493000", "nonInterestIncome": "None", "otherNonOperatingIncome": "-493000", "depreciation": "None", "depreciationAndAmortization": "23545000", "incomeBeforeTax": "-73493000", "incomeTaxExpense": "-32891000", "interestAndDebtExpense": "None", "netIncomeFromContinuingOperations": "-40602000", "comprehensiveIncomeNetOfTax": "None", "ebit": "-73000000", "ebitda": "-49455000", "netIncome": "-40602000"}, {"fiscalDateEnding": "2020-03-31", "reportedCurrency": "USD", "grossProfit": "394356000", "totalRevenue": "550963000", "costOfRevenue": "156607000", "costofGoodsAndServicesSold": "156607000", "operatingIncome": "69918000", "sellingGeneralAndAdministrative": "282906000", "researchAndDevelopment": "41532000", "operatingExpenses": "324438000", "investmentIncomeNet": "None", "netInterestIncome": "1986000", "interestIncome": "1986000", "interestExpense": "16563000", "nonInterestIncome": "None", "otherNonOperatingIncome": "-16563000", "depreciation": "None", "depreciationAndAmortization": "20738000", "incomeBeforeTax": "53355000", "incomeTaxExpense": "-1464776000", "interestAndDebtExpense": "None", "netIncomeFromContinuingOperations": "1518131000", "comprehensiveIncomeNetOfTax": "None", "ebit": "69918000", "ebitda": "90656000", "netIncome": "1518131000"}, {"fiscalDateEnding": "2019-12-31", "reportedCurrency": "USD", "grossProfit": "471958000", "totalRevenue": "649787000", "costOfRevenue": "177829000", "costofGoodsAndServicesSold": "177829000", "operatingIncome": "151150000", "sellingGeneralAndAdministrative": "279481000", "researchAndDevelopment": "41327000", "operatingExpenses": "320808000", "investmentIncomeNet": "None", "netInterestIncome": "2906000", "interestIncome": "2906000", "interestExpense": "None", "nonInterestIncome": "None", "otherNonOperatingIncome": "4647000", "depreciation": "None", "depreciationAndAmortization": "21796000", "incomeBeforeTax": "155797000", "incomeTaxExpense": "34535000", "interestAndDebtExpense": "None", "netIncomeFromContinuingOperations": "121262000", "comprehensiveIncomeNetOfTax": "None", "ebit": "151150000", "ebitda": "172946000", "netIncome": "121262000"}, {"fiscalDateEnding": "2019-09-30", "reportedCurrency": "USD", "grossProfit": "437554000", "totalRevenue": "607341000", "costOfRevenue": "169787000", "costofGoodsAndServicesSold": "169787000", "operatingIncome": "127152000", "sellingGeneralAndAdministrative": "277514000", "researchAndDevelopment": "39680000", "operatingExpenses": "317194000", "investmentIncomeNet": "None", "netInterestIncome": "3478000", "interestIncome": "3478000", "interestExpense": "None", "nonInterestIncome": "None", "otherNonOperatingIncome": "1267000", "depreciation": "None", "depreciationAndAmortization": "19706000", "incomeBeforeTax": "128419000", "incomeTaxExpense": "25895000", "interestAndDebtExpense": "None", "netIncomeFromContinuingOperations": "102524000", "comprehensiveIncomeNetOfTax": "None", "ebit": "120360000", "ebitda": "140066000", "netIncome": "102524000"}, {"fiscalDateEnding": "2019-06-30", "reportedCurrency": "USD", "grossProfit": "432289000", "totalRevenue": "600697000", "costOfRevenue": "168408000", "costofGoodsAndServicesSold": "168408000", "operatingIncome": "176490000", "sellingGeneralAndAdministrative": "267948000", "researchAndDevelopment": "38851000", "operatingExpenses": "306799000", "investmentIncomeNet": "None", "netInterestIncome": "3465000", "interestIncome": "3465000", "interestExpense": "None", "nonInterestIncome": "None", "otherNonOperatingIncome": "13773000", "depreciation": "None", "depreciationAndAmortization": "19172000", "incomeBeforeTax": "193847000", "incomeTaxExpense": "43121000", "interestAndDebtExpense": "None", "netIncomeFromContinuingOperations": "147142000", "comprehensiveIncomeNetOfTax": "None", "ebit": "125490000", "ebitda": "144662000", "netIncome": "147142000"}, {"fiscalDateEnding": "2019-03-31", "reportedCurrency": "USD", "grossProfit": "402096000", "totalRevenue": "548971000", "costOfRevenue": "146875000", "costofGoodsAndServicesSold": "146875000", "operatingIncome": "87701000", "sellingGeneralAndAdministrative": "247110000", "researchAndDevelopment": "37503000", "operatingExpenses": "284613000", "investmentIncomeNet": "None", "netInterestIncome": "2633000", "interestIncome": "2633000", "interestExpense": "None", "nonInterestIncome": "None", "otherNonOperatingIncome": "-7057000", "depreciation": "None", "depreciationAndAmortization": "18316000", "incomeBeforeTax": "84588000", "incomeTaxExpense": "8796000", "interestAndDebtExpense": "None", "netIncomeFromContinuingOperations": "75792000", "comprehensiveIncomeNetOfTax": "None", "ebit": "117483000", "ebitda": "135799000", "netIncome": "71848000"}, {"fiscalDateEnding": "2018-12-31", "reportedCurrency": "USD", "grossProfit": "383096000", "totalRevenue": "534020000", "costOfRevenue": "150924000", "costofGoodsAndServicesSold": "150924000", "operatingIncome": "120473000", "sellingGeneralAndAdministrative": "226819000", "researchAndDevelopment": "35804000", "operatingExpenses": "262623000", "investmentIncomeNet": "None", "netInterestIncome": "None", "interestIncome": "None", "interestExpense": "0", "nonInterestIncome": "None", "otherNonOperatingIncome": "-564000", "depreciation": "None", "depreciationAndAmortization": "16542000", "incomeBeforeTax": "121992000", "incomeTaxExpense": "22517000", "interestAndDebtExpense": "None", "netIncomeFromContinuingOperations": "99475000", "comprehensiveIncomeNetOfTax": "None", "ebit": "120473000", "ebitda": "137015000", "netIncome": "97392000"}, {"fiscalDateEnding": "2018-09-30", "reportedCurrency": "USD", "grossProfit": "371781000", "totalRevenue": "505289000", "costOfRevenue": "133508000", "costofGoodsAndServicesSold": "133508000", "operatingIncome": "125208000", "sellingGeneralAndAdministrative": "213873000", "researchAndDevelopment": "32700000", "operatingExpenses": "246573000", "investmentIncomeNet": "None", "netInterestIncome": "None", "interestIncome": "None", "interestExpense": "0", "nonInterestIncome": "None", "otherNonOperatingIncome": "265000", "depreciation": "None", "depreciationAndAmortization": "14119000", "incomeBeforeTax": "126605000", "incomeTaxExpense": "24601000", "interestAndDebtExpense": "None", "netIncomeFromContinuingOperations": "102004000", "comprehensiveIncomeNetOfTax": "None", "ebit": "125208000", "ebitda": "139327000", "netIncome": "100872000"}, {"fiscalDateEnding": "2018-06-30", "reportedCurrency": "USD", "grossProfit": "365582000", "totalRevenue": "490259000", "costOfRevenue": "124677000", "costofGoodsAndServicesSold": "124677000", "operatingIncome": "122691000", "sellingGeneralAndAdministrative": "212087000", "researchAndDevelopment": "30804000", "operatingExpenses": "242891000", "investmentIncomeNet": "None", "netInterestIncome": "None", "interestIncome": "None", "interestExpense": "0", "nonInterestIncome": "None", "otherNonOperatingIncome": "-8883000", "depreciation": "None", "depreciationAndAmortization": "12632000", "incomeBeforeTax": "117509000", "incomeTaxExpense": "7703000", "interestAndDebtExpense": "None", "netIncomeFromContinuingOperations": "109806000", "comprehensiveIncomeNetOfTax": "None", "ebit": "122691000", "ebitda": "135323000", "netIncome": "106105000"}, {"fiscalDateEnding": "2018-03-31", "reportedCurrency": "USD", "grossProfit": "327408000", "totalRevenue": "436924000", "costOfRevenue": "109516000", "costofGoodsAndServicesSold": "109516000", "operatingIncome": "98192000", "sellingGeneralAndAdministrative": "199625000", "researchAndDevelopment": "29591000", "operatingExpenses": "229216000", "investmentIncomeNet": "None", "netInterestIncome": "None", "interestIncome": "None", "interestExpense": "0", "nonInterestIncome": "None", "otherNonOperatingIncome": "576000", "depreciation": "None", "depreciationAndAmortization": "11434000", "incomeBeforeTax": "100545000", "incomeTaxExpense": "2902000", "interestAndDebtExpense": "None", "netIncomeFromContinuingOperations": "97643000", "comprehensiveIncomeNetOfTax": "None", "ebit": "98192000", "ebitda": "109626000", "netIncome": "95866000"}, {"fiscalDateEnding": "2017-12-31", "reportedCurrency": "USD", "grossProfit": "317917000", "totalRevenue": "421323000", "costOfRevenue": "103406000", "costofGoodsAndServicesSold": "103406000", "operatingIncome": "109606000", "sellingGeneralAndAdministrative": "182141000", "researchAndDevelopment": "26170000", "operatingExpenses": "208311000", "investmentIncomeNet": "None", "netInterestIncome": "None", "interestIncome": "None", "interestExpense": "11188000", "nonInterestIncome": "None", "otherNonOperatingIncome": "4312000", "depreciation": "None", "depreciationAndAmortization": "11024000", "incomeBeforeTax": "112187000", "incomeTaxExpense": "103654000", "interestAndDebtExpense": "None", "netIncomeFromContinuingOperations": "8533000", "comprehensiveIncomeNetOfTax": "None", "ebit": "109606000", "ebitda": "120630000", "netIncome": "10264000"}, {"fiscalDateEnding": "2017-09-30", "reportedCurrency": "USD", "grossProfit": "292488000", "totalRevenue": "385267000", "costOfRevenue": "92779000", "costofGoodsAndServicesSold": "92779000", "operatingIncome": "98763000", "sellingGeneralAndAdministrative": "169524000", "researchAndDevelopment": "24201000", "operatingExpenses": "193725000", "investmentIncomeNet": "None", "netInterestIncome": "None", "interestIncome": "None", "interestExpense": "3750000", "nonInterestIncome": "None", "otherNonOperatingIncome": "2136000", "depreciation": "None", "depreciationAndAmortization": "9972000", "incomeBeforeTax": "102513000", "incomeTaxExpense": "18344000", "interestAndDebtExpense": "None", "netIncomeFromContinuingOperations": "84169000", "comprehensiveIncomeNetOfTax": "None", "ebit": "98763000", "ebitda": "108735000", "netIncome": "82555000"}, {"fiscalDateEnding": "2017-06-30", "reportedCurrency": "USD", "grossProfit": "270917000", "totalRevenue": "356482000", "costOfRevenue": "85565000", "costofGoodsAndServicesSold": "85565000", "operatingIncome": "83569000", "sellingGeneralAndAdministrative": "162964000", "researchAndDevelopment": "24384000", "operatingExpenses": "187348000", "investmentIncomeNet": "None", "netInterestIncome": "None", "interestIncome": "None", "interestExpense": "3212000", "nonInterestIncome": "None", "otherNonOperatingIncome": "997000", "depreciation": "None", "depreciationAndAmortization": "8876000", "incomeBeforeTax": "86781000", "incomeTaxExpense": "15387000", "interestAndDebtExpense": "None", "netIncomeFromContinuingOperations": "71394000", "comprehensiveIncomeNetOfTax": "None", "ebit": "83569000", "ebitda": "92445000", "netIncome": "69179000"}, {"fiscalDateEnding": "2017-03-31", "reportedCurrency": "USD", "grossProfit": "235625000", "totalRevenue": "310341000", "costOfRevenue": "74716000", "costofGoodsAndServicesSold": "74716000", "operatingIncome": "61673000", "sellingGeneralAndAdministrative": "151148000", "researchAndDevelopment": "22804000", "operatingExpenses": "173952000", "investmentIncomeNet": "None", "netInterestIncome": "None", "interestIncome": "None", "interestExpense": "1645000", "nonInterestIncome": "None", "otherNonOperatingIncome": "524000", "depreciation": "None", "depreciationAndAmortization": "7867000", "incomeBeforeTax": "63318000", "incomeTaxExpense": "-7223000", "interestAndDebtExpense": "None", "netIncomeFromContinuingOperations": "70541000", "comprehensiveIncomeNetOfTax": "None", "ebit": "61673000", "ebitda": "69540000", "netIncome": "69420000"}, {"fiscalDateEnding": "2016-12-31", "reportedCurrency": "USD", "grossProfit": "220249000", "totalRevenue": "293203000", "costOfRevenue": "72954000", "costofGoodsAndServicesSold": "72954000", "operatingIncome": "68372000", "sellingGeneralAndAdministrative": "130268000", "researchAndDevelopment": "21609000", "operatingExpenses": "151877000", "investmentIncomeNet": "None", "netInterestIncome": "None", "interestIncome": "None", "interestExpense": "6355000", "nonInterestIncome": "None", "otherNonOperatingIncome": "-8723000", "depreciation": "None", "depreciationAndAmortization": "7216000", "incomeBeforeTax": "60856000", "incomeTaxExpense": "12028000", "interestAndDebtExpense": "None", "netIncomeFromContinuingOperations": "48828000", "comprehensiveIncomeNetOfTax": "None", "ebit": "68372000", "ebitda": "75588000", "netIncome": "47621000"}, {"fiscalDateEnding": "2016-09-30", "reportedCurrency": "USD", "grossProfit": "209202000", "totalRevenue": "278589000", "costOfRevenue": "69387000", "costofGoodsAndServicesSold": "69387000", "operatingIncome": "62079000", "sellingGeneralAndAdministrative": "126708000", "researchAndDevelopment": "20415000", "operatingExpenses": "147123000", "investmentIncomeNet": "None", "netInterestIncome": "None", "interestIncome": "None", "interestExpense": "1463000", "nonInterestIncome": "None", "otherNonOperatingIncome": "986000", "depreciation": "None", "depreciationAndAmortization": "6901000", "incomeBeforeTax": "63542000", "incomeTaxExpense": "11698000", "interestAndDebtExpense": "None", "netIncomeFromContinuingOperations": "51844000", "comprehensiveIncomeNetOfTax": "None", "ebit": "62079000", "ebitda": "68980000", "netIncome": "51367000"}, {"fiscalDateEnding": "2016-06-30", "reportedCurrency": "USD", "grossProfit": "205216000", "totalRevenue": "269362000", "costOfRevenue": "64146000", "costofGoodsAndServicesSold": "64146000", "operatingIncome": "65136000", "sellingGeneralAndAdministrative": "121467000", "researchAndDevelopment": "18613000", "operatingExpenses": "140080000", "investmentIncomeNet": "None", "netInterestIncome": "None", "interestIncome": "None", "interestExpense": "125000", "nonInterestIncome": "None", "otherNonOperatingIncome": "125000", "depreciation": "None", "depreciationAndAmortization": "5093000", "incomeBeforeTax": "65261000", "incomeTaxExpense": "15113000", "interestAndDebtExpense": "None", "netIncomeFromContinuingOperations": "50148000", "comprehensiveIncomeNetOfTax": "None", "ebit": "65136000", "ebitda": "70229000", "netIncome": "50148000"}, {"fiscalDateEnding": "2016-03-31", "reportedCurrency": "USD", "grossProfit": "180627000", "totalRevenue": "238720000", "costOfRevenue": "58093000", "costofGoodsAndServicesSold": "58093000", "operatingIncome": "53334000", "sellingGeneralAndAdministrative": "112210000", "researchAndDevelopment": "15083000", "operatingExpenses": "127293000", "investmentIncomeNet": "None", "netInterestIncome": "None", "interestIncome": "None", "interestExpense": "427000", "nonInterestIncome": "None", "otherNonOperatingIncome": "-427000", "depreciation": "None", "depreciationAndAmortization": "4792000", "incomeBeforeTax": "52907000", "incomeTaxExpense": "12361000", "interestAndDebtExpense": "None", "netIncomeFromContinuingOperations": "40546000", "comprehensiveIncomeNetOfTax": "None", "ebit": "53334000", "ebitda": "58126000", "netIncome": "40546000"}, {"fiscalDateEnding": "2015-12-31", "reportedCurrency": "USD", "grossProfit": "172810000", "totalRevenue": "230276000", "costOfRevenue": "57466000", "costofGoodsAndServicesSold": "57466000", "operatingIncome": "59339000", "sellingGeneralAndAdministrative": "99582000", "researchAndDevelopment": "13889000", "operatingExpenses": "113471000", "investmentIncomeNet": "None", "netInterestIncome": "None", "interestIncome": "None", "interestExpense": "2533000", "nonInterestIncome": "None", "otherNonOperatingIncome": "313000", "depreciation": "None", "depreciationAndAmortization": "4863000", "incomeBeforeTax": "59652000", "incomeTaxExpense": "10775000", "interestAndDebtExpense": "None", "netIncomeFromContinuingOperations": "48877000", "comprehensiveIncomeNetOfTax": "None", "ebit": "59339000", "ebitda": "64202000", "netIncome": "48877000"}, {"fiscalDateEnding": "2015-09-30", "reportedCurrency": "USD", "grossProfit": "157576000", "totalRevenue": "207636000", "costOfRevenue": "50060000", "costofGoodsAndServicesSold": "50060000", "operatingIncome": "38046000", "sellingGeneralAndAdministrative": "101751000", "researchAndDevelopment": "17779000", "operatingExpenses": "119530000", "investmentIncomeNet": "None", "netInterestIncome": "None", "interestIncome": "None", "interestExpense": "1568000", "nonInterestIncome": "None", "otherNonOperatingIncome": "-1568000", "depreciation": "None", "depreciationAndAmortization": "4503000", "incomeBeforeTax": "36478000", "incomeTaxExpense": "8862000", "interestAndDebtExpense": "None", "netIncomeFromContinuingOperations": "27616000", "comprehensiveIncomeNetOfTax": "None", "ebit": "38046000", "ebitda": "42549000", "netIncome": "27616000"}, {"fiscalDateEnding": "2015-06-30", "reportedCurrency": "USD", "grossProfit": "158634000", "totalRevenue": "209488000", "costOfRevenue": "50854000", "costofGoodsAndServicesSold": "50854000", "operatingIncome": "42325000", "sellingGeneralAndAdministrative": "100625000", "researchAndDevelopment": "15684000", "operatingExpenses": "116309000", "investmentIncomeNet": "None", "netInterestIncome": "None", "interestIncome": "None", "interestExpense": "174000", "nonInterestIncome": "None", "otherNonOperatingIncome": "174000", "depreciation": "None", "depreciationAndAmortization": "4330000", "incomeBeforeTax": "42499000", "incomeTaxExpense": "11149000", "interestAndDebtExpense": "None", "netIncomeFromContinuingOperations": "31350000", "comprehensiveIncomeNetOfTax": "None", "ebit": "42325000", "ebitda": "46655000", "netIncome": "31350000"}, {"fiscalDateEnding": "2015-03-31", "reportedCurrency": "USD", "grossProfit": "151090000", "totalRevenue": "198086000", "costOfRevenue": "46996000", "costofGoodsAndServicesSold": "46996000", "operatingIncome": "48924000", "sellingGeneralAndAdministrative": "88281000", "researchAndDevelopment": "13885000", "operatingExpenses": "102166000", "investmentIncomeNet": "None", "netInterestIncome": "None", "interestIncome": "None", "interestExpense": "1452000", "nonInterestIncome": "None", "otherNonOperatingIncome": "-1452000", "depreciation": "None", "depreciationAndAmortization": "4308000", "incomeBeforeTax": "47472000", "incomeTaxExpense": "11295000", "interestAndDebtExpense": "None", "netIncomeFromContinuingOperations": "36177000", "comprehensiveIncomeNetOfTax": "None", "ebit": "48924000", "ebitda": "53232000", "netIncome": "36177000"}, {"fiscalDateEnding": "2014-12-31", "reportedCurrency": "USD", "grossProfit": "150662000", "totalRevenue": "198600000", "costOfRevenue": "47938000", "costofGoodsAndServicesSold": "47938000", "operatingIncome": "51493000", "sellingGeneralAndAdministrative": "30273000", "researchAndDevelopment": "13276000", "operatingExpenses": "99169000", "investmentIncomeNet": "None", "netInterestIncome": "None", "interestIncome": "None", "interestExpense": "3207000", "nonInterestIncome": "None", "otherNonOperatingIncome": "-1716000", "depreciation": "None", "depreciationAndAmortization": "4387000", "incomeBeforeTax": "49777000", "incomeTaxExpense": "10236000", "interestAndDebtExpense": "None", "netIncomeFromContinuingOperations": "39541000", "comprehensiveIncomeNetOfTax": "None", "ebit": "51493000", "ebitda": "55880000", "netIncome": "39541000"}, {"fiscalDateEnding": "2014-09-30", "reportedCurrency": "USD", "grossProfit": "145054000", "totalRevenue": "189876000", "costOfRevenue": "44822000", "costofGoodsAndServicesSold": "44822000", "operatingIncome": "51547000", "sellingGeneralAndAdministrative": "28285000", "researchAndDevelopment": "12854000", "operatingExpenses": "93507000", "investmentIncomeNet": "None", "netInterestIncome": "None", "interestIncome": "None", "interestExpense": "1999000", "nonInterestIncome": "None", "otherNonOperatingIncome": "-1999000", "depreciation": "None", "depreciationAndAmortization": "4339000", "incomeBeforeTax": "49548000", "incomeTaxExpense": "11301000", "interestAndDebtExpense": "None", "netIncomeFromContinuingOperations": "38247000", "comprehensiveIncomeNetOfTax": "None", "ebit": "51547000", "ebitda": "55886000", "netIncome": "38247000"}, {"fiscalDateEnding": "2014-06-30", "reportedCurrency": "USD", "grossProfit": "145476000", "totalRevenue": "192531000", "costOfRevenue": "47055000", "costofGoodsAndServicesSold": "47055000", "operatingIncome": "48732000", "sellingGeneralAndAdministrative": "27069000", "researchAndDevelopment": "13289000", "operatingExpenses": "96744000", "investmentIncomeNet": "None", "netInterestIncome": "None", "interestIncome": "None", "interestExpense": "93000", "nonInterestIncome": "None", "otherNonOperatingIncome": "-93000", "depreciation": "None", "depreciationAndAmortization": "4354000", "incomeBeforeTax": "48639000", "incomeTaxExpense": "13039000", "interestAndDebtExpense": "None", "netIncomeFromContinuingOperations": "35600000", "comprehensiveIncomeNetOfTax": "None", "ebit": "48732000", "ebitda": "53086000", "netIncome": "35600000"}, {"fiscalDateEnding": "2014-03-31", "reportedCurrency": "USD", "grossProfit": "137251000", "totalRevenue": "180646000", "costOfRevenue": "43395000", "costofGoodsAndServicesSold": "43395000", "operatingIncome": "41804000", "sellingGeneralAndAdministrative": "29179000", "researchAndDevelopment": "13380000", "operatingExpenses": "95447000", "investmentIncomeNet": "None", "netInterestIncome": "None", "interestIncome": "None", "interestExpense": "601000", "nonInterestIncome": "None", "otherNonOperatingIncome": "601000", "depreciation": "None", "depreciationAndAmortization": "4776000", "incomeBeforeTax": "42405000", "incomeTaxExpense": "9961000", "interestAndDebtExpense": "None", "netIncomeFromContinuingOperations": "32444000", "comprehensiveIncomeNetOfTax": "None", "ebit": "41804000", "ebitda": "46580000", "netIncome": "32444000"}, {"fiscalDateEnding": "2013-12-31", "reportedCurrency": "USD", "grossProfit": "136476000", "totalRevenue": "178292000", "costOfRevenue": "41816000", "costofGoodsAndServicesSold": "41816000", "operatingIncome": "52922000", "sellingGeneralAndAdministrative": "27890000", "researchAndDevelopment": "10970000", "operatingExpenses": "83554000", "investmentIncomeNet": "None", "netInterestIncome": "None", "interestIncome": "None", "interestExpense": "0", "nonInterestIncome": "None", "otherNonOperatingIncome": "-199000", "depreciation": "None", "depreciationAndAmortization": "4178000", "incomeBeforeTax": "52723000", "incomeTaxExpense": "10302000", "interestAndDebtExpense": "None", "netIncomeFromContinuingOperations": "42421000", "comprehensiveIncomeNetOfTax": "None", "ebit": "52922000", "ebitda": "57100000", "netIncome": "42421000"}, {"fiscalDateEnding": "2013-09-30", "reportedCurrency": "USD", "grossProfit": "125090000", "totalRevenue": "164506000", "costOfRevenue": "39416000", "costofGoodsAndServicesSold": "39416000", "operatingIncome": "41464000", "sellingGeneralAndAdministrative": "27487000", "researchAndDevelopment": "10915000", "operatingExpenses": "83626000", "investmentIncomeNet": "None", "netInterestIncome": "None", "interestIncome": "None", "interestExpense": "449000", "nonInterestIncome": "None", "otherNonOperatingIncome": "449000", "depreciation": "None", "depreciationAndAmortization": "3858000", "incomeBeforeTax": "41913000", "incomeTaxExpense": "7376000", "interestAndDebtExpense": "None", "netIncomeFromContinuingOperations": "34537000", "comprehensiveIncomeNetOfTax": "None", "ebit": "41464000", "ebitda": "45322000", "netIncome": "34537000"}, {"fiscalDateEnding": "2013-06-30", "reportedCurrency": "USD", "grossProfit": "123691000", "totalRevenue": "163828000", "costOfRevenue": "40137000", "costofGoodsAndServicesSold": "40137000", "operatingIncome": "37901000", "sellingGeneralAndAdministrative": "27027000", "researchAndDevelopment": "10916000", "operatingExpenses": "85790000", "investmentIncomeNet": "None", "netInterestIncome": "None", "interestIncome": "None", "interestExpense": "335000", "nonInterestIncome": "None", "otherNonOperatingIncome": "-335000", "depreciation": "None", "depreciationAndAmortization": "3845000", "incomeBeforeTax": "37566000", "incomeTaxExpense": "8246000", "interestAndDebtExpense": "None", "netIncomeFromContinuingOperations": "29320000", "comprehensiveIncomeNetOfTax": "None", "ebit": "37901000", "ebitda": "41746000", "netIncome": "29320000"}, {"fiscalDateEnding": "2013-03-31", "reportedCurrency": "USD", "grossProfit": "112849000", "totalRevenue": "153580000", "costOfRevenue": "40731000", "costofGoodsAndServicesSold": "40731000", "operatingIncome": "-38075000", "sellingGeneralAndAdministrative": "30348000", "researchAndDevelopment": "11282000", "operatingExpenses": "83911000", "investmentIncomeNet": "None", "netInterestIncome": "None", "interestIncome": "None", "interestExpense": "0", "nonInterestIncome": "None", "otherNonOperatingIncome": "-988000", "depreciation": "None", "depreciationAndAmortization": "4944000", "incomeBeforeTax": "-39063000", "incomeTaxExpense": "2920000", "interestAndDebtExpense": "None", "netIncomeFromContinuingOperations": "-41983000", "comprehensiveIncomeNetOfTax": "None", "ebit": "28938000", "ebitda": "33882000", "netIncome": "-41983000"}, {"fiscalDateEnding": "2012-12-31", "reportedCurrency": "USD", "grossProfit": "106478000", "totalRevenue": "142840000", "costOfRevenue": "36362000", "costofGoodsAndServicesSold": "36362000", "operatingIncome": "17071000", "sellingGeneralAndAdministrative": "27166000", "researchAndDevelopment": "11711000", "operatingExpenses": "77481000", "investmentIncomeNet": "None", "netInterestIncome": "None", "interestIncome": "None", "interestExpense": "1000000", "nonInterestIncome": "None", "otherNonOperatingIncome": "-672000", "depreciation": "None", "depreciationAndAmortization": "835000", "incomeBeforeTax": "16399000", "incomeTaxExpense": "6840000", "interestAndDebtExpense": "None", "netIncomeFromContinuingOperations": "9559000", "comprehensiveIncomeNetOfTax": "None", "ebit": "33429000", "ebitda": "34264000", "netIncome": "9559000"}, {"fiscalDateEnding": "2012-09-30", "reportedCurrency": "USD", "grossProfit": "100350000", "totalRevenue": "136496000", "costOfRevenue": "36146000", "costofGoodsAndServicesSold": "36146000", "operatingIncome": "29168000", "sellingGeneralAndAdministrative": "23896000", "researchAndDevelopment": "9952000", "operatingExpenses": "71182000", "investmentIncomeNet": "None", "netInterestIncome": "None", "interestIncome": "None", "interestExpense": "353000", "nonInterestIncome": "None", "otherNonOperatingIncome": "-353000", "depreciation": "None", "depreciationAndAmortization": "866000", "incomeBeforeTax": "28815000", "incomeTaxExpense": "4494000", "interestAndDebtExpense": "None", "netIncomeFromContinuingOperations": "-344000", "comprehensiveIncomeNetOfTax": "None", "ebit": "32695000", "ebitda": "33561000", "netIncome": "24321000"}, {"fiscalDateEnding": "2012-06-30", "reportedCurrency": "USD", "grossProfit": "108800000", "totalRevenue": "145626000", "costOfRevenue": "36826000", "costofGoodsAndServicesSold": "36826000", "operatingIncome": "36012000", "sellingGeneralAndAdministrative": "22152000", "researchAndDevelopment": "10680000", "operatingExpenses": "72788000", "investmentIncomeNet": "None", "netInterestIncome": "None", "interestIncome": "None", "interestExpense": "541000", "nonInterestIncome": "None", "otherNonOperatingIncome": "541000", "depreciation": "None", "depreciationAndAmortization": "869000", "incomeBeforeTax": "36553000", "incomeTaxExpense": "8061000", "interestAndDebtExpense": "None", "netIncomeFromContinuingOperations": "28492000", "comprehensiveIncomeNetOfTax": "None", "ebit": "35143000", "ebitda": "36012000", "netIncome": "28492000"}, {"fiscalDateEnding": "2012-03-31", "reportedCurrency": "USD", "grossProfit": "100760000", "totalRevenue": "135079000", "costOfRevenue": "34319000", "costofGoodsAndServicesSold": "34319000", "operatingIncome": "28006000", "sellingGeneralAndAdministrative": "22626000", "researchAndDevelopment": "10526000", "operatingExpenses": "72754000", "investmentIncomeNet": "None", "netInterestIncome": "None", "interestIncome": "None", "interestExpense": "1000000", "nonInterestIncome": "None", "otherNonOperatingIncome": "-812000", "depreciation": "None", "depreciationAndAmortization": "885000", "incomeBeforeTax": "27194000", "incomeTaxExpense": "6210000", "interestAndDebtExpense": "None", "netIncomeFromContinuingOperations": "20984000", "comprehensiveIncomeNetOfTax": "None", "ebit": "27121000", "ebitda": "28006000", "netIncome": "20984000"}, {"fiscalDateEnding": "2011-12-31", "reportedCurrency": "USD", "grossProfit": "95550000", "totalRevenue": "128905000", "costOfRevenue": "33355000", "costofGoodsAndServicesSold": "33355000", "operatingIncome": "26430000", "sellingGeneralAndAdministrative": "22457000", "researchAndDevelopment": "9568000", "operatingExpenses": "69120000", "investmentIncomeNet": "None", "netInterestIncome": "None", "interestIncome": "None", "interestExpense": "51000", "nonInterestIncome": "None", "otherNonOperatingIncome": "-33000", "depreciation": "None", "depreciationAndAmortization": "983000", "incomeBeforeTax": "26346000", "incomeTaxExpense": "5897000", "interestAndDebtExpense": "None", "netIncomeFromContinuingOperations": "20449000", "comprehensiveIncomeNetOfTax": "None", "ebit": "29449000", "ebitda": "30432000", "netIncome": "20449000"}, {"fiscalDateEnding": "2011-09-30", "reportedCurrency": "USD", "grossProfit": "92370000", "totalRevenue": "125894000", "costOfRevenue": "33524000", "costofGoodsAndServicesSold": "33524000", "operatingIncome": "26312000", "sellingGeneralAndAdministrative": "21609000", "researchAndDevelopment": "8926000", "operatingExpenses": "66058000", "investmentIncomeNet": "None", "netInterestIncome": "None", "interestIncome": "None", "interestExpense": "118000", "nonInterestIncome": "None", "otherNonOperatingIncome": "-118000", "depreciation": "None", "depreciationAndAmortization": "868000", "incomeBeforeTax": "26194000", "incomeTaxExpense": "6930000", "interestAndDebtExpense": "None", "netIncomeFromContinuingOperations": "19264000", "comprehensiveIncomeNetOfTax": "None", "ebit": "25444000", "ebitda": "26312000", "netIncome": "19264000"}, {"fiscalDateEnding": "2011-06-30", "reportedCurrency": "USD", "grossProfit": "91137000", "totalRevenue": "120086000", "costOfRevenue": "28949000", "costofGoodsAndServicesSold": "28949000", "operatingIncome": "16595000", "sellingGeneralAndAdministrative": "26094000", "researchAndDevelopment": "9270000", "operatingExpenses": "74542000", "investmentIncomeNet": "None", "netInterestIncome": "None", "interestIncome": "None", "interestExpense": "0", "nonInterestIncome": "None", "otherNonOperatingIncome": "-306000", "depreciation": "None", "depreciationAndAmortization": "592000", "incomeBeforeTax": "16289000", "incomeTaxExpense": "5127000", "interestAndDebtExpense": "None", "netIncomeFromContinuingOperations": "11162000", "comprehensiveIncomeNetOfTax": "None", "ebit": "16595000", "ebitda": "17187000", "netIncome": "11162000"}, {"fiscalDateEnding": "2011-03-31", "reportedCurrency": "USD", "grossProfit": "82226000", "totalRevenue": "104856000", "costOfRevenue": "22630000", "costofGoodsAndServicesSold": "22630000", "operatingIncome": "21023000", "sellingGeneralAndAdministrative": "18992000", "researchAndDevelopment": "9390000", "operatingExpenses": "61203000", "investmentIncomeNet": "None", "netInterestIncome": "None", "interestIncome": "None", "interestExpense": "89000", "nonInterestIncome": "None", "otherNonOperatingIncome": "89000", "depreciation": "None", "depreciationAndAmortization": "3679000", "incomeBeforeTax": "21112000", "incomeTaxExpense": "5271000", "interestAndDebtExpense": "None", "netIncomeFromContinuingOperations": "15841000", "comprehensiveIncomeNetOfTax": "None", "ebit": "21212000", "ebitda": "24891000", "netIncome": "15841000"}, {"fiscalDateEnding": "2010-12-31", "reportedCurrency": "USD", "grossProfit": "71756000", "totalRevenue": "92893000", "costOfRevenue": "21137000", "costofGoodsAndServicesSold": "21137000", "operatingIncome": "14770000", "sellingGeneralAndAdministrative": "37202000", "researchAndDevelopment": "6893000", "operatingExpenses": "56986000", "investmentIncomeNet": "None", "netInterestIncome": "None", "interestIncome": "None", "interestExpense": "861000", "nonInterestIncome": "None", "otherNonOperatingIncome": "None", "depreciation": "None", "depreciationAndAmortization": "2565000", "incomeBeforeTax": "14519000", "incomeTaxExpense": "4614000", "interestAndDebtExpense": "None", "netIncomeFromContinuingOperations": "0", "comprehensiveIncomeNetOfTax": "None", "ebit": "13658000", "ebitda": "16223000", "netIncome": "9905000"}, {"fiscalDateEnding": "2010-09-30", "reportedCurrency": "USD", "grossProfit": "74933000", "totalRevenue": "95947000", "costOfRevenue": "21014000", "costofGoodsAndServicesSold": "21014000", "operatingIncome": "21923000", "sellingGeneralAndAdministrative": "16203000", "researchAndDevelopment": "6592000", "operatingExpenses": "53010000", "investmentIncomeNet": "None", "netInterestIncome": "None", "interestIncome": "None", "interestExpense": "283000", "nonInterestIncome": "None", "otherNonOperatingIncome": "-83000", "depreciation": "None", "depreciationAndAmortization": "4266000", "incomeBeforeTax": "21840000", "incomeTaxExpense": "5025000", "interestAndDebtExpense": "None", "netIncomeFromContinuingOperations": "16815000", "comprehensiveIncomeNetOfTax": "None", "ebit": "17657000", "ebitda": "21923000", "netIncome": "16815000"}, {"fiscalDateEnding": "2010-06-30", "reportedCurrency": "USD", "grossProfit": "87018000", "totalRevenue": "108196000", "costOfRevenue": "21178000", "costofGoodsAndServicesSold": "21178000", "operatingIncome": "45344000", "sellingGeneralAndAdministrative": "15005000", "researchAndDevelopment": "6396000", "operatingExpenses": "41674000", "investmentIncomeNet": "None", "netInterestIncome": "None", "interestIncome": "None", "interestExpense": "156000", "nonInterestIncome": "None", "otherNonOperatingIncome": "156000", "depreciation": "None", "depreciationAndAmortization": "2890000", "incomeBeforeTax": "45500000", "incomeTaxExpense": "12897000", "interestAndDebtExpense": "None", "netIncomeFromContinuingOperations": "32603000", "comprehensiveIncomeNetOfTax": "None", "ebit": "37499000", "ebitda": "40389000", "netIncome": "32603000"}, {"fiscalDateEnding": "2010-03-31", "reportedCurrency": "USD", "grossProfit": "69710000", "totalRevenue": "90090000", "costOfRevenue": "20380000", "costofGoodsAndServicesSold": "20380000", "operatingIncome": "20697000", "sellingGeneralAndAdministrative": "14951000", "researchAndDevelopment": "6116000", "operatingExpenses": "49013000", "investmentIncomeNet": "None", "netInterestIncome": "None", "interestIncome": "None", "interestExpense": "553000", "nonInterestIncome": "None", "otherNonOperatingIncome": "None", "depreciation": "None", "depreciationAndAmortization": "4465000", "incomeBeforeTax": "20144000", "incomeTaxExpense": "5214000", "interestAndDebtExpense": "None", "netIncomeFromContinuingOperations": "0", "comprehensiveIncomeNetOfTax": "None", "ebit": "16232000", "ebitda": "20697000", "netIncome": "14930000"}, {"fiscalDateEnding": "2009-12-31", "reportedCurrency": "USD", "grossProfit": "63806000", "totalRevenue": "86616000", "costOfRevenue": "22810000", "costofGoodsAndServicesSold": "22810000", "operatingIncome": "14645000", "sellingGeneralAndAdministrative": "85160000", "researchAndDevelopment": "5781000", "operatingExpenses": "49161000", "investmentIncomeNet": "None", "netInterestIncome": "None", "interestIncome": "None", "interestExpense": "371000", "nonInterestIncome": "None", "otherNonOperatingIncome": "None", "depreciation": "None", "depreciationAndAmortization": "3322000", "incomeBeforeTax": "14330000", "incomeTaxExpense": "2838000", "interestAndDebtExpense": "None", "netIncomeFromContinuingOperations": "0", "comprehensiveIncomeNetOfTax": "None", "ebit": "13530000", "ebitda": "16852000", "netIncome": "11492000"}, {"fiscalDateEnding": "2009-09-30", "reportedCurrency": "USD", "grossProfit": "59001000", "totalRevenue": "79269000", "costOfRevenue": "20268000", "costofGoodsAndServicesSold": "20268000", "operatingIncome": "-60194000", "sellingGeneralAndAdministrative": "16224000", "researchAndDevelopment": "5611000", "operatingExpenses": "119195000", "investmentIncomeNet": "None", "netInterestIncome": "None", "interestIncome": "None", "interestExpense": "271000", "nonInterestIncome": "None", "otherNonOperatingIncome": "None", "depreciation": "None", "depreciationAndAmortization": "3303000", "incomeBeforeTax": "-60465000", "incomeTaxExpense": "-10523000", "interestAndDebtExpense": "None", "netIncomeFromContinuingOperations": "0", "comprehensiveIncomeNetOfTax": "None", "ebit": "-60194000", "ebitda": "-56891000", "netIncome": "-49942000"}, {"fiscalDateEnding": "2009-06-30", "reportedCurrency": "USD", "grossProfit": "57978000", "totalRevenue": "76316000", "costOfRevenue": "18338000", "costofGoodsAndServicesSold": "18338000", "operatingIncome": "6253000", "sellingGeneralAndAdministrative": "16539000", "researchAndDevelopment": "5669000", "operatingExpenses": "51316000", "investmentIncomeNet": "None", "netInterestIncome": "None", "interestIncome": "None", "interestExpense": "0", "nonInterestIncome": "None", "otherNonOperatingIncome": "None", "depreciation": "None", "depreciationAndAmortization": "3236000", "incomeBeforeTax": "6810000", "incomeTaxExpense": "2265000", "interestAndDebtExpense": "None", "netIncomeFromContinuingOperations": "0", "comprehensiveIncomeNetOfTax": "None", "ebit": "6662000", "ebitda": "9898000", "netIncome": "4545000"}, {"fiscalDateEnding": "2009-03-31", "reportedCurrency": "USD", "grossProfit": "52707000", "totalRevenue": "70132000", "costOfRevenue": "17425000", "costofGoodsAndServicesSold": "17425000", "operatingIncome": "5284000", "sellingGeneralAndAdministrative": "13468000", "researchAndDevelopment": "5191000", "operatingExpenses": "46513000", "investmentIncomeNet": "None", "netInterestIncome": "None", "interestIncome": "None", "interestExpense": "0", "nonInterestIncome": "None", "otherNonOperatingIncome": "None", "depreciation": "None", "depreciationAndAmortization": "3143000", "incomeBeforeTax": "5432000", "incomeTaxExpense": "2796000", "interestAndDebtExpense": "None", "netIncomeFromContinuingOperations": "0", "comprehensiveIncomeNetOfTax": "None", "ebit": "6194000", "ebitda": "9337000", "netIncome": "2636000"}, {"fiscalDateEnding": "2008-12-31", "reportedCurrency": "USD", "grossProfit": "53892000", "totalRevenue": "74125000", "costOfRevenue": "20233000", "costofGoodsAndServicesSold": "20233000", "operatingIncome": "1325000", "sellingGeneralAndAdministrative": "42574000", "researchAndDevelopment": "5951000", "operatingExpenses": "48525000", "investmentIncomeNet": "None", "netInterestIncome": "None", "interestIncome": "None", "interestExpense": "24000", "nonInterestIncome": "None", "otherNonOperatingIncome": "None", "depreciation": "None", "depreciationAndAmortization": "3299000", "incomeBeforeTax": "1214000", "incomeTaxExpense": "-64282000", "interestAndDebtExpense": "None", "netIncomeFromContinuingOperations": "0", "comprehensiveIncomeNetOfTax": "None", "ebit": "722000", "ebitda": "4021000", "netIncome": "65496000"}, {"fiscalDateEnding": "2008-09-30", "reportedCurrency": "USD", "grossProfit": "56407000", "totalRevenue": "75173000", "costOfRevenue": "18766000", "costofGoodsAndServicesSold": "18766000", "operatingIncome": "5691000", "sellingGeneralAndAdministrative": "42609000", "researchAndDevelopment": "5918000", "operatingExpenses": "48527000", "investmentIncomeNet": "None", "netInterestIncome": "None", "interestIncome": "None", "interestExpense": "0", "nonInterestIncome": "None", "otherNonOperatingIncome": "None", "depreciation": "None", "depreciationAndAmortization": "3271000", "incomeBeforeTax": "5955000", "incomeTaxExpense": "798000", "interestAndDebtExpense": "None", "netIncomeFromContinuingOperations": "0", "comprehensiveIncomeNetOfTax": "None", "ebit": "7880000", "ebitda": "11151000", "netIncome": "5157000"}, {"fiscalDateEnding": "2008-06-30", "reportedCurrency": "USD", "grossProfit": "59659000", "totalRevenue": "79902000", "costOfRevenue": "20243000", "costofGoodsAndServicesSold": "20243000", "operatingIncome": "3872000", "sellingGeneralAndAdministrative": "48786000", "researchAndDevelopment": "7001000", "operatingExpenses": "55787000", "investmentIncomeNet": "None", "netInterestIncome": "None", "interestIncome": "None", "interestExpense": "0", "nonInterestIncome": "None", "otherNonOperatingIncome": "None", "depreciation": "None", "depreciationAndAmortization": "3159000", "incomeBeforeTax": "4315000", "incomeTaxExpense": "285000", "interestAndDebtExpense": "None", "netIncomeFromContinuingOperations": "0", "comprehensiveIncomeNetOfTax": "None", "ebit": "713000", "ebitda": "3872000", "netIncome": "4030000"}, {"fiscalDateEnding": "2008-03-31", "reportedCurrency": "USD", "grossProfit": "55168000", "totalRevenue": "74776000", "costOfRevenue": "19608000", "costofGoodsAndServicesSold": "19608000", "operatingIncome": "4626000", "sellingGeneralAndAdministrative": "43247000", "researchAndDevelopment": "7295000", "operatingExpenses": "50542000", "investmentIncomeNet": "None", "netInterestIncome": "None", "interestIncome": "None", "interestExpense": "0", "nonInterestIncome": "None", "otherNonOperatingIncome": "None", "depreciation": "None", "depreciationAndAmortization": "3062000", "incomeBeforeTax": "5592000", "incomeTaxExpense": "288000", "interestAndDebtExpense": "None", "netIncomeFromContinuingOperations": "0", "comprehensiveIncomeNetOfTax": "None", "ebit": "1564000", "ebitda": "4626000", "netIncome": "5304000"}, {"fiscalDateEnding": "2007-12-31", "reportedCurrency": "USD", "grossProfit": "53390000", "totalRevenue": "72517000", "costOfRevenue": "19127000", "costofGoodsAndServicesSold": "19127000", "operatingIncome": "5012000", "sellingGeneralAndAdministrative": "41768000", "researchAndDevelopment": "6610000", "operatingExpenses": "48378000", "investmentIncomeNet": "None", "netInterestIncome": "None", "interestIncome": "None", "interestExpense": "342000", "nonInterestIncome": "None", "otherNonOperatingIncome": "None", "depreciation": "None", "depreciationAndAmortization": "3047000", "incomeBeforeTax": "5864000", "incomeTaxExpense": "196000", "interestAndDebtExpense": "None", "netIncomeFromContinuingOperations": "0", "comprehensiveIncomeNetOfTax": "None", "ebit": "5012000", "ebitda": "8059000", "netIncome": "5668000"}, {"fiscalDateEnding": "2007-09-30", "reportedCurrency": "USD", "grossProfit": "53319000", "totalRevenue": "71451000", "costOfRevenue": "18132000", "costofGoodsAndServicesSold": "18132000", "operatingIncome": "8395000", "sellingGeneralAndAdministrative": "38175000", "researchAndDevelopment": "6749000", "operatingExpenses": "44924000", "investmentIncomeNet": "None", "netInterestIncome": "None", "interestIncome": "None", "interestExpense": "0", "nonInterestIncome": "None", "otherNonOperatingIncome": "None", "depreciation": "None", "depreciationAndAmortization": "3336000", "incomeBeforeTax": "9503000", "incomeTaxExpense": "43000", "interestAndDebtExpense": "None", "netIncomeFromContinuingOperations": "0", "comprehensiveIncomeNetOfTax": "None", "ebit": "5059000", "ebitda": "8395000", "netIncome": "9460000"}, {"fiscalDateEnding": "2007-06-30", "reportedCurrency": "USD", "grossProfit": "56356000", "totalRevenue": "76603000", "costOfRevenue": "20247000", "costofGoodsAndServicesSold": "20247000", "operatingIncome": "13448000", "sellingGeneralAndAdministrative": "36233000", "researchAndDevelopment": "6675000", "operatingExpenses": "42908000", "investmentIncomeNet": "None", "netInterestIncome": "None", "interestIncome": "None", "interestExpense": "0", "nonInterestIncome": "None", "otherNonOperatingIncome": "None", "depreciation": "None", "depreciationAndAmortization": "3605000", "incomeBeforeTax": "14128000", "incomeTaxExpense": "510000", "interestAndDebtExpense": "None", "netIncomeFromContinuingOperations": "0", "comprehensiveIncomeNetOfTax": "None", "ebit": "9843000", "ebitda": "13448000", "netIncome": "13618000"}, {"fiscalDateEnding": "2007-03-31", "reportedCurrency": "USD", "grossProfit": "46232000", "totalRevenue": "63761000", "costOfRevenue": "17529000", "costofGoodsAndServicesSold": "17529000", "operatingIncome": "7000000", "sellingGeneralAndAdministrative": "35335000", "researchAndDevelopment": "5693000", "operatingExpenses": "39232000", "investmentIncomeNet": "None", "netInterestIncome": "None", "interestIncome": "None", "interestExpense": "0", "nonInterestIncome": "None", "otherNonOperatingIncome": "None", "depreciation": "None", "depreciationAndAmortization": "3397000", "incomeBeforeTax": "7455000", "incomeTaxExpense": "477000", "interestAndDebtExpense": "None", "netIncomeFromContinuingOperations": "0", "comprehensiveIncomeNetOfTax": "None", "ebit": "3603000", "ebitda": "7000000", "netIncome": "6978000"}, {"fiscalDateEnding": "2006-12-31", "reportedCurrency": "USD", "grossProfit": "37994000", "totalRevenue": "55191000", "costOfRevenue": "17197000", "costofGoodsAndServicesSold": "17197000", "operatingIncome": "-18067000", "sellingGeneralAndAdministrative": "51113000", "researchAndDevelopment": "4948000", "operatingExpenses": "56061000", "investmentIncomeNet": "None", "netInterestIncome": "None", "interestIncome": "None", "interestExpense": "296000", "nonInterestIncome": "None", "otherNonOperatingIncome": "None", "depreciation": "None", "depreciationAndAmortization": "3208000", "incomeBeforeTax": "-17059000", "incomeTaxExpense": "210000", "interestAndDebtExpense": "None", "netIncomeFromContinuingOperations": "0", "comprehensiveIncomeNetOfTax": "None", "ebit": "-18067000", "ebitda": "-14859000", "netIncome": "-17269000"}, {"fiscalDateEnding": "2006-09-30", "reportedCurrency": "USD", "grossProfit": "32245000", "totalRevenue": "49034000", "costOfRevenue": "16789000", "costofGoodsAndServicesSold": "16789000", "operatingIncome": "-10965000", "sellingGeneralAndAdministrative": "38403000", "researchAndDevelopment": "4807000", "operatingExpenses": "43210000", "investmentIncomeNet": "None", "netInterestIncome": "None", "interestIncome": "None", "interestExpense": "0", "nonInterestIncome": "None", "otherNonOperatingIncome": "None", "depreciation": "None", "depreciationAndAmortization": "2271000", "incomeBeforeTax": "-10111000", "incomeTaxExpense": "209000", "interestAndDebtExpense": "None", "netIncomeFromContinuingOperations": "0", "comprehensiveIncomeNetOfTax": "None", "ebit": "-10965000", "ebitda": "-8694000", "netIncome": "-10320000"}, {"fiscalDateEnding": "2006-06-30", "reportedCurrency": "USD", "grossProfit": "36729000", "totalRevenue": "53221000", "costOfRevenue": "16492000", "costofGoodsAndServicesSold": "16492000", "operatingIncome": "-3291000", "sellingGeneralAndAdministrative": "35995000", "researchAndDevelopment": "4025000", "operatingExpenses": "40020000", "investmentIncomeNet": "None", "netInterestIncome": "None", "interestIncome": "None", "interestExpense": "841000", "nonInterestIncome": "None", "otherNonOperatingIncome": "None", "depreciation": "None", "depreciationAndAmortization": "2523000", "incomeBeforeTax": "-2450000", "incomeTaxExpense": "160000", "interestAndDebtExpense": "None", "netIncomeFromContinuingOperations": "0", "comprehensiveIncomeNetOfTax": "None", "ebit": "-3291000", "ebitda": "-768000", "netIncome": "-2610000"}, {"fiscalDateEnding": "2006-03-31", "reportedCurrency": "USD", "grossProfit": "34611000", "totalRevenue": "48908000", "costOfRevenue": "14297000", "costofGoodsAndServicesSold": "14297000", "operatingIncome": "-5213000", "sellingGeneralAndAdministrative": "15064000", "researchAndDevelopment": "4694000", "operatingExpenses": "39824000", "investmentIncomeNet": "None", "netInterestIncome": "None", "interestIncome": "None", "interestExpense": "698000", "nonInterestIncome": "None", "otherNonOperatingIncome": "None", "depreciation": "None", "depreciationAndAmortization": "2269000", "incomeBeforeTax": "-4515000", "incomeTaxExpense": "249000", "interestAndDebtExpense": "None", "netIncomeFromContinuingOperations": "0", "comprehensiveIncomeNetOfTax": "None", "ebit": "-5213000", "ebitda": "-2944000", "netIncome": "-4764000"}, {"fiscalDateEnding": "2005-12-31", "reportedCurrency": "USD", "grossProfit": "34453000", "totalRevenue": "51164000", "costOfRevenue": "16711000", "costofGoodsAndServicesSold": "16711000", "operatingIncome": "663000", "sellingGeneralAndAdministrative": "29863000", "researchAndDevelopment": "3927000", "operatingExpenses": "33790000", "investmentIncomeNet": "None", "netInterestIncome": "None", "interestIncome": "None", "interestExpense": "110000", "nonInterestIncome": "None", "otherNonOperatingIncome": "None", "depreciation": "None", "depreciationAndAmortization": "2678000", "incomeBeforeTax": "918000", "incomeTaxExpense": "390000", "interestAndDebtExpense": "None", "netIncomeFromContinuingOperations": "0", "comprehensiveIncomeNetOfTax": "None", "ebit": "663000", "ebitda": "3341000", "netIncome": "528000"}, {"fiscalDateEnding": "2005-09-30", "reportedCurrency": "USD", "grossProfit": "35891000", "totalRevenue": "50866000", "costOfRevenue": "14975000", "costofGoodsAndServicesSold": "14975000", "operatingIncome": "-1539000", "sellingGeneralAndAdministrative": "33030000", "researchAndDevelopment": "4400000", "operatingExpenses": "37430000", "investmentIncomeNet": "None", "netInterestIncome": "None", "interestIncome": "None", "interestExpense": "0", "nonInterestIncome": "None", "otherNonOperatingIncome": "None", "depreciation": "None", "depreciationAndAmortization": "2262000", "incomeBeforeTax": "-1213000", "incomeTaxExpense": "303000", "interestAndDebtExpense": "None", "netIncomeFromContinuingOperations": "0", "comprehensiveIncomeNetOfTax": "None", "ebit": "-1557000", "ebitda": "705000", "netIncome": "-1516000"}, {"fiscalDateEnding": "2005-06-30", "reportedCurrency": "USD", "grossProfit": "37320000", "totalRevenue": "53940000", "costOfRevenue": "16620000", "costofGoodsAndServicesSold": "16620000", "operatingIncome": "1193000", "sellingGeneralAndAdministrative": "30772000", "researchAndDevelopment": "5355000", "operatingExpenses": "36127000", "investmentIncomeNet": "None", "netInterestIncome": "None", "interestIncome": "None", "interestExpense": "0", "nonInterestIncome": "None", "otherNonOperatingIncome": "None", "depreciation": "None", "depreciationAndAmortization": "2732000", "incomeBeforeTax": "955000", "incomeTaxExpense": "417000", "interestAndDebtExpense": "None", "netIncomeFromContinuingOperations": "0", "comprehensiveIncomeNetOfTax": "None", "ebit": "-1539000", "ebitda": "1193000", "netIncome": "538000"}, {"fiscalDateEnding": "2005-03-31", "reportedCurrency": "USD", "grossProfit": "35677000", "totalRevenue": "51155000", "costOfRevenue": "15478000", "costofGoodsAndServicesSold": "15478000", "operatingIncome": "2129000", "sellingGeneralAndAdministrative": "28645000", "researchAndDevelopment": "4903000", "operatingExpenses": "33548000", "investmentIncomeNet": "None", "netInterestIncome": "None", "interestIncome": "None", "interestExpense": "0", "nonInterestIncome": "None", "otherNonOperatingIncome": "None", "depreciation": "None", "depreciationAndAmortization": "2779000", "incomeBeforeTax": "2069000", "incomeTaxExpense": "206000", "interestAndDebtExpense": "None", "netIncomeFromContinuingOperations": "0", "comprehensiveIncomeNetOfTax": "None", "ebit": "-650000", "ebitda": "2129000", "netIncome": "1863000"}, {"fiscalDateEnding": "2004-12-31", "reportedCurrency": "USD", "grossProfit": "28694000", "totalRevenue": "43655000", "costOfRevenue": "14961000", "costofGoodsAndServicesSold": "14961000", "operatingIncome": "656000", "sellingGeneralAndAdministrative": "24032000", "researchAndDevelopment": "4006000", "operatingExpenses": "28038000", "investmentIncomeNet": "None", "netInterestIncome": "None", "interestIncome": "None", "interestExpense": "271000", "nonInterestIncome": "None", "otherNonOperatingIncome": "None", "depreciation": "None", "depreciationAndAmortization": "8058000", "incomeBeforeTax": "1272000", "incomeTaxExpense": "151000", "interestAndDebtExpense": "None", "netIncomeFromContinuingOperations": "0", "comprehensiveIncomeNetOfTax": "None", "ebit": "656000", "ebitda": "8714000", "netIncome": "1121000"}]}