{"symbol": "ETR", "annualReports": [{"fiscalDateEnding": "2024-12-31", "reportedCurrency": "USD", "grossProfit": "5738287000", "totalRevenue": "11879653000", "costOfRevenue": "6141366000", "costofGoodsAndServicesSold": "6141366000", "operatingIncome": "2651090000", "sellingGeneralAndAdministrative": "None", "researchAndDevelopment": "None", "operatingExpenses": "3087197000", "investmentIncomeNet": "None", "netInterestIncome": "-851955000", "interestIncome": "298865000", "interestExpense": "1203588000", "nonInterestIncome": "None", "otherNonOperatingIncome": "None", "depreciation": "None", "depreciationAndAmortization": "2013168000", "incomeBeforeTax": "1442211000", "incomeTaxExpense": "386621000", "interestAndDebtExpense": "None", "netIncomeFromContinuingOperations": "1061184000", "comprehensiveIncomeNetOfTax": "None", "ebit": "2645799000", "ebitda": "4658967000", "netIncome": "1055590000"}, {"fiscalDateEnding": "2023-12-31", "reportedCurrency": "USD", "grossProfit": "5329436000", "totalRevenue": "12147412000", "costOfRevenue": "6817976000", "costofGoodsAndServicesSold": "6817976000", "operatingIncome": "2617975000", "sellingGeneralAndAdministrative": "None", "researchAndDevelopment": "None", "operatingExpenses": "2711461000", "investmentIncomeNet": "None", "netInterestIncome": "-843680000", "interestIncome": "162726000", "interestExpense": "1006406000", "nonInterestIncome": "None", "otherNonOperatingIncome": "None", "depreciation": "None", "depreciationAndAmortization": "2244479000", "incomeBeforeTax": "1671775000", "incomeTaxExpense": "-690535000", "interestAndDebtExpense": "None", "netIncomeFromContinuingOperations": "1471678000", "comprehensiveIncomeNetOfTax": "None", "ebit": "2678181000", "ebitda": "4922660000", "netIncome": "2362310000"}, {"fiscalDateEnding": "2022-12-31", "reportedCurrency": "USD", "grossProfit": "5275351000", "totalRevenue": "13764237000", "costOfRevenue": "8488886000", "costofGoodsAndServicesSold": "8488886000", "operatingIncome": "2050775000", "sellingGeneralAndAdministrative": "733538000", "researchAndDevelopment": "None", "operatingExpenses": "3388040000", "investmentIncomeNet": "None", "netInterestIncome": "-987818000", "interestIncome": "987818000", "interestExpense": "987818000", "nonInterestIncome": "None", "otherNonOperatingIncome": "-80378000", "depreciation": "None", "depreciationAndAmortization": "2190371000", "incomeBeforeTax": "1058160000", "incomeTaxExpense": "-38978000", "interestAndDebtExpense": "None", "netIncomeFromContinuingOperations": "1097138000", "comprehensiveIncomeNetOfTax": "None", "ebit": "1970397000", "ebitda": "4160768000", "netIncome": "1097138000"}, {"fiscalDateEnding": "2021-12-31", "reportedCurrency": "USD", "grossProfit": "4871866000", "totalRevenue": "11742896000", "costOfRevenue": "6871030000", "costofGoodsAndServicesSold": "6871030000", "operatingIncome": "1845626000", "sellingGeneralAndAdministrative": "660290000", "researchAndDevelopment": "None", "operatingExpenses": "2762615000", "investmentIncomeNet": "None", "netInterestIncome": "-404228000", "interestIncome": "404228000", "interestExpense": "834694000", "nonInterestIncome": "None", "otherNonOperatingIncome": "299161000", "depreciation": "None", "depreciationAndAmortization": "2242944000", "incomeBeforeTax": "1310093000", "incomeTaxExpense": "191374000", "interestAndDebtExpense": "None", "netIncomeFromContinuingOperations": "1118719000", "comprehensiveIncomeNetOfTax": "None", "ebit": "2144787000", "ebitda": "4387731000", "netIncome": "1118719000"}, {"fiscalDateEnding": "2020-12-31", "reportedCurrency": "USD", "grossProfit": "4458214000", "totalRevenue": "10113636000", "costOfRevenue": "5655422000", "costofGoodsAndServicesSold": "5655422000", "operatingIncome": "1769195000", "sellingGeneralAndAdministrative": "652840000", "researchAndDevelopment": "None", "operatingExpenses": "2662396000", "investmentIncomeNet": "None", "netInterestIncome": "-392845000", "interestIncome": "392845000", "interestExpense": "785663000", "nonInterestIncome": "None", "otherNonOperatingIncome": "301615000", "depreciation": "None", "depreciationAndAmortization": "2257750000", "incomeBeforeTax": "1285147000", "incomeTaxExpense": "-121506000", "interestAndDebtExpense": "None", "netIncomeFromContinuingOperations": "1406653000", "comprehensiveIncomeNetOfTax": "None", "ebit": "2070810000", "ebitda": "4328560000", "netIncome": "1406653000"}, {"fiscalDateEnding": "2019-12-31", "reportedCurrency": "USD", "grossProfit": "4178867000", "totalRevenue": "10878673000", "costOfRevenue": "6699806000", "costofGoodsAndServicesSold": "6699806000", "operatingIncome": "1975897000", "sellingGeneralAndAdministrative": "643745000", "researchAndDevelopment": "None", "operatingExpenses": "2498343000", "investmentIncomeNet": "None", "netInterestIncome": "-194513000", "interestIncome": "547912000", "interestExpense": "742425000", "nonInterestIncome": "None", "otherNonOperatingIncome": "440347000", "depreciation": "None", "depreciationAndAmortization": "2182313000", "incomeBeforeTax": "1088419000", "incomeTaxExpense": "-169825000", "interestAndDebtExpense": "None", "netIncomeFromContinuingOperations": "1258244000", "comprehensiveIncomeNetOfTax": "None", "ebit": "1830844000", "ebitda": "4013157000", "netIncome": "1258244000"}, {"fiscalDateEnding": "2018-12-31", "reportedCurrency": "USD", "grossProfit": "3702637000", "totalRevenue": "11009452000", "costOfRevenue": "7306815000", "costofGoodsAndServicesSold": "7306815000", "operatingIncome": "469365000", "sellingGeneralAndAdministrative": "641952000", "researchAndDevelopment": "None", "operatingExpenses": "2700951000", "investmentIncomeNet": "None", "netInterestIncome": "-643484000", "interestIncome": "63864000", "interestExpense": "707348000", "nonInterestIncome": "None", "otherNonOperatingIncome": "63712000", "depreciation": "None", "depreciationAndAmortization": "2040555000", "incomeBeforeTax": "-174271000", "incomeTaxExpense": "-1036826000", "interestAndDebtExpense": "None", "netIncomeFromContinuingOperations": "862555000", "comprehensiveIncomeNetOfTax": "None", "ebit": "533077000", "ebitda": "2573632000", "netIncome": "862555000"}, {"fiscalDateEnding": "2017-12-31", "reportedCurrency": "USD", "grossProfit": "3524730000", "totalRevenue": "11074481000", "costOfRevenue": "7549751000", "costofGoodsAndServicesSold": "7549751000", "operatingIncome": "1259682000", "sellingGeneralAndAdministrative": "4041245000", "researchAndDevelopment": "0", "operatingExpenses": "2281318000", "investmentIncomeNet": "None", "netInterestIncome": "-374146000", "interestIncome": "288197000", "interestExpense": "662343000", "nonInterestIncome": "None", "otherNonOperatingIncome": "370584000", "depreciation": "None", "depreciationAndAmortization": "2078578000", "incomeBeforeTax": "967923000", "incomeTaxExpense": "542570000", "interestAndDebtExpense": "None", "netIncomeFromContinuingOperations": "425353000", "comprehensiveIncomeNetOfTax": "None", "ebit": "1630266000", "ebitda": "3708844000", "netIncome": "425353000"}, {"fiscalDateEnding": "2016-12-31", "reportedCurrency": "USD", "grossProfit": "1474892000", "totalRevenue": "10845645000", "costOfRevenue": "9370753000", "costofGoodsAndServicesSold": "9370753000", "operatingIncome": "-886465000", "sellingGeneralAndAdministrative": "94243000", "researchAndDevelopment": "0", "operatingExpenses": "2361357000", "investmentIncomeNet": "None", "netInterestIncome": "-521243000", "interestIncome": "521243000", "interestExpense": "666370000", "nonInterestIncome": "None", "otherNonOperatingIncome": "None", "depreciation": "None", "depreciationAndAmortization": "2123291000", "incomeBeforeTax": "-1381762000", "incomeTaxExpense": "-817259000", "interestAndDebtExpense": "None", "netIncomeFromContinuingOperations": "-564503000", "comprehensiveIncomeNetOfTax": "None", "ebit": "-715392000", "ebitda": "1407899000", "netIncome": "-564503000"}, {"fiscalDateEnding": "2015-12-31", "reportedCurrency": "USD", "grossProfit": "1959072000", "totalRevenue": "11513251000", "costOfRevenue": "9554179000", "costofGoodsAndServicesSold": "9554179000", "operatingIncome": "-299165000", "sellingGeneralAndAdministrative": "3974403000", "researchAndDevelopment": "0", "operatingExpenses": "2412274000", "investmentIncomeNet": "None", "netInterestIncome": "None", "interestIncome": "456407000", "interestExpense": "643469000", "nonInterestIncome": "None", "otherNonOperatingIncome": "142973000", "depreciation": "None", "depreciationAndAmortization": "2117236000", "incomeBeforeTax": "-799661000", "incomeTaxExpense": "-642927000", "interestAndDebtExpense": "None", "netIncomeFromContinuingOperations": "-156734000", "comprehensiveIncomeNetOfTax": "None", "ebit": "-156192001", "ebitda": "1961043999", "netIncome": "-156734000"}, {"fiscalDateEnding": "2014-12-31", "reportedCurrency": "USD", "grossProfit": "4188982000", "totalRevenue": "12494921000", "costOfRevenue": "8305939000", "costofGoodsAndServicesSold": "8305939000", "operatingIncome": "2006889000", "sellingGeneralAndAdministrative": "3915142000", "researchAndDevelopment": "0", "operatingExpenses": "2182093000", "investmentIncomeNet": "None", "netInterestIncome": "None", "interestIncome": "None", "interestExpense": "627507000", "nonInterestIncome": "None", "otherNonOperatingIncome": "170472000", "depreciation": "None", "depreciationAndAmortization": "2127892000", "incomeBeforeTax": "1549854000", "incomeTaxExpense": "589597000", "interestAndDebtExpense": "None", "netIncomeFromContinuingOperations": "960257000", "comprehensiveIncomeNetOfTax": "None", "ebit": "2177361000", "ebitda": "4305253000", "netIncome": "960257000"}, {"fiscalDateEnding": "2013-12-31", "reportedCurrency": "USD", "grossProfit": "3460525000", "totalRevenue": "11390947000", "costOfRevenue": "7930422000", "costofGoodsAndServicesSold": "7930422000", "operatingIncome": "1354999000", "sellingGeneralAndAdministrative": "3932284000", "researchAndDevelopment": "0", "operatingExpenses": "2149095000", "investmentIncomeNet": "None", "netInterestIncome": "None", "interestIncome": "None", "interestExpense": "604037000", "nonInterestIncome": "None", "otherNonOperatingIncome": "205591000", "depreciation": "None", "depreciationAndAmortization": "2012076000", "incomeBeforeTax": "956553000", "incomeTaxExpense": "225981000", "interestAndDebtExpense": "None", "netIncomeFromContinuingOperations": "730572000", "comprehensiveIncomeNetOfTax": "None", "ebit": "1560590000", "ebitda": "3572666000", "netIncome": "730572000"}, {"fiscalDateEnding": "2012-12-31", "reportedCurrency": "USD", "grossProfit": "3362928000", "totalRevenue": "10302079000", "costOfRevenue": "6939151000", "costofGoodsAndServicesSold": "6939151000", "operatingIncome": "1301181000", "sellingGeneralAndAdministrative": "0", "researchAndDevelopment": "0", "operatingExpenses": "2061747000", "investmentIncomeNet": "None", "netInterestIncome": "None", "interestIncome": "None", "interestExpense": "569284000", "nonInterestIncome": "None", "otherNonOperatingIncome": "None", "depreciation": "None", "depreciationAndAmortization": "1771649000", "incomeBeforeTax": "899218000", "incomeTaxExpense": "30855000", "interestAndDebtExpense": "None", "netIncomeFromContinuingOperations": "None", "comprehensiveIncomeNetOfTax": "None", "ebit": "1468502000", "ebitda": "3240151000", "netIncome": "868363000"}, {"fiscalDateEnding": "2011-12-31", "reportedCurrency": "USD", "grossProfit": "6915774000", "totalRevenue": "11229073000", "costOfRevenue": "4313299000", "costofGoodsAndServicesSold": "4313299000", "operatingIncome": "2013234000", "sellingGeneralAndAdministrative": "190595000", "researchAndDevelopment": "0", "operatingExpenses": "4696581000", "investmentIncomeNet": "None", "netInterestIncome": "None", "interestIncome": "None", "interestExpense": "551521000", "nonInterestIncome": "None", "otherNonOperatingIncome": "None", "depreciation": "None", "depreciationAndAmortization": "1745455000", "incomeBeforeTax": "1653635000", "incomeTaxExpense": "286263000", "interestAndDebtExpense": "None", "netIncomeFromContinuingOperations": "None", "comprehensiveIncomeNetOfTax": "None", "ebit": "2167262000", "ebitda": "3912717000", "netIncome": "1367372000"}, {"fiscalDateEnding": "2010-12-31", "reportedCurrency": "USD", "grossProfit": "7053456000", "totalRevenue": "11487577000", "costOfRevenue": "4434121000", "costofGoodsAndServicesSold": "4434121000", "operatingIncome": "2267377000", "sellingGeneralAndAdministrative": "211736000", "researchAndDevelopment": "0", "operatingExpenses": "4785331000", "investmentIncomeNet": "None", "netInterestIncome": "None", "interestIncome": "None", "interestExpense": "610146000", "nonInterestIncome": "None", "otherNonOperatingIncome": "None", "depreciation": "None", "depreciationAndAmortization": "1705331000", "incomeBeforeTax": "1887544000", "incomeTaxExpense": "617239000", "interestAndDebtExpense": "None", "netIncomeFromContinuingOperations": "None", "comprehensiveIncomeNetOfTax": "None", "ebit": "2423711000", "ebitda": "4129042000", "netIncome": "1270305000"}, {"fiscalDateEnding": "2009-12-31", "reportedCurrency": "USD", "grossProfit": "6799306000", "totalRevenue": "10745650000", "costOfRevenue": "3946344000", "costofGoodsAndServicesSold": "3946344000", "operatingIncome": "2284526000", "sellingGeneralAndAdministrative": "199063000", "researchAndDevelopment": "None", "operatingExpenses": "4536507000", "investmentIncomeNet": "None", "netInterestIncome": "None", "interestIncome": "None", "interestExpense": "570444000", "nonInterestIncome": "None", "otherNonOperatingIncome": "169708000", "depreciation": "None", "depreciationAndAmortization": "1281838000", "incomeBeforeTax": "1883790000", "incomeTaxExpense": "632740000", "interestAndDebtExpense": "None", "netIncomeFromContinuingOperations": "1251050000", "comprehensiveIncomeNetOfTax": "None", "ebit": "2454234000", "ebitda": "3736072000", "netIncome": "1251050000"}, {"fiscalDateEnding": "2008-12-31", "reportedCurrency": "USD", "grossProfit": "6803033000", "totalRevenue": "13093756000", "costOfRevenue": "6290723000", "costofGoodsAndServicesSold": "6290723000", "operatingIncome": "2283167000", "sellingGeneralAndAdministrative": "249292000", "researchAndDevelopment": "None", "operatingExpenses": "4519866000", "investmentIncomeNet": "None", "netInterestIncome": "None", "interestIncome": "None", "interestExpense": "608921000", "nonInterestIncome": "None", "otherNonOperatingIncome": "None", "depreciation": "None", "depreciationAndAmortization": "1220269000", "incomeBeforeTax": "1843533000", "incomeTaxExpense": "602998000", "interestAndDebtExpense": "None", "netIncomeFromContinuingOperations": "None", "comprehensiveIncomeNetOfTax": "None", "ebit": "2452454000", "ebitda": "3672723000", "netIncome": "1240535000"}, {"fiscalDateEnding": "2007-12-31", "reportedCurrency": "USD", "grossProfit": "6562615000", "totalRevenue": "11484398000", "costOfRevenue": "4921783000", "costofGoodsAndServicesSold": "4921783000", "operatingIncome": "2056368000", "sellingGeneralAndAdministrative": "None", "researchAndDevelopment": "None", "operatingExpenses": "4506247000", "investmentIncomeNet": "None", "netInterestIncome": "None", "interestIncome": "None", "interestExpense": "0", "nonInterestIncome": "None", "otherNonOperatingIncome": "None", "depreciation": "None", "depreciationAndAmortization": "1131610000", "incomeBeforeTax": "1649266000", "incomeTaxExpense": "514417000", "interestAndDebtExpense": "None", "netIncomeFromContinuingOperations": "None", "comprehensiveIncomeNetOfTax": "None", "ebit": "2056368000", "ebitda": "3187978000", "netIncome": "1134849000"}, {"fiscalDateEnding": "2006-12-31", "reportedCurrency": "USD", "grossProfit": "5480281000", "totalRevenue": "10932158000", "costOfRevenue": "5451877000", "costofGoodsAndServicesSold": "5451877000", "operatingIncome": "1682680000", "sellingGeneralAndAdministrative": "145884000", "researchAndDevelopment": "None", "operatingExpenses": "3797601000", "investmentIncomeNet": "None", "netInterestIncome": "None", "interestIncome": "None", "interestExpense": "0", "nonInterestIncome": "None", "otherNonOperatingIncome": "None", "depreciation": "None", "depreciationAndAmortization": "1035153000", "incomeBeforeTax": "1576142000", "incomeTaxExpense": "443044000", "interestAndDebtExpense": "None", "netIncomeFromContinuingOperations": "None", "comprehensiveIncomeNetOfTax": "None", "ebit": "1682680000", "ebitda": "2717833000", "netIncome": "1132602000"}, {"fiscalDateEnding": "2005-12-31", "reportedCurrency": "USD", "grossProfit": "5408985000", "totalRevenue": "10106247000", "costOfRevenue": "4697262000", "costofGoodsAndServicesSold": "4697262000", "operatingIncome": "1742107000", "sellingGeneralAndAdministrative": "None", "researchAndDevelopment": "None", "operatingExpenses": "3666878000", "investmentIncomeNet": "None", "netInterestIncome": "None", "interestIncome": "None", "interestExpense": "0", "nonInterestIncome": "None", "otherNonOperatingIncome": "None", "depreciation": "None", "depreciationAndAmortization": "1001852000", "incomeBeforeTax": "1527836000", "incomeTaxExpense": "559284000", "interestAndDebtExpense": "None", "netIncomeFromContinuingOperations": "None", "comprehensiveIncomeNetOfTax": "None", "ebit": "1742107000", "ebitda": "2743959000", "netIncome": "923758000"}], "quarterlyReports": [{"fiscalDateEnding": "2024-12-31", "reportedCurrency": "USD", "grossProfit": "1254518000", "totalRevenue": "2742305000", "costOfRevenue": "1487787000", "costofGoodsAndServicesSold": "1487787000", "operatingIncome": "669615000", "sellingGeneralAndAdministrative": "None", "researchAndDevelopment": "None", "operatingExpenses": "584903000", "investmentIncomeNet": "None", "netInterestIncome": "-285635000", "interestIncome": "13265000", "interestExpense": "298900000", "nonInterestIncome": "None", "otherNonOperatingIncome": "None", "depreciation": "None", "depreciationAndAmortization": "622304000", "incomeBeforeTax": "398086000", "incomeTaxExpense": "110924000", "interestAndDebtExpense": "None", "netIncomeFromContinuingOperations": "287162000", "comprehensiveIncomeNetOfTax": "None", "ebit": "696986000", "ebitda": "1319290000", "netIncome": "287162000"}, {"fiscalDateEnding": "2024-09-30", "reportedCurrency": "USD", "grossProfit": "1768879000", "totalRevenue": "3389100000", "costOfRevenue": "1620221000", "costofGoodsAndServicesSold": "1620221000", "operatingIncome": "1125862000", "sellingGeneralAndAdministrative": "None", "researchAndDevelopment": "None", "operatingExpenses": "643017000", "investmentIncomeNet": "None", "netInterestIncome": "-230827000", "interestIncome": "64316000", "interestExpense": "295143000", "nonInterestIncome": "None", "otherNonOperatingIncome": "None", "depreciation": "None", "depreciationAndAmortization": "614766000", "incomeBeforeTax": "861229000", "incomeTaxExpense": "215475000", "interestAndDebtExpense": "None", "netIncomeFromContinuingOperations": "645754000", "comprehensiveIncomeNetOfTax": "None", "ebit": "1156372000", "ebitda": "1771138000", "netIncome": "645754000"}, {"fiscalDateEnding": "2024-06-30", "reportedCurrency": "USD", "grossProfit": "880757001", "totalRevenue": "2953620000", "costOfRevenue": "2072862999", "costofGoodsAndServicesSold": "2072862999", "operatingIncome": "567630000", "sellingGeneralAndAdministrative": "None", "researchAndDevelopment": "None", "operatingExpenses": "313127000", "investmentIncomeNet": "None", "netInterestIncome": "-218990000", "interestIncome": "70587000", "interestExpense": "289577000", "nonInterestIncome": "None", "otherNonOperatingIncome": "None", "depreciation": "None", "depreciationAndAmortization": "606080000", "incomeBeforeTax": "85366000", "incomeTaxExpense": "33634000", "interestAndDebtExpense": "None", "netIncomeFromContinuingOperations": "51732000", "comprehensiveIncomeNetOfTax": "None", "ebit": "374943000", "ebitda": "981023000", "netIncome": "51732000"}, {"fiscalDateEnding": "2024-03-31", "reportedCurrency": "USD", "grossProfit": "671485000", "totalRevenue": "2794628000", "costOfRevenue": "2123143000", "costofGoodsAndServicesSold": "2123143000", "operatingIncome": "369710000", "sellingGeneralAndAdministrative": "None", "researchAndDevelopment": "None", "operatingExpenses": "301775000", "investmentIncomeNet": "None", "netInterestIncome": "-116503000", "interestIncome": "150697000", "interestExpense": "267200000", "nonInterestIncome": "None", "otherNonOperatingIncome": "None", "depreciation": "None", "depreciationAndAmortization": "600412000", "incomeBeforeTax": "97530000", "incomeTaxExpense": "20994000", "interestAndDebtExpense": "None", "netIncomeFromContinuingOperations": "76536000", "comprehensiveIncomeNetOfTax": "None", "ebit": "364730000", "ebitda": "965142000", "netIncome": "76536000"}, {"fiscalDateEnding": "2023-12-31", "reportedCurrency": "USD", "grossProfit": "1004879000", "totalRevenue": "2724805000", "costOfRevenue": "1719926000", "costofGoodsAndServicesSold": "1719926000", "operatingIncome": "256557000", "sellingGeneralAndAdministrative": "None", "researchAndDevelopment": "None", "operatingExpenses": "743721000", "investmentIncomeNet": "None", "netInterestIncome": "-187882000", "interestIncome": "66476000", "interestExpense": "254358000", "nonInterestIncome": "None", "otherNonOperatingIncome": "None", "depreciation": "None", "depreciationAndAmortization": "575939000", "incomeBeforeTax": "14931000", "incomeTaxExpense": "-973353000", "interestAndDebtExpense": "None", "netIncomeFromContinuingOperations": "988284000", "comprehensiveIncomeNetOfTax": "None", "ebit": "269289000", "ebitda": "845228000", "netIncome": "988284000"}, {"fiscalDateEnding": "2023-09-30", "reportedCurrency": "USD", "grossProfit": "1787835000", "totalRevenue": "3595522000", "costOfRevenue": "1807687000", "costofGoodsAndServicesSold": "1807687000", "operatingIncome": "1143383000", "sellingGeneralAndAdministrative": "None", "researchAndDevelopment": "None", "operatingExpenses": "606374000", "investmentIncomeNet": "None", "netInterestIncome": "-252879000", "interestIncome": "2562000", "interestExpense": "255441000", "nonInterestIncome": "None", "otherNonOperatingIncome": "None", "depreciation": "None", "depreciationAndAmortization": "551697000", "incomeBeforeTax": "896711000", "incomeTaxExpense": "226997000", "interestAndDebtExpense": "None", "netIncomeFromContinuingOperations": "669714000", "comprehensiveIncomeNetOfTax": "None", "ebit": "1152152000", "ebitda": "1703849000", "netIncome": "669714000"}, {"fiscalDateEnding": "2023-06-30", "reportedCurrency": "USD", "grossProfit": "1361094000", "totalRevenue": "2846026000", "costOfRevenue": "1484932000", "costofGoodsAndServicesSold": "1484932000", "operatingIncome": "755927000", "sellingGeneralAndAdministrative": "183578000", "researchAndDevelopment": "None", "operatingExpenses": "605167000", "investmentIncomeNet": "None", "netInterestIncome": "-205440000", "interestIncome": "45428000", "interestExpense": "261349000", "nonInterestIncome": "None", "otherNonOperatingIncome": "21751000", "depreciation": "None", "depreciationAndAmortization": "563619000", "incomeBeforeTax": "526810000", "incomeTaxExpense": "135566000", "interestAndDebtExpense": "None", "netIncomeFromContinuingOperations": "392014000", "comprehensiveIncomeNetOfTax": "None", "ebit": "777678000", "ebitda": "1341297000", "netIncome": "392014000"}, {"fiscalDateEnding": "2023-03-31", "reportedCurrency": "USD", "grossProfit": "1175628000", "totalRevenue": "2981059000", "costOfRevenue": "1805431000", "costofGoodsAndServicesSold": "1805431000", "operatingIncome": "462109000", "sellingGeneralAndAdministrative": "185437000", "researchAndDevelopment": "None", "operatingExpenses": "713519000", "investmentIncomeNet": "None", "netInterestIncome": "-197479000", "interestIncome": "197479000", "interestExpense": "245738000", "nonInterestIncome": "None", "otherNonOperatingIncome": "16953000", "depreciation": "None", "depreciationAndAmortization": "553224000", "incomeBeforeTax": "233324000", "incomeTaxExpense": "-78975000", "interestAndDebtExpense": "None", "netIncomeFromContinuingOperations": "312299000", "comprehensiveIncomeNetOfTax": "None", "ebit": "479062000", "ebitda": "1032286000", "netIncome": "312299000"}, {"fiscalDateEnding": "2022-12-31", "reportedCurrency": "USD", "grossProfit": "1093924000", "totalRevenue": "3272500000", "costOfRevenue": "2178576000", "costofGoodsAndServicesSold": "2178576000", "operatingIncome": "448877000", "sellingGeneralAndAdministrative": "191090000", "researchAndDevelopment": "None", "operatingExpenses": "645047000", "investmentIncomeNet": "None", "netInterestIncome": "-193969000", "interestIncome": "193969000", "interestExpense": "236389000", "nonInterestIncome": "None", "otherNonOperatingIncome": "-44780000", "depreciation": "None", "depreciationAndAmortization": "522615000", "incomeBeforeTax": "167708000", "incomeTaxExpense": "70056000", "interestAndDebtExpense": "None", "netIncomeFromContinuingOperations": "97652000", "comprehensiveIncomeNetOfTax": "None", "ebit": "404097000", "ebitda": "926712000", "netIncome": "97652000"}, {"fiscalDateEnding": "2022-09-30", "reportedCurrency": "USD", "grossProfit": "1603886000", "totalRevenue": "4218615000", "costOfRevenue": "2614729000", "costofGoodsAndServicesSold": "2614729000", "operatingIncome": "954705000", "sellingGeneralAndAdministrative": "190056000", "researchAndDevelopment": "None", "operatingExpenses": "649324000", "investmentIncomeNet": "None", "netInterestIncome": "-224494000", "interestIncome": "224494000", "interestExpense": "227460000", "nonInterestIncome": "None", "otherNonOperatingIncome": "12749000", "depreciation": "None", "depreciationAndAmortization": "553802000", "incomeBeforeTax": "739994000", "incomeTaxExpense": "184112000", "interestAndDebtExpense": "None", "netIncomeFromContinuingOperations": "555882000", "comprehensiveIncomeNetOfTax": "None", "ebit": "967454000", "ebitda": "1521256000", "netIncome": "560589000"}, {"fiscalDateEnding": "2022-06-30", "reportedCurrency": "USD", "grossProfit": "1357991000", "totalRevenue": "3395196000", "costOfRevenue": "2037205000", "costofGoodsAndServicesSold": "2037205000", "operatingIncome": "-47356000", "sellingGeneralAndAdministrative": "172244000", "researchAndDevelopment": "None", "operatingExpenses": "1440925000", "investmentIncomeNet": "None", "netInterestIncome": "-325910000", "interestIncome": "325910000", "interestExpense": "325910000", "nonInterestIncome": "None", "otherNonOperatingIncome": "-49903000", "depreciation": "None", "depreciationAndAmortization": "552223000", "incomeBeforeTax": "-195632000", "incomeTaxExpense": "-359643000", "interestAndDebtExpense": "None", "netIncomeFromContinuingOperations": "164011000", "comprehensiveIncomeNetOfTax": "None", "ebit": "31229000", "ebitda": "583452000", "netIncome": "159703000"}, {"fiscalDateEnding": "2022-03-31", "reportedCurrency": "USD", "grossProfit": "1219547000", "totalRevenue": "2877925000", "costOfRevenue": "1658378000", "costofGoodsAndServicesSold": "1658378000", "operatingIncome": "566060000", "sellingGeneralAndAdministrative": "180148000", "researchAndDevelopment": "None", "operatingExpenses": "652743000", "investmentIncomeNet": "None", "netInterestIncome": "-243444000", "interestIncome": "243444000", "interestExpense": "243444000", "nonInterestIncome": "None", "otherNonOperatingIncome": "1556000", "depreciation": "None", "depreciationAndAmortization": "561731000", "incomeBeforeTax": "346090000", "incomeTaxExpense": "66497000", "interestAndDebtExpense": "None", "netIncomeFromContinuingOperations": "279593000", "comprehensiveIncomeNetOfTax": "None", "ebit": "567616000", "ebitda": "1129347000", "netIncome": "276400000"}, {"fiscalDateEnding": "2021-12-31", "reportedCurrency": "USD", "grossProfit": "979126000", "totalRevenue": "2722456000", "costOfRevenue": "1743330000", "costofGoodsAndServicesSold": "1743330000", "operatingIncome": "341550000", "sellingGeneralAndAdministrative": "165330000", "researchAndDevelopment": "None", "operatingExpenses": "719177000", "investmentIncomeNet": "None", "netInterestIncome": "-71234000", "interestIncome": "140709000", "interestExpense": "211943000", "nonInterestIncome": "None", "otherNonOperatingIncome": "101345000", "depreciation": "None", "depreciationAndAmortization": "546621000", "incomeBeforeTax": "230952000", "incomeTaxExpense": "-14434000", "interestAndDebtExpense": "None", "netIncomeFromContinuingOperations": "245386000", "comprehensiveIncomeNetOfTax": "None", "ebit": "442895000", "ebitda": "989516000", "netIncome": "258898000"}, {"fiscalDateEnding": "2021-09-30", "reportedCurrency": "USD", "grossProfit": "1560511000", "totalRevenue": "3353532000", "costOfRevenue": "1793021000", "costofGoodsAndServicesSold": "1793021000", "operatingIncome": "827870000", "sellingGeneralAndAdministrative": "182347000", "researchAndDevelopment": "None", "operatingExpenses": "732780000", "investmentIncomeNet": "None", "netInterestIncome": "-134388000", "interestIncome": "75112000", "interestExpense": "209500000", "nonInterestIncome": "None", "otherNonOperatingIncome": "75495000", "depreciation": "None", "depreciationAndAmortization": "546029000", "incomeBeforeTax": "693865000", "incomeTaxExpense": "158282000", "interestAndDebtExpense": "None", "netIncomeFromContinuingOperations": "535583000", "comprehensiveIncomeNetOfTax": "None", "ebit": "903365000", "ebitda": "1449394000", "netIncome": "531003000"}, {"fiscalDateEnding": "2021-06-30", "reportedCurrency": "USD", "grossProfit": "1118817000", "totalRevenue": "2822070000", "costOfRevenue": "1703253000", "costofGoodsAndServicesSold": "1703253000", "operatingIncome": "168208000", "sellingGeneralAndAdministrative": "155911000", "researchAndDevelopment": "None", "operatingExpenses": "608517000", "investmentIncomeNet": "None", "netInterestIncome": "-142047000", "interestIncome": "142047000", "interestExpense": "213376000", "nonInterestIncome": "None", "otherNonOperatingIncome": "25358000", "depreciation": "None", "depreciationAndAmortization": "569723000", "incomeBeforeTax": "-19810000", "incomeTaxExpense": "-18416000", "interestAndDebtExpense": "None", "netIncomeFromContinuingOperations": "-1394000", "comprehensiveIncomeNetOfTax": "None", "ebit": "193566000", "ebitda": "763289000", "netIncome": "-1394000"}, {"fiscalDateEnding": "2021-03-31", "reportedCurrency": "USD", "grossProfit": "1213412000", "totalRevenue": "2844838000", "costOfRevenue": "1631426000", "costofGoodsAndServicesSold": "1631426000", "operatingIncome": "507997000", "sellingGeneralAndAdministrative": "156702000", "researchAndDevelopment": "None", "operatingExpenses": "702142000", "investmentIncomeNet": "None", "netInterestIncome": "-56558000", "interestIncome": "143315000", "interestExpense": "199873000", "nonInterestIncome": "None", "otherNonOperatingIncome": "96963000", "depreciation": "None", "depreciationAndAmortization": "580571000", "incomeBeforeTax": "405087000", "incomeTaxExpense": "65942000", "interestAndDebtExpense": "None", "netIncomeFromContinuingOperations": "339145000", "comprehensiveIncomeNetOfTax": "None", "ebit": "604960000", "ebitda": "1185531000", "netIncome": "334565000"}, {"fiscalDateEnding": "2020-12-31", "reportedCurrency": "USD", "grossProfit": "897431000", "totalRevenue": "2370101000", "costOfRevenue": "1472670000", "costofGoodsAndServicesSold": "1472670000", "operatingIncome": "152111000", "sellingGeneralAndAdministrative": "152475000", "researchAndDevelopment": "None", "operatingExpenses": "735029000", "investmentIncomeNet": "None", "netInterestIncome": "2861000", "interestIncome": "2861000", "interestExpense": "194130000", "nonInterestIncome": "None", "otherNonOperatingIncome": "145695000", "depreciation": "None", "depreciationAndAmortization": "562846000", "incomeBeforeTax": "103676000", "incomeTaxExpense": "-288871000", "interestAndDebtExpense": "None", "netIncomeFromContinuingOperations": "392547000", "comprehensiveIncomeNetOfTax": "None", "ebit": "297806000", "ebitda": "860652000", "netIncome": "387968000"}, {"fiscalDateEnding": "2020-09-30", "reportedCurrency": "USD", "grossProfit": "1416794000", "totalRevenue": "2903568000", "costOfRevenue": "1486774000", "costofGoodsAndServicesSold": "1486774000", "operatingIncome": "778016000", "sellingGeneralAndAdministrative": "171425000", "researchAndDevelopment": "None", "operatingExpenses": "638778000", "investmentIncomeNet": "None", "netInterestIncome": "-68874000", "interestIncome": "68874000", "interestExpense": "196731000", "nonInterestIncome": "None", "otherNonOperatingIncome": "93858000", "depreciation": "None", "depreciationAndAmortization": "563692000", "incomeBeforeTax": "675143000", "incomeTaxExpense": "149444000", "interestAndDebtExpense": "None", "netIncomeFromContinuingOperations": "525699000", "comprehensiveIncomeNetOfTax": "None", "ebit": "871874000", "ebitda": "1435566000", "netIncome": "521119000"}, {"fiscalDateEnding": "2020-06-30", "reportedCurrency": "USD", "grossProfit": "1078667000", "totalRevenue": "2412788000", "costOfRevenue": "1334121000", "costofGoodsAndServicesSold": "1334121000", "operatingIncome": "439311000", "sellingGeneralAndAdministrative": "158646000", "researchAndDevelopment": "None", "operatingExpenses": "632581000", "investmentIncomeNet": "None", "netInterestIncome": "80167000", "interestIncome": "284823000", "interestExpense": "204656000", "nonInterestIncome": "None", "otherNonOperatingIncome": "219573000", "depreciation": "None", "depreciationAndAmortization": "562616000", "incomeBeforeTax": "454228000", "incomeTaxExpense": "89115000", "interestAndDebtExpense": "None", "netIncomeFromContinuingOperations": "365113000", "comprehensiveIncomeNetOfTax": "None", "ebit": "658884000", "ebitda": "1221500000", "netIncome": "360533000"}, {"fiscalDateEnding": "2020-03-31", "reportedCurrency": "USD", "grossProfit": "1060860000", "totalRevenue": "2427179000", "costOfRevenue": "1366319000", "costofGoodsAndServicesSold": "1366319000", "operatingIncome": "399756000", "sellingGeneralAndAdministrative": "170294000", "researchAndDevelopment": "None", "operatingExpenses": "656009000", "investmentIncomeNet": "None", "netInterestIncome": "-406998000", "interestIncome": "216853000", "interestExpense": "406998000", "nonInterestIncome": "None", "otherNonOperatingIncome": "-157511000", "depreciation": "None", "depreciationAndAmortization": "568596000", "incomeBeforeTax": "52100000", "incomeTaxExpense": "-71194000", "interestAndDebtExpense": "None", "netIncomeFromContinuingOperations": "123294000", "comprehensiveIncomeNetOfTax": "None", "ebit": "242245000", "ebitda": "810841000", "netIncome": "118714000"}, {"fiscalDateEnding": "2019-12-31", "reportedCurrency": "USD", "grossProfit": "890863000", "totalRevenue": "2462306000", "costOfRevenue": "1571443000", "costofGoodsAndServicesSold": "1571443000", "operatingIncome": "248540000", "sellingGeneralAndAdministrative": "156031000", "researchAndDevelopment": "None", "operatingExpenses": "640779000", "investmentIncomeNet": "None", "netInterestIncome": "-46693000", "interestIncome": "141249000", "interestExpense": "187942000", "nonInterestIncome": "None", "otherNonOperatingIncome": "85753000", "depreciation": "None", "depreciationAndAmortization": "547636000", "incomeBeforeTax": "146350000", "incomeTaxExpense": "-243255000", "interestAndDebtExpense": "None", "netIncomeFromContinuingOperations": "389606000", "comprehensiveIncomeNetOfTax": "None", "ebit": "334292000", "ebitda": "881928000", "netIncome": "385025000"}, {"fiscalDateEnding": "2019-09-30", "reportedCurrency": "USD", "grossProfit": "1369557000", "totalRevenue": "3140575000", "costOfRevenue": "1771018000", "costofGoodsAndServicesSold": "1771018000", "operatingIncome": "519929000", "sellingGeneralAndAdministrative": "165731000", "researchAndDevelopment": "None", "operatingExpenses": "651542000", "investmentIncomeNet": "None", "netInterestIncome": "-104344000", "interestIncome": "82295000", "interestExpense": "186639000", "nonInterestIncome": "None", "otherNonOperatingIncome": "65370000", "depreciation": "None", "depreciationAndAmortization": "565870000", "incomeBeforeTax": "398660000", "incomeTaxExpense": "29201000", "interestAndDebtExpense": "None", "netIncomeFromContinuingOperations": "369459000", "comprehensiveIncomeNetOfTax": "None", "ebit": "585299000", "ebitda": "1151169000", "netIncome": "365240000"}, {"fiscalDateEnding": "2019-06-30", "reportedCurrency": "USD", "grossProfit": "960193000", "totalRevenue": "2666209000", "costOfRevenue": "1706016000", "costofGoodsAndServicesSold": "1706016000", "operatingIncome": "338775000", "sellingGeneralAndAdministrative": "163408000", "researchAndDevelopment": "None", "operatingExpenses": "604999000", "investmentIncomeNet": "None", "netInterestIncome": "-88083000", "interestIncome": "96218000", "interestExpense": "184301000", "nonInterestIncome": "None", "otherNonOperatingIncome": "87517000", "depreciation": "None", "depreciationAndAmortization": "538583000", "incomeBeforeTax": "241991000", "incomeTaxExpense": "1458000", "interestAndDebtExpense": "None", "netIncomeFromContinuingOperations": "240533000", "comprehensiveIncomeNetOfTax": "None", "ebit": "426292000", "ebitda": "964875000", "netIncome": "236424000"}, {"fiscalDateEnding": "2019-03-31", "reportedCurrency": "USD", "grossProfit": "958255000", "totalRevenue": "2609584000", "costOfRevenue": "1651329000", "costofGoodsAndServicesSold": "1651329000", "operatingIncome": "283254000", "sellingGeneralAndAdministrative": "158575000", "researchAndDevelopment": "None", "operatingExpenses": "601022000", "investmentIncomeNet": "None", "netInterestIncome": "44605000", "interestIncome": "44605000", "interestExpense": "183544000", "nonInterestIncome": "None", "otherNonOperatingIncome": "201707000", "depreciation": "None", "depreciationAndAmortization": "530224000", "incomeBeforeTax": "301417000", "incomeTaxExpense": "42771000", "interestAndDebtExpense": "None", "netIncomeFromContinuingOperations": "258646000", "comprehensiveIncomeNetOfTax": "None", "ebit": "484961000", "ebitda": "1015185000", "netIncome": "254537000"}, {"fiscalDateEnding": "2018-12-31", "reportedCurrency": "USD", "grossProfit": "454990000", "totalRevenue": "2512482000", "costOfRevenue": "2057492000", "costofGoodsAndServicesSold": "2057492000", "operatingIncome": "-228931000", "sellingGeneralAndAdministrative": "2427489000", "researchAndDevelopment": "0", "operatingExpenses": "683921000", "investmentIncomeNet": "None", "netInterestIncome": "None", "interestIncome": "None", "interestExpense": "381201000", "nonInterestIncome": "None", "otherNonOperatingIncome": "-170302000", "depreciation": "None", "depreciationAndAmortization": "523211000", "incomeBeforeTax": "-579211000", "incomeTaxExpense": "-516889000", "interestAndDebtExpense": "None", "netIncomeFromContinuingOperations": "-62323000", "comprehensiveIncomeNetOfTax": "None", "ebit": "-399233000", "ebitda": "123978000", "netIncome": "-62322000"}, {"fiscalDateEnding": "2018-09-30", "reportedCurrency": "USD", "grossProfit": "888505000", "totalRevenue": "3104319000", "costOfRevenue": "2215814000", "costofGoodsAndServicesSold": "2215814000", "operatingIncome": "271035000", "sellingGeneralAndAdministrative": "161916000", "researchAndDevelopment": "0", "operatingExpenses": "617470000", "investmentIncomeNet": "None", "netInterestIncome": "None", "interestIncome": "None", "interestExpense": "180067000", "nonInterestIncome": "None", "otherNonOperatingIncome": "165844000", "depreciation": "None", "depreciationAndAmortization": "489735000", "incomeBeforeTax": "256812000", "incomeTaxExpense": "-283006000", "interestAndDebtExpense": "None", "netIncomeFromContinuingOperations": "539818000", "comprehensiveIncomeNetOfTax": "None", "ebit": "436879000", "ebitda": "926614000", "netIncome": "536379000"}, {"fiscalDateEnding": "2018-06-30", "reportedCurrency": "USD", "grossProfit": "841528000", "totalRevenue": "2668770000", "costOfRevenue": "1827242000", "costofGoodsAndServicesSold": "1827242000", "operatingIncome": "91597000", "sellingGeneralAndAdministrative": "998650000", "researchAndDevelopment": "0", "operatingExpenses": "749931000", "investmentIncomeNet": "None", "netInterestIncome": "None", "interestIncome": "None", "interestExpense": "177646000", "nonInterestIncome": "None", "otherNonOperatingIncome": "54313000", "depreciation": "None", "depreciationAndAmortization": "502428000", "incomeBeforeTax": "-31736000", "incomeTaxExpense": "-280596000", "interestAndDebtExpense": "None", "netIncomeFromContinuingOperations": "248860000", "comprehensiveIncomeNetOfTax": "None", "ebit": "145910000", "ebitda": "648338000", "netIncome": "245421000"}, {"fiscalDateEnding": "2018-03-31", "reportedCurrency": "USD", "grossProfit": "985293000", "totalRevenue": "2723881000", "costOfRevenue": "1738588000", "costofGoodsAndServicesSold": "1738588000", "operatingIncome": "335664000", "sellingGeneralAndAdministrative": "948803000", "researchAndDevelopment": "0", "operatingExpenses": "649629000", "investmentIncomeNet": "None", "netInterestIncome": "None", "interestIncome": "None", "interestExpense": "169658000", "nonInterestIncome": "None", "otherNonOperatingIncome": "13857000", "depreciation": "None", "depreciationAndAmortization": "525181000", "incomeBeforeTax": "179863000", "incomeTaxExpense": "43663000", "interestAndDebtExpense": "None", "netIncomeFromContinuingOperations": "136200000", "comprehensiveIncomeNetOfTax": "None", "ebit": "349521000", "ebitda": "874702000", "netIncome": "132761000"}, {"fiscalDateEnding": "2017-12-31", "reportedCurrency": "USD", "grossProfit": "721051000", "totalRevenue": "2623845000", "costOfRevenue": "1902794000", "costofGoodsAndServicesSold": "1902794000", "operatingIncome": "211901000", "sellingGeneralAndAdministrative": "5900000", "researchAndDevelopment": "0", "operatingExpenses": "509150000", "investmentIncomeNet": "None", "netInterestIncome": "None", "interestIncome": "None", "interestExpense": "170544000", "nonInterestIncome": "None", "otherNonOperatingIncome": "None", "depreciation": "None", "depreciationAndAmortization": "517013000", "incomeBeforeTax": "154414000", "incomeTaxExpense": "630125000", "interestAndDebtExpense": "None", "netIncomeFromContinuingOperations": "985027000", "comprehensiveIncomeNetOfTax": "None", "ebit": "324957000", "ebitda": "841970000", "netIncome": "-475711000"}, {"fiscalDateEnding": "2017-09-30", "reportedCurrency": "USD", "grossProfit": "1358509000", "totalRevenue": "3243628000", "costOfRevenue": "1885119000", "costofGoodsAndServicesSold": "1885119000", "operatingIncome": "729469000", "sellingGeneralAndAdministrative": "964009000", "researchAndDevelopment": "0", "operatingExpenses": "629040000", "investmentIncomeNet": "None", "netInterestIncome": "None", "interestIncome": "None", "interestExpense": "166899000", "nonInterestIncome": "None", "otherNonOperatingIncome": "80869000", "depreciation": "None", "depreciationAndAmortization": "518894000", "incomeBeforeTax": "643439000", "incomeTaxExpense": "241795000", "interestAndDebtExpense": "None", "netIncomeFromContinuingOperations": "401644000", "comprehensiveIncomeNetOfTax": "None", "ebit": "810338000", "ebitda": "1329232000", "netIncome": "398198000"}, {"fiscalDateEnding": "2017-06-30", "reportedCurrency": "USD", "grossProfit": "753950000", "totalRevenue": "2618550000", "costOfRevenue": "1864600000", "costofGoodsAndServicesSold": "1864600000", "operatingIncome": "143509000", "sellingGeneralAndAdministrative": "973561000", "researchAndDevelopment": "0", "operatingExpenses": "610441000", "investmentIncomeNet": "None", "netInterestIncome": "None", "interestIncome": "None", "interestExpense": "162854000", "nonInterestIncome": "None", "otherNonOperatingIncome": "95601000", "depreciation": "None", "depreciationAndAmortization": "511298000", "incomeBeforeTax": "76256000", "incomeTaxExpense": "-337112000", "interestAndDebtExpense": "None", "netIncomeFromContinuingOperations": "413368000", "comprehensiveIncomeNetOfTax": "None", "ebit": "239111000", "ebitda": "750409000", "netIncome": "409922000"}, {"fiscalDateEnding": "2017-03-31", "reportedCurrency": "USD", "grossProfit": "691223000", "totalRevenue": "2588458000", "costOfRevenue": "1897235000", "costofGoodsAndServicesSold": "1897235000", "operatingIncome": "174803000", "sellingGeneralAndAdministrative": "0", "researchAndDevelopment": "0", "operatingExpenses": "532690000", "investmentIncomeNet": "None", "netInterestIncome": "None", "interestIncome": "None", "interestExpense": "162047000", "nonInterestIncome": "None", "otherNonOperatingIncome": "None", "depreciation": "None", "depreciationAndAmortization": "531373000", "incomeBeforeTax": "93814000", "incomeTaxExpense": "7763000", "interestAndDebtExpense": "None", "netIncomeFromContinuingOperations": "86051000", "comprehensiveIncomeNetOfTax": "None", "ebit": "255861000", "ebitda": "787234000", "netIncome": "82605000"}, {"fiscalDateEnding": "2016-12-31", "reportedCurrency": "USD", "grossProfit": "-1982232000", "totalRevenue": "2648527000", "costOfRevenue": "4630759000", "costofGoodsAndServicesSold": "4630759000", "operatingIncome": "-2599002000", "sellingGeneralAndAdministrative": "5300000", "researchAndDevelopment": "0", "operatingExpenses": "616770000", "investmentIncomeNet": "None", "netInterestIncome": "None", "interestIncome": "None", "interestExpense": "164546000", "nonInterestIncome": "None", "otherNonOperatingIncome": "None", "depreciation": "None", "depreciationAndAmortization": "574419000", "incomeBeforeTax": "-2731677000", "incomeTaxExpense": "-966139000", "interestAndDebtExpense": "None", "netIncomeFromContinuingOperations": "35223000", "comprehensiveIncomeNetOfTax": "None", "ebit": "-2567132000", "ebitda": "-1992713000", "netIncome": "-1765538000"}, {"fiscalDateEnding": "2016-09-30", "reportedCurrency": "USD", "grossProfit": "1379914000", "totalRevenue": "3124703000", "costOfRevenue": "1744789000", "costofGoodsAndServicesSold": "1744789000", "operatingIncome": "772060000", "sellingGeneralAndAdministrative": "982252000", "researchAndDevelopment": "0", "operatingExpenses": "607854000", "investmentIncomeNet": "None", "netInterestIncome": "None", "interestIncome": "None", "interestExpense": "167195000", "nonInterestIncome": "None", "otherNonOperatingIncome": "46245000", "depreciation": "None", "depreciationAndAmortization": "536119000", "incomeBeforeTax": "651110000", "incomeTaxExpense": "257906000", "interestAndDebtExpense": "None", "netIncomeFromContinuingOperations": "393204000", "comprehensiveIncomeNetOfTax": "None", "ebit": "818305000", "ebitda": "1354424000", "netIncome": "388170000"}, {"fiscalDateEnding": "2016-06-30", "reportedCurrency": "USD", "grossProfit": "1025153000", "totalRevenue": "2462562000", "costOfRevenue": "1437409000", "costofGoodsAndServicesSold": "1437409000", "operatingIncome": "442258000", "sellingGeneralAndAdministrative": "0", "researchAndDevelopment": "0", "operatingExpenses": "582895000", "investmentIncomeNet": "None", "netInterestIncome": "None", "interestIncome": "None", "interestExpense": "170499000", "nonInterestIncome": "None", "otherNonOperatingIncome": "None", "depreciation": "None", "depreciationAndAmortization": "512505000", "incomeBeforeTax": "323617000", "incomeTaxExpense": "-248973000", "interestAndDebtExpense": "None", "netIncomeFromContinuingOperations": "-368378000", "comprehensiveIncomeNetOfTax": "None", "ebit": "494116000", "ebitda": "1006621000", "netIncome": "567314000"}, {"fiscalDateEnding": "2016-03-31", "reportedCurrency": "USD", "grossProfit": "1052055000", "totalRevenue": "2609852000", "costOfRevenue": "1557797000", "costofGoodsAndServicesSold": "1557797000", "operatingIncome": "498218000", "sellingGeneralAndAdministrative": "881693000", "researchAndDevelopment": "0", "operatingExpenses": "553837000", "investmentIncomeNet": "None", "netInterestIncome": "None", "interestIncome": "None", "interestExpense": "164129000", "nonInterestIncome": "None", "otherNonOperatingIncome": "41098000", "depreciation": "None", "depreciationAndAmortization": "500248000", "incomeBeforeTax": "375187000", "incomeTaxExpense": "139945000", "interestAndDebtExpense": "None", "netIncomeFromContinuingOperations": "235242000", "comprehensiveIncomeNetOfTax": "None", "ebit": "539316000", "ebitda": "1039564000", "netIncome": "229966000"}, {"fiscalDateEnding": "2015-12-31", "reportedCurrency": "USD", "grossProfit": "281833000", "totalRevenue": "2508523000", "costOfRevenue": "2226690000", "costofGoodsAndServicesSold": "2226690000", "operatingIncome": "-254300000", "sellingGeneralAndAdministrative": "1052001000", "researchAndDevelopment": "0", "operatingExpenses": "690170000", "investmentIncomeNet": "None", "netInterestIncome": "None", "interestIncome": "None", "interestExpense": "159373000", "nonInterestIncome": "None", "otherNonOperatingIncome": "-6992000", "depreciation": "None", "depreciationAndAmortization": "504546000", "incomeBeforeTax": "-420666000", "incomeTaxExpense": "-525515000", "interestAndDebtExpense": "None", "netIncomeFromContinuingOperations": "104848000", "comprehensiveIncomeNetOfTax": "None", "ebit": "-261293000", "ebitda": "243253000", "netIncome": "99573000"}, {"fiscalDateEnding": "2015-09-30", "reportedCurrency": "USD", "grossProfit": "-380993000", "totalRevenue": "3371406000", "costOfRevenue": "3752399000", "costofGoodsAndServicesSold": "3752399000", "operatingIncome": "-965016000", "sellingGeneralAndAdministrative": "1010519000", "researchAndDevelopment": "0", "operatingExpenses": "584023000", "investmentIncomeNet": "None", "netInterestIncome": "None", "interestIncome": "None", "interestExpense": "164060000", "nonInterestIncome": "None", "otherNonOperatingIncome": "43178000", "depreciation": "None", "depreciationAndAmortization": "542802000", "incomeBeforeTax": "-1085898000", "incomeTaxExpense": "-367665000", "interestAndDebtExpense": "None", "netIncomeFromContinuingOperations": "-718233000", "comprehensiveIncomeNetOfTax": "None", "ebit": "-921838000", "ebitda": "-379036000", "netIncome": "-718233000"}, {"fiscalDateEnding": "2015-06-30", "reportedCurrency": "USD", "grossProfit": "945599000", "totalRevenue": "2713231000", "costOfRevenue": "1767632000", "costofGoodsAndServicesSold": "1767632000", "operatingIncome": "377383000", "sellingGeneralAndAdministrative": "984250000", "researchAndDevelopment": "0", "operatingExpenses": "568216000", "investmentIncomeNet": "None", "netInterestIncome": "None", "interestIncome": "None", "interestExpense": "159816000", "nonInterestIncome": "None", "otherNonOperatingIncome": "35936000", "depreciation": "None", "depreciationAndAmortization": "543880000", "incomeBeforeTax": "253503000", "incomeTaxExpense": "99781000", "interestAndDebtExpense": "None", "netIncomeFromContinuingOperations": "153722000", "comprehensiveIncomeNetOfTax": "None", "ebit": "308553000", "ebitda": "852433000", "netIncome": "148843000"}, {"fiscalDateEnding": "2015-03-31", "reportedCurrency": "USD", "grossProfit": "1112634000", "totalRevenue": "2920090000", "costOfRevenue": "1807456000", "costofGoodsAndServicesSold": "1807456000", "operatingIncome": "542769000", "sellingGeneralAndAdministrative": "927633000", "researchAndDevelopment": "0", "operatingExpenses": "569865000", "investmentIncomeNet": "None", "netInterestIncome": "None", "interestIncome": "None", "interestExpense": "160220000", "nonInterestIncome": "None", "otherNonOperatingIncome": "70851000", "depreciation": "None", "depreciationAndAmortization": "526008000", "incomeBeforeTax": "453400000", "incomeTaxExpense": "150471000", "interestAndDebtExpense": "None", "netIncomeFromContinuingOperations": "302929000", "comprehensiveIncomeNetOfTax": "None", "ebit": "472870000", "ebitda": "998878000", "netIncome": "298050000"}, {"fiscalDateEnding": "2014-12-31", "reportedCurrency": "USD", "grossProfit": "847875000", "totalRevenue": "2831318000", "costOfRevenue": "1983443000", "costofGoodsAndServicesSold": "1983443000", "operatingIncome": "319674000", "sellingGeneralAndAdministrative": "1051675000", "researchAndDevelopment": "0", "operatingExpenses": "528201000", "investmentIncomeNet": "None", "netInterestIncome": "None", "interestIncome": "None", "interestExpense": "160347000", "nonInterestIncome": "None", "otherNonOperatingIncome": "47801000", "depreciation": "None", "depreciationAndAmortization": "542345000", "incomeBeforeTax": "207130000", "incomeTaxExpense": "82124000", "interestAndDebtExpense": "None", "netIncomeFromContinuingOperations": "125007000", "comprehensiveIncomeNetOfTax": "None", "ebit": "367477000", "ebitda": "909822000", "netIncome": "120127000"}, {"fiscalDateEnding": "2014-09-30", "reportedCurrency": "USD", "grossProfit": "1056678000", "totalRevenue": "3458110000", "costOfRevenue": "2401432000", "costofGoodsAndServicesSold": "2401432000", "operatingIncome": "492859000", "sellingGeneralAndAdministrative": "1001674000", "researchAndDevelopment": "0", "operatingExpenses": "563819000", "investmentIncomeNet": "None", "netInterestIncome": "None", "interestIncome": "None", "interestExpense": "155818000", "nonInterestIncome": "None", "otherNonOperatingIncome": "59640000", "depreciation": "None", "depreciationAndAmortization": "543577000", "incomeBeforeTax": "396681000", "incomeTaxExpense": "161765000", "interestAndDebtExpense": "None", "netIncomeFromContinuingOperations": "234916000", "comprehensiveIncomeNetOfTax": "None", "ebit": "552499000", "ebitda": "1096076000", "netIncome": "230037000"}, {"fiscalDateEnding": "2014-06-30", "reportedCurrency": "USD", "grossProfit": "991565000", "totalRevenue": "2996650000", "costOfRevenue": "2005085000", "costofGoodsAndServicesSold": "2005085000", "operatingIncome": "454477000", "sellingGeneralAndAdministrative": "969345000", "researchAndDevelopment": "0", "operatingExpenses": "537088000", "investmentIncomeNet": "None", "netInterestIncome": "None", "interestIncome": "None", "interestExpense": "155811000", "nonInterestIncome": "None", "otherNonOperatingIncome": "24358000", "depreciation": "None", "depreciationAndAmortization": "525528000", "incomeBeforeTax": "323024000", "incomeTaxExpense": "128743000", "interestAndDebtExpense": "None", "netIncomeFromContinuingOperations": "194281000", "comprehensiveIncomeNetOfTax": "None", "ebit": "478835000", "ebitda": "1004363000", "netIncome": "189383000"}, {"fiscalDateEnding": "2014-03-31", "reportedCurrency": "USD", "grossProfit": "1292863000", "totalRevenue": "3208843000", "costOfRevenue": "1915980000", "costofGoodsAndServicesSold": "1915980000", "operatingIncome": "739877000", "sellingGeneralAndAdministrative": "892448000", "researchAndDevelopment": "0", "operatingExpenses": "552986000", "investmentIncomeNet": "None", "netInterestIncome": "None", "interestIncome": "None", "interestExpense": "155531000", "nonInterestIncome": "None", "otherNonOperatingIncome": "38673000", "depreciation": "None", "depreciationAndAmortization": "516442000", "incomeBeforeTax": "623019000", "incomeTaxExpense": "216966000", "interestAndDebtExpense": "None", "netIncomeFromContinuingOperations": "406053000", "comprehensiveIncomeNetOfTax": "None", "ebit": "778550000", "ebitda": "1294992000", "netIncome": "401174000"}, {"fiscalDateEnding": "2013-12-31", "reportedCurrency": "USD", "grossProfit": "752448000", "totalRevenue": "2691906000", "costOfRevenue": "1939458000", "costofGoodsAndServicesSold": "1939458000", "operatingIncome": "225653000", "sellingGeneralAndAdministrative": "0", "researchAndDevelopment": "0", "operatingExpenses": "570364000", "investmentIncomeNet": "None", "netInterestIncome": "None", "interestIncome": "None", "interestExpense": "156046000", "nonInterestIncome": "None", "otherNonOperatingIncome": "None", "depreciation": "None", "depreciationAndAmortization": "539091000", "incomeBeforeTax": "163132000", "incomeTaxExpense": "11780000", "interestAndDebtExpense": "None", "netIncomeFromContinuingOperations": "0", "comprehensiveIncomeNetOfTax": "None", "ebit": "319178000", "ebitda": "858269000", "netIncome": "146929000"}, {"fiscalDateEnding": "2013-09-30", "reportedCurrency": "USD", "grossProfit": "945549000", "totalRevenue": "3351959000", "costOfRevenue": "2406410000", "costofGoodsAndServicesSold": "2406410000", "operatingIncome": "388894000", "sellingGeneralAndAdministrative": "996298000", "researchAndDevelopment": "0", "operatingExpenses": "556655000", "investmentIncomeNet": "None", "netInterestIncome": "None", "interestIncome": "None", "interestExpense": "151051000", "nonInterestIncome": "None", "otherNonOperatingIncome": "30892000", "depreciation": "None", "depreciationAndAmortization": "524035000", "incomeBeforeTax": "268735000", "incomeTaxExpense": "24553000", "interestAndDebtExpense": "None", "netIncomeFromContinuingOperations": "244182000", "comprehensiveIncomeNetOfTax": "None", "ebit": "419786000", "ebitda": "943821000", "netIncome": "239850000"}, {"fiscalDateEnding": "2013-06-30", "reportedCurrency": "USD", "grossProfit": "852197000", "totalRevenue": "2738208000", "costOfRevenue": "1886011000", "costofGoodsAndServicesSold": "1886011000", "operatingIncome": "346512000", "sellingGeneralAndAdministrative": "989083000", "researchAndDevelopment": "0", "operatingExpenses": "505685000", "investmentIncomeNet": "None", "netInterestIncome": "None", "interestIncome": "None", "interestExpense": "148977000", "nonInterestIncome": "None", "otherNonOperatingIncome": "43633000", "depreciation": "None", "depreciationAndAmortization": "476017000", "incomeBeforeTax": "241168000", "incomeTaxExpense": "73113000", "interestAndDebtExpense": "None", "netIncomeFromContinuingOperations": "168055000", "comprehensiveIncomeNetOfTax": "None", "ebit": "390145000", "ebitda": "866162000", "netIncome": "163723000"}, {"fiscalDateEnding": "2013-03-31", "reportedCurrency": "USD", "grossProfit": "910435000", "totalRevenue": "2608874000", "costOfRevenue": "1698439000", "costofGoodsAndServicesSold": "1698439000", "operatingIncome": "394045000", "sellingGeneralAndAdministrative": "0", "researchAndDevelopment": "0", "operatingExpenses": "516390000", "investmentIncomeNet": "None", "netInterestIncome": "None", "interestIncome": "None", "interestExpense": "147961000", "nonInterestIncome": "None", "otherNonOperatingIncome": "None", "depreciation": "None", "depreciationAndAmortization": "472933000", "incomeBeforeTax": "283518000", "incomeTaxExpense": "116536000", "interestAndDebtExpense": "None", "netIncomeFromContinuingOperations": "0", "comprehensiveIncomeNetOfTax": "None", "ebit": "431479000", "ebitda": "904412000", "netIncome": "161400000"}, {"fiscalDateEnding": "2012-12-31", "reportedCurrency": "USD", "grossProfit": "-1779523000", "totalRevenue": "2436259000", "costOfRevenue": "4215782000", "costofGoodsAndServicesSold": "4215782000", "operatingIncome": "324202000", "sellingGeneralAndAdministrative": "288768000", "researchAndDevelopment": "0", "operatingExpenses": "-1748201000", "investmentIncomeNet": "None", "netInterestIncome": "None", "interestIncome": "None", "interestExpense": "144999000", "nonInterestIncome": "None", "otherNonOperatingIncome": "None", "depreciation": "None", "depreciationAndAmortization": "477982000", "incomeBeforeTax": "222565000", "incomeTaxExpense": "-79285000", "interestAndDebtExpense": "None", "netIncomeFromContinuingOperations": "0", "comprehensiveIncomeNetOfTax": "None", "ebit": "367564000", "ebitda": "845546000", "netIncome": "296268000"}, {"fiscalDateEnding": "2012-09-30", "reportedCurrency": "USD", "grossProfit": "1968156000", "totalRevenue": "2963560000", "costOfRevenue": "995404000", "costofGoodsAndServicesSold": "995404000", "operatingIncome": "690852000", "sellingGeneralAndAdministrative": "81273000", "researchAndDevelopment": "0", "operatingExpenses": "1252827000", "investmentIncomeNet": "None", "netInterestIncome": "None", "interestIncome": "None", "interestExpense": "155800000", "nonInterestIncome": "None", "otherNonOperatingIncome": "None", "depreciation": "None", "depreciationAndAmortization": "461005000", "incomeBeforeTax": "575173000", "incomeTaxExpense": "232503000", "interestAndDebtExpense": "None", "netIncomeFromContinuingOperations": "0", "comprehensiveIncomeNetOfTax": "None", "ebit": "722970000", "ebitda": "1183975000", "netIncome": "337088000"}, {"fiscalDateEnding": "2012-06-30", "reportedCurrency": "USD", "grossProfit": "1678323000", "totalRevenue": "2518600000", "costOfRevenue": "840277000", "costofGoodsAndServicesSold": "840277000", "operatingIncome": "342984000", "sellingGeneralAndAdministrative": "149592000", "researchAndDevelopment": "0", "operatingExpenses": "1335339000", "investmentIncomeNet": "None", "netInterestIncome": "None", "interestIncome": "None", "interestExpense": "149616000", "nonInterestIncome": "None", "otherNonOperatingIncome": "None", "depreciation": "None", "depreciationAndAmortization": "382653000", "incomeBeforeTax": "248382000", "incomeTaxExpense": "-122201000", "interestAndDebtExpense": "None", "netIncomeFromContinuingOperations": "0", "comprehensiveIncomeNetOfTax": "None", "ebit": "387515000", "ebitda": "770168000", "netIncome": "365001000"}, {"fiscalDateEnding": "2012-03-31", "reportedCurrency": "USD", "grossProfit": "1495972000", "totalRevenue": "2383659000", "costOfRevenue": "887687000", "costofGoodsAndServicesSold": "887687000", "operatingIncome": "-56857000", "sellingGeneralAndAdministrative": "57903000", "researchAndDevelopment": "0", "operatingExpenses": "1197305000", "investmentIncomeNet": "None", "netInterestIncome": "None", "interestIncome": "None", "interestExpense": "146745000", "nonInterestIncome": "None", "otherNonOperatingIncome": "None", "depreciation": "None", "depreciationAndAmortization": "450009000", "incomeBeforeTax": "-146902000", "incomeTaxExpense": "-162000", "interestAndDebtExpense": "None", "netIncomeFromContinuingOperations": "0", "comprehensiveIncomeNetOfTax": "None", "ebit": "-9548000", "ebitda": "440461000", "netIncome": "-146740000"}, {"fiscalDateEnding": "2011-12-31", "reportedCurrency": "USD", "grossProfit": "1577437000", "totalRevenue": "2489032000", "costOfRevenue": "911595000", "costofGoodsAndServicesSold": "911595000", "operatingIncome": "342695000", "sellingGeneralAndAdministrative": "23366000", "researchAndDevelopment": "0", "operatingExpenses": "1233122000", "investmentIncomeNet": "None", "netInterestIncome": "None", "interestIncome": "None", "interestExpense": "142036000", "nonInterestIncome": "None", "otherNonOperatingIncome": "None", "depreciation": "None", "depreciationAndAmortization": "429725000", "incomeBeforeTax": "250217000", "incomeTaxExpense": "90190000", "interestAndDebtExpense": "None", "netIncomeFromContinuingOperations": "0", "comprehensiveIncomeNetOfTax": "None", "ebit": "419651000", "ebitda": "849376000", "netIncome": "154139000"}, {"fiscalDateEnding": "2011-09-30", "reportedCurrency": "USD", "grossProfit": "2005670000", "totalRevenue": "3395553000", "costOfRevenue": "1389883000", "costofGoodsAndServicesSold": "1389883000", "operatingIncome": "600909000", "sellingGeneralAndAdministrative": "56467000", "researchAndDevelopment": "0", "operatingExpenses": "1200913000", "investmentIncomeNet": "None", "netInterestIncome": "None", "interestIncome": "None", "interestExpense": "137301000", "nonInterestIncome": "None", "otherNonOperatingIncome": "None", "depreciation": "None", "depreciationAndAmortization": "463702000", "incomeBeforeTax": "513938000", "incomeTaxExpense": "-119131000", "interestAndDebtExpense": "None", "netIncomeFromContinuingOperations": "0", "comprehensiveIncomeNetOfTax": "None", "ebit": "641526000", "ebitda": "1105228000", "netIncome": "628054000"}, {"fiscalDateEnding": "2011-06-30", "reportedCurrency": "USD", "grossProfit": "1725753000", "totalRevenue": "2803279000", "costOfRevenue": "1077526000", "costofGoodsAndServicesSold": "1077526000", "operatingIncome": "558738000", "sellingGeneralAndAdministrative": "55497000", "researchAndDevelopment": "0", "operatingExpenses": "1161414000", "investmentIncomeNet": "None", "netInterestIncome": "None", "interestIncome": "None", "interestExpense": "136049000", "nonInterestIncome": "None", "otherNonOperatingIncome": "None", "depreciation": "None", "depreciationAndAmortization": "429617000", "incomeBeforeTax": "471551000", "incomeTaxExpense": "150953000", "interestAndDebtExpense": "None", "netIncomeFromContinuingOperations": "0", "comprehensiveIncomeNetOfTax": "None", "ebit": "598450000", "ebitda": "1028067000", "netIncome": "315583000"}, {"fiscalDateEnding": "2011-03-31", "reportedCurrency": "USD", "grossProfit": "1606912000", "totalRevenue": "2541208000", "costOfRevenue": "934296000", "costofGoodsAndServicesSold": "934296000", "operatingIncome": "510891000", "sellingGeneralAndAdministrative": "55265000", "researchAndDevelopment": "0", "operatingExpenses": "1101132000", "investmentIncomeNet": "None", "netInterestIncome": "None", "interestIncome": "None", "interestExpense": "136134000", "nonInterestIncome": "None", "otherNonOperatingIncome": "None", "depreciation": "None", "depreciationAndAmortization": "422411000", "incomeBeforeTax": "417928000", "incomeTaxExpense": "164250000", "interestAndDebtExpense": "None", "netIncomeFromContinuingOperations": "0", "comprehensiveIncomeNetOfTax": "None", "ebit": "554062000", "ebitda": "976473000", "netIncome": "248663000"}, {"fiscalDateEnding": "2010-12-31", "reportedCurrency": "USD", "grossProfit": "1605510000", "totalRevenue": "2533104000", "costOfRevenue": "927594000", "costofGoodsAndServicesSold": "927594000", "operatingIncome": "393780000", "sellingGeneralAndAdministrative": "54313000", "researchAndDevelopment": "0", "operatingExpenses": "1226537000", "investmentIncomeNet": "None", "netInterestIncome": "None", "interestIncome": "None", "interestExpense": "154853000", "nonInterestIncome": "None", "otherNonOperatingIncome": "None", "depreciation": "None", "depreciationAndAmortization": "445788000", "incomeBeforeTax": "314318000", "incomeTaxExpense": "81012000", "interestAndDebtExpense": "None", "netIncomeFromContinuingOperations": "0", "comprehensiveIncomeNetOfTax": "None", "ebit": "469171000", "ebitda": "914959000", "netIncome": "228291000"}, {"fiscalDateEnding": "2010-09-30", "reportedCurrency": "USD", "grossProfit": "2033734000", "totalRevenue": "3332176000", "costOfRevenue": "1298442000", "costofGoodsAndServicesSold": "1298442000", "operatingIncome": "770642000", "sellingGeneralAndAdministrative": "53380000", "researchAndDevelopment": "0", "operatingExpenses": "1264906000", "investmentIncomeNet": "None", "netInterestIncome": "None", "interestIncome": "None", "interestExpense": "136075000", "nonInterestIncome": "None", "otherNonOperatingIncome": "None", "depreciation": "None", "depreciationAndAmortization": "427758000", "incomeBeforeTax": "682537000", "incomeTaxExpense": "184636000", "interestAndDebtExpense": "None", "netIncomeFromContinuingOperations": "0", "comprehensiveIncomeNetOfTax": "None", "ebit": "809663000", "ebitda": "1237421000", "netIncome": "492886000"}, {"fiscalDateEnding": "2010-06-30", "reportedCurrency": "USD", "grossProfit": "1750725000", "totalRevenue": "2862950000", "costOfRevenue": "1112225000", "costofGoodsAndServicesSold": "1112225000", "operatingIncome": "626241000", "sellingGeneralAndAdministrative": "52467000", "researchAndDevelopment": "0", "operatingExpenses": "1135206000", "investmentIncomeNet": "None", "netInterestIncome": "None", "interestIncome": "None", "interestExpense": "148179000", "nonInterestIncome": "None", "otherNonOperatingIncome": "35805000", "depreciation": "None", "depreciationAndAmortization": "408353000", "incomeBeforeTax": "524190000", "incomeTaxExpense": "203907000", "interestAndDebtExpense": "None", "netIncomeFromContinuingOperations": "320283000", "comprehensiveIncomeNetOfTax": "None", "ebit": "662046000", "ebitda": "1070399000", "netIncome": "315266000"}, {"fiscalDateEnding": "2010-03-31", "reportedCurrency": "USD", "grossProfit": "1663487000", "totalRevenue": "2759347000", "costOfRevenue": "1095860000", "costofGoodsAndServicesSold": "1095860000", "operatingIncome": "476714000", "sellingGeneralAndAdministrative": "51576000", "researchAndDevelopment": "0", "operatingExpenses": "1158681000", "investmentIncomeNet": "None", "netInterestIncome": "None", "interestIncome": "None", "interestExpense": "179199000", "nonInterestIncome": "None", "otherNonOperatingIncome": "None", "depreciation": "None", "depreciationAndAmortization": "423432000", "incomeBeforeTax": "366499000", "incomeTaxExpense": "147685000", "interestAndDebtExpense": "None", "netIncomeFromContinuingOperations": "0", "comprehensiveIncomeNetOfTax": "None", "ebit": "537697000", "ebitda": "961129000", "netIncome": "213799000"}, {"fiscalDateEnding": "2009-12-31", "reportedCurrency": "USD", "grossProfit": "1692939000", "totalRevenue": "2498654000", "costOfRevenue": "805715000", "costofGoodsAndServicesSold": "805715000", "operatingIncome": "503201000", "sellingGeneralAndAdministrative": "0", "researchAndDevelopment": "0", "operatingExpenses": "1211465000", "investmentIncomeNet": "None", "netInterestIncome": "None", "interestIncome": "None", "interestExpense": "435924000", "nonInterestIncome": "None", "otherNonOperatingIncome": "None", "depreciation": "None", "depreciationAndAmortization": "334537000", "incomeBeforeTax": "417379000", "incomeTaxExpense": "98639000", "interestAndDebtExpense": "None", "netIncomeFromContinuingOperations": "0", "comprehensiveIncomeNetOfTax": "None", "ebit": "370274000", "ebitda": "704811000", "netIncome": "313775000"}, {"fiscalDateEnding": "2009-09-30", "reportedCurrency": "USD", "grossProfit": "1928217000", "totalRevenue": "2937095000", "costOfRevenue": "1008878000", "costofGoodsAndServicesSold": "1008878000", "operatingIncome": "800304000", "sellingGeneralAndAdministrative": "0", "researchAndDevelopment": "0", "operatingExpenses": "1127913000", "investmentIncomeNet": "None", "netInterestIncome": "None", "interestIncome": "None", "interestExpense": "152757000", "nonInterestIncome": "None", "otherNonOperatingIncome": "None", "depreciation": "None", "depreciationAndAmortization": "280641000", "incomeBeforeTax": "740581000", "incomeTaxExpense": "280414000", "interestAndDebtExpense": "None", "netIncomeFromContinuingOperations": "0", "comprehensiveIncomeNetOfTax": "None", "ebit": "968982000", "ebitda": "1249623000", "netIncome": "455169000"}, {"fiscalDateEnding": "2009-06-30", "reportedCurrency": "USD", "grossProfit": "1616565000", "totalRevenue": "2520789000", "costOfRevenue": "904224000", "costofGoodsAndServicesSold": "904224000", "operatingIncome": "474496000", "sellingGeneralAndAdministrative": "0", "researchAndDevelopment": "0", "operatingExpenses": "1142069000", "investmentIncomeNet": "None", "netInterestIncome": "None", "interestIncome": "None", "interestExpense": "144161000", "nonInterestIncome": "None", "otherNonOperatingIncome": "None", "depreciation": "None", "depreciationAndAmortization": "309997000", "incomeBeforeTax": "322452000", "incomeTaxExpense": "90641000", "interestAndDebtExpense": "None", "netIncomeFromContinuingOperations": "0", "comprehensiveIncomeNetOfTax": "None", "ebit": "513860000", "ebitda": "823857000", "netIncome": "226813000"}, {"fiscalDateEnding": "2009-03-31", "reportedCurrency": "USD", "grossProfit": "1562746000", "totalRevenue": "2789112000", "costOfRevenue": "1226366000", "costofGoodsAndServicesSold": "1226366000", "operatingIncome": "506527000", "sellingGeneralAndAdministrative": "0", "researchAndDevelopment": "0", "operatingExpenses": "1056219000", "investmentIncomeNet": "None", "netInterestIncome": "None", "interestIncome": "None", "interestExpense": "147258000", "nonInterestIncome": "None", "otherNonOperatingIncome": "None", "depreciation": "None", "depreciationAndAmortization": "306594000", "incomeBeforeTax": "403379000", "incomeTaxExpense": "163046000", "interestAndDebtExpense": "None", "netIncomeFromContinuingOperations": "0", "comprehensiveIncomeNetOfTax": "None", "ebit": "259158000", "ebitda": "565752000", "netIncome": "235335000"}, {"fiscalDateEnding": "2008-12-31", "reportedCurrency": "USD", "grossProfit": "1380610000", "totalRevenue": "3000868000", "costOfRevenue": "1620258000", "costofGoodsAndServicesSold": "1620258000", "operatingIncome": "356733000", "sellingGeneralAndAdministrative": "0", "researchAndDevelopment": "0", "operatingExpenses": "1023877000", "investmentIncomeNet": "None", "netInterestIncome": "None", "interestIncome": "None", "interestExpense": "168600000", "nonInterestIncome": "None", "otherNonOperatingIncome": "None", "depreciation": "None", "depreciationAndAmortization": "323324000", "incomeBeforeTax": "249285000", "incomeTaxExpense": "58742000", "interestAndDebtExpense": "None", "netIncomeFromContinuingOperations": "0", "comprehensiveIncomeNetOfTax": "None", "ebit": "356733000", "ebitda": "680057000", "netIncome": "185545000"}, {"fiscalDateEnding": "2008-09-30", "reportedCurrency": "USD", "grossProfit": "1929602000", "totalRevenue": "3963884000", "costOfRevenue": "2034282000", "costofGoodsAndServicesSold": "2034282000", "operatingIncome": "752092000", "sellingGeneralAndAdministrative": "0", "researchAndDevelopment": "0", "operatingExpenses": "1177510000", "investmentIncomeNet": "None", "netInterestIncome": "None", "interestIncome": "None", "interestExpense": "161974000", "nonInterestIncome": "None", "otherNonOperatingIncome": "None", "depreciation": "None", "depreciationAndAmortization": "311171000", "incomeBeforeTax": "638528000", "incomeTaxExpense": "168239000", "interestAndDebtExpense": "None", "netIncomeFromContinuingOperations": "0", "comprehensiveIncomeNetOfTax": "None", "ebit": "752092000", "ebitda": "1063263000", "netIncome": "465291000"}, {"fiscalDateEnding": "2008-06-30", "reportedCurrency": "USD", "grossProfit": "1789232000", "totalRevenue": "3264271000", "costOfRevenue": "1475039000", "costofGoodsAndServicesSold": "1475039000", "operatingIncome": "649164000", "sellingGeneralAndAdministrative": "0", "researchAndDevelopment": "0", "operatingExpenses": "1140068000", "investmentIncomeNet": "None", "netInterestIncome": "None", "interestIncome": "None", "interestExpense": "142996000", "nonInterestIncome": "None", "otherNonOperatingIncome": "None", "depreciation": "None", "depreciationAndAmortization": "294793000", "incomeBeforeTax": "458941000", "incomeTaxExpense": "183012000", "interestAndDebtExpense": "None", "netIncomeFromContinuingOperations": "0", "comprehensiveIncomeNetOfTax": "None", "ebit": "601937000", "ebitda": "896730000", "netIncome": "270954000"}, {"fiscalDateEnding": "2008-03-31", "reportedCurrency": "USD", "grossProfit": "1703591000", "totalRevenue": "2864734000", "costOfRevenue": "1161143000", "costofGoodsAndServicesSold": "1161143000", "operatingIncome": "606233000", "sellingGeneralAndAdministrative": "0", "researchAndDevelopment": "0", "operatingExpenses": "1097358000", "investmentIncomeNet": "None", "netInterestIncome": "None", "interestIncome": "None", "interestExpense": "155682000", "nonInterestIncome": "None", "otherNonOperatingIncome": "None", "depreciation": "None", "depreciationAndAmortization": "290981000", "incomeBeforeTax": "501752000", "incomeTaxExpense": "193003000", "interestAndDebtExpense": "None", "netIncomeFromContinuingOperations": "0", "comprehensiveIncomeNetOfTax": "None", "ebit": "606233000", "ebitda": "897214000", "netIncome": "303751000"}, {"fiscalDateEnding": "2007-12-31", "reportedCurrency": "USD", "grossProfit": "1568274000", "totalRevenue": "2731900000", "costOfRevenue": "1163626000", "costofGoodsAndServicesSold": "1163626000", "operatingIncome": "329402000", "sellingGeneralAndAdministrative": "0", "researchAndDevelopment": "0", "operatingExpenses": "1238872000", "investmentIncomeNet": "None", "netInterestIncome": "None", "interestIncome": "None", "interestExpense": "163493000", "nonInterestIncome": "None", "otherNonOperatingIncome": "None", "depreciation": "None", "depreciationAndAmortization": "297976000", "incomeBeforeTax": "224953000", "incomeTaxExpense": "31060000", "interestAndDebtExpense": "None", "netIncomeFromContinuingOperations": "0", "comprehensiveIncomeNetOfTax": "None", "ebit": "329402000", "ebitda": "627378000", "netIncome": "187572000"}, {"fiscalDateEnding": "2007-09-30", "reportedCurrency": "USD", "grossProfit": "1959182000", "totalRevenue": "3289087000", "costOfRevenue": "1329905000", "costofGoodsAndServicesSold": "1329905000", "operatingIncome": "810332000", "sellingGeneralAndAdministrative": "0", "researchAndDevelopment": "0", "operatingExpenses": "1148850000", "investmentIncomeNet": "None", "netInterestIncome": "None", "interestIncome": "None", "interestExpense": "185667000", "nonInterestIncome": "None", "otherNonOperatingIncome": "None", "depreciation": "None", "depreciationAndAmortization": "282661000", "incomeBeforeTax": "691999000", "incomeTaxExpense": "230840000", "interestAndDebtExpense": "None", "netIncomeFromContinuingOperations": "0", "comprehensiveIncomeNetOfTax": "None", "ebit": "810332000", "ebitda": "1092993000", "netIncome": "454784000"}, {"fiscalDateEnding": "2007-06-30", "reportedCurrency": "USD", "grossProfit": "1572750000", "totalRevenue": "2769352000", "costOfRevenue": "1196602000", "costofGoodsAndServicesSold": "1196602000", "operatingIncome": "478040000", "sellingGeneralAndAdministrative": "0", "researchAndDevelopment": "0", "operatingExpenses": "1094710000", "investmentIncomeNet": "None", "netInterestIncome": "None", "interestIncome": "None", "interestExpense": "157610000", "nonInterestIncome": "None", "otherNonOperatingIncome": "None", "depreciation": "None", "depreciationAndAmortization": "288856000", "incomeBeforeTax": "374053000", "incomeTaxExpense": "106451000", "interestAndDebtExpense": "None", "netIncomeFromContinuingOperations": "0", "comprehensiveIncomeNetOfTax": "None", "ebit": "469917000", "ebitda": "758773000", "netIncome": "261414000"}, {"fiscalDateEnding": "2007-03-31", "reportedCurrency": "USD", "grossProfit": "1412496000", "totalRevenue": "2600230000", "costOfRevenue": "1187734000", "costofGoodsAndServicesSold": "1187734000", "operatingIncome": "431020000", "sellingGeneralAndAdministrative": "0", "researchAndDevelopment": "0", "operatingExpenses": "981476000", "investmentIncomeNet": "None", "netInterestIncome": "None", "interestIncome": "None", "interestExpense": "155314000", "nonInterestIncome": "None", "otherNonOperatingIncome": "None", "depreciation": "None", "depreciationAndAmortization": "262117000", "incomeBeforeTax": "356748000", "incomeTaxExpense": "144553000", "interestAndDebtExpense": "None", "netIncomeFromContinuingOperations": "0", "comprehensiveIncomeNetOfTax": "None", "ebit": "446717000", "ebitda": "708834000", "netIncome": "205974000"}, {"fiscalDateEnding": "2006-12-31", "reportedCurrency": "USD", "grossProfit": "1292513000", "totalRevenue": "2480904000", "costOfRevenue": "1188391000", "costofGoodsAndServicesSold": "1188391000", "operatingIncome": "280725000", "sellingGeneralAndAdministrative": "0", "researchAndDevelopment": "0", "operatingExpenses": "1011788000", "investmentIncomeNet": "None", "netInterestIncome": "None", "interestIncome": "None", "interestExpense": "157363000", "nonInterestIncome": "None", "otherNonOperatingIncome": "None", "depreciation": "None", "depreciationAndAmortization": "269526000", "incomeBeforeTax": "254866000", "incomeTaxExpense": "-1126000", "interestAndDebtExpense": "None", "netIncomeFromContinuingOperations": "0", "comprehensiveIncomeNetOfTax": "None", "ebit": "280725000", "ebitda": "550251000", "netIncome": "240505000"}, {"fiscalDateEnding": "2006-09-30", "reportedCurrency": "USD", "grossProfit": "1616339000", "totalRevenue": "3254719000", "costOfRevenue": "1638380000", "costofGoodsAndServicesSold": "1638380000", "operatingIncome": "622845000", "sellingGeneralAndAdministrative": "0", "researchAndDevelopment": "0", "operatingExpenses": "993494000", "investmentIncomeNet": "None", "netInterestIncome": "None", "interestIncome": "None", "interestExpense": "140942000", "nonInterestIncome": "None", "otherNonOperatingIncome": "None", "depreciation": "None", "depreciationAndAmortization": "268995000", "incomeBeforeTax": "599181000", "incomeTaxExpense": "202437000", "interestAndDebtExpense": "None", "netIncomeFromContinuingOperations": "0", "comprehensiveIncomeNetOfTax": "None", "ebit": "622845000", "ebitda": "891840000", "netIncome": "388883000"}, {"fiscalDateEnding": "2006-06-30", "reportedCurrency": "USD", "grossProfit": "1346929000", "totalRevenue": "2628502000", "costOfRevenue": "1281573000", "costofGoodsAndServicesSold": "1281573000", "operatingIncome": "428364000", "sellingGeneralAndAdministrative": "0", "researchAndDevelopment": "0", "operatingExpenses": "918565000", "investmentIncomeNet": "None", "netInterestIncome": "None", "interestIncome": "None", "interestExpense": "137906000", "nonInterestIncome": "None", "otherNonOperatingIncome": "None", "depreciation": "None", "depreciationAndAmortization": "254825000", "incomeBeforeTax": "399358000", "incomeTaxExpense": "122901000", "interestAndDebtExpense": "None", "netIncomeFromContinuingOperations": "0", "comprehensiveIncomeNetOfTax": "None", "ebit": "428364000", "ebitda": "683189000", "netIncome": "274028000"}, {"fiscalDateEnding": "2006-03-31", "reportedCurrency": "USD", "grossProfit": "1266490000", "totalRevenue": "2568031000", "costOfRevenue": "1301541000", "costofGoodsAndServicesSold": "1301541000", "operatingIncome": "350745000", "sellingGeneralAndAdministrative": "0", "researchAndDevelopment": "0", "operatingExpenses": "915745000", "investmentIncomeNet": "None", "netInterestIncome": "None", "interestIncome": "None", "interestExpense": "137742000", "nonInterestIncome": "None", "otherNonOperatingIncome": "None", "depreciation": "None", "depreciationAndAmortization": "241807000", "incomeBeforeTax": "322735000", "incomeTaxExpense": "118830000", "interestAndDebtExpense": "None", "netIncomeFromContinuingOperations": "0", "comprehensiveIncomeNetOfTax": "None", "ebit": "350745000", "ebitda": "592552000", "netIncome": "193628000"}, {"fiscalDateEnding": "2005-12-31", "reportedCurrency": "USD", "grossProfit": "1365525000", "totalRevenue": "2156640000", "costOfRevenue": "791115000", "costofGoodsAndServicesSold": "791115000", "operatingIncome": "277436000", "sellingGeneralAndAdministrative": "0", "researchAndDevelopment": "0", "operatingExpenses": "1088089000", "investmentIncomeNet": "None", "netInterestIncome": "None", "interestIncome": "None", "interestExpense": "137395000", "nonInterestIncome": "None", "otherNonOperatingIncome": "None", "depreciation": "None", "depreciationAndAmortization": "254455000", "incomeBeforeTax": "240406000", "incomeTaxExpense": "99169000", "interestAndDebtExpense": "None", "netIncomeFromContinuingOperations": "0", "comprehensiveIncomeNetOfTax": "None", "ebit": "277436000", "ebitda": "531891000", "netIncome": "90233000"}, {"fiscalDateEnding": "2005-09-30", "reportedCurrency": "USD", "grossProfit": "1503331000", "totalRevenue": "3129731000", "costOfRevenue": "1626400000", "costofGoodsAndServicesSold": "1626400000", "operatingIncome": "643837000", "sellingGeneralAndAdministrative": "0", "researchAndDevelopment": "0", "operatingExpenses": "859494000", "investmentIncomeNet": "None", "netInterestIncome": "None", "interestIncome": "None", "interestExpense": "129780000", "nonInterestIncome": "None", "otherNonOperatingIncome": "None", "depreciation": "None", "depreciationAndAmortization": "235794000", "incomeBeforeTax": "574645000", "incomeTaxExpense": "218257000", "interestAndDebtExpense": "None", "netIncomeFromContinuingOperations": "0", "comprehensiveIncomeNetOfTax": "None", "ebit": "671485000", "ebitda": "907279000", "netIncome": "349952000"}, {"fiscalDateEnding": "2005-06-30", "reportedCurrency": "USD", "grossProfit": "1495530000", "totalRevenue": "2709519000", "costOfRevenue": "1213989000", "costofGoodsAndServicesSold": "1213989000", "operatingIncome": "529610000", "sellingGeneralAndAdministrative": "0", "researchAndDevelopment": "0", "operatingExpenses": "965920000", "investmentIncomeNet": "None", "netInterestIncome": "None", "interestIncome": "None", "interestExpense": "119054000", "nonInterestIncome": "None", "otherNonOperatingIncome": "None", "depreciation": "None", "depreciationAndAmortization": "250428000", "incomeBeforeTax": "449179000", "incomeTaxExpense": "156390000", "interestAndDebtExpense": "None", "netIncomeFromContinuingOperations": "0", "comprehensiveIncomeNetOfTax": "None", "ebit": "474564000", "ebitda": "724992000", "netIncome": "286150000"}, {"fiscalDateEnding": "2005-03-31", "reportedCurrency": "USD", "grossProfit": "1243554000", "totalRevenue": "2323414000", "costOfRevenue": "1079860000", "costofGoodsAndServicesSold": "1079860000", "operatingIncome": "304914000", "sellingGeneralAndAdministrative": "0", "researchAndDevelopment": "0", "operatingExpenses": "938640000", "investmentIncomeNet": "None", "netInterestIncome": "None", "interestIncome": "None", "interestExpense": "118751000", "nonInterestIncome": "None", "otherNonOperatingIncome": "None", "depreciation": "None", "depreciationAndAmortization": "261175000", "incomeBeforeTax": "273655000", "incomeTaxExpense": "95035000", "interestAndDebtExpense": "None", "netIncomeFromContinuingOperations": "0", "comprehensiveIncomeNetOfTax": "None", "ebit": "284902000", "ebitda": "546077000", "netIncome": "171996000"}, {"fiscalDateEnding": "2004-12-31", "reportedCurrency": "USD", "grossProfit": "1248716000", "totalRevenue": "2423496000", "costOfRevenue": "1174780000", "costofGoodsAndServicesSold": "1174780000", "operatingIncome": "118336000", "sellingGeneralAndAdministrative": "0", "researchAndDevelopment": "0", "operatingExpenses": "1130380000", "investmentIncomeNet": "None", "netInterestIncome": "None", "interestIncome": "None", "interestExpense": "128947000", "nonInterestIncome": "None", "otherNonOperatingIncome": "None", "depreciation": "None", "depreciationAndAmortization": "269316000", "incomeBeforeTax": "79914000", "incomeTaxExpense": "-81060000", "interestAndDebtExpense": "None", "netIncomeFromContinuingOperations": "0", "comprehensiveIncomeNetOfTax": "None", "ebit": "118336000", "ebitda": "387652000", "netIncome": "154937000"}]}