{"symbol": "WSM", "annualReports": [{"fiscalDateEnding": "2025-01-31", "reportedCurrency": "USD", "grossProfit": "3582299000", "totalRevenue": "7711541000", "costOfRevenue": "4129242000", "costofGoodsAndServicesSold": "4129242000", "operatingIncome": "1430184000", "sellingGeneralAndAdministrative": "2152115000", "researchAndDevelopment": "None", "operatingExpenses": "2152115000", "investmentIncomeNet": "None", "netInterestIncome": "55548000", "interestIncome": "55548000", "interestExpense": "None", "nonInterestIncome": "None", "otherNonOperatingIncome": "None", "depreciation": "None", "depreciationAndAmortization": "229802000", "incomeBeforeTax": "1485732000", "incomeTaxExpense": "360481000", "interestAndDebtExpense": "None", "netIncomeFromContinuingOperations": "1125251000", "comprehensiveIncomeNetOfTax": "None", "ebit": "1430184000", "ebitda": "1659986000", "netIncome": "1125251000"}, {"fiscalDateEnding": "2024-01-31", "reportedCurrency": "USD", "grossProfit": "3303601000", "totalRevenue": "7750652000", "costOfRevenue": "4447051000", "costofGoodsAndServicesSold": "4447051000", "operatingIncome": "1244193000", "sellingGeneralAndAdministrative": "1542708000", "researchAndDevelopment": "None", "operatingExpenses": "2059408000", "investmentIncomeNet": "None", "netInterestIncome": "29162000", "interestIncome": "29162000", "interestExpense": "29162000", "nonInterestIncome": "None", "otherNonOperatingIncome": "None", "depreciation": "None", "depreciationAndAmortization": "232590000", "incomeBeforeTax": "1273355000", "incomeTaxExpense": "323593000", "interestAndDebtExpense": "None", "netIncomeFromContinuingOperations": "949762000", "comprehensiveIncomeNetOfTax": "None", "ebit": "1258693000", "ebitda": "1491283000", "netIncome": "949762000"}, {"fiscalDateEnding": "2023-01-31", "reportedCurrency": "USD", "grossProfit": "3677733000", "totalRevenue": "8674417000", "costOfRevenue": "4996684000", "costofGoodsAndServicesSold": "4996684000", "operatingIncome": "1498422000", "sellingGeneralAndAdministrative": "1598211000", "researchAndDevelopment": "None", "operatingExpenses": "2179311000", "investmentIncomeNet": "None", "netInterestIncome": "2260000", "interestIncome": "2260000", "interestExpense": "2260000", "nonInterestIncome": "None", "otherNonOperatingIncome": "None", "depreciation": "None", "depreciationAndAmortization": "445503000", "incomeBeforeTax": "1500682000", "incomeTaxExpense": "372778000", "interestAndDebtExpense": "None", "netIncomeFromContinuingOperations": "1127904000", "comprehensiveIncomeNetOfTax": "None", "ebit": "1052919000", "ebitda": "1498422000", "netIncome": "1127904000"}, {"fiscalDateEnding": "2022-01-31", "reportedCurrency": "USD", "grossProfit": "3631963000", "totalRevenue": "8245936000", "costOfRevenue": "4613973000", "costofGoodsAndServicesSold": "4613973000", "operatingIncome": "1453116000", "sellingGeneralAndAdministrative": "1560347000", "researchAndDevelopment": "None", "operatingExpenses": "2178847000", "investmentIncomeNet": "None", "netInterestIncome": "-1865000", "interestIncome": "1865000", "interestExpense": "1865000", "nonInterestIncome": "None", "otherNonOperatingIncome": "None", "depreciation": "None", "depreciationAndAmortization": "412975000", "incomeBeforeTax": "1451251000", "incomeTaxExpense": "324914000", "interestAndDebtExpense": "None", "netIncomeFromContinuingOperations": "1126337000", "comprehensiveIncomeNetOfTax": "None", "ebit": "1236228000", "ebitda": "1649203000", "netIncome": "1126337000"}, {"fiscalDateEnding": "2021-01-31", "reportedCurrency": "USD", "grossProfit": "2636269000", "totalRevenue": "6783189000", "costOfRevenue": "4146920000", "costofGoodsAndServicesSold": "4146920000", "operatingIncome": "910697000", "sellingGeneralAndAdministrative": "1399572000", "researchAndDevelopment": "None", "operatingExpenses": "1725572000", "investmentIncomeNet": "None", "netInterestIncome": "-16231000", "interestIncome": "16231000", "interestExpense": "16231000", "nonInterestIncome": "None", "otherNonOperatingIncome": "None", "depreciation": "None", "depreciationAndAmortization": "405023000", "incomeBeforeTax": "894466000", "incomeTaxExpense": "213752000", "interestAndDebtExpense": "None", "netIncomeFromContinuingOperations": "680714000", "comprehensiveIncomeNetOfTax": "None", "ebit": "721429000", "ebitda": "1126452000", "netIncome": "680714000"}, {"fiscalDateEnding": "2020-01-31", "reportedCurrency": "USD", "grossProfit": "2139092000", "totalRevenue": "5898008000", "costOfRevenue": "3758916000", "costofGoodsAndServicesSold": "3758916000", "operatingIncome": "465874000", "sellingGeneralAndAdministrative": "1285024000", "researchAndDevelopment": "None", "operatingExpenses": "1673218000", "investmentIncomeNet": "None", "netInterestIncome": "-8853000", "interestIncome": "8853000", "interestExpense": "8853000", "nonInterestIncome": "None", "otherNonOperatingIncome": "None", "depreciation": "None", "depreciationAndAmortization": "403569000", "incomeBeforeTax": "457021000", "incomeTaxExpense": "100959000", "interestAndDebtExpense": "None", "netIncomeFromContinuingOperations": "356062000", "comprehensiveIncomeNetOfTax": "None", "ebit": "250064000", "ebitda": "653633000", "netIncome": "356062000"}, {"fiscalDateEnding": "2019-01-31", "reportedCurrency": "USD", "grossProfit": "2101013000", "totalRevenue": "5671593000", "costOfRevenue": "3570580000", "costofGoodsAndServicesSold": "3570580000", "operatingIncome": "435953000", "sellingGeneralAndAdministrative": "1274945000", "researchAndDevelopment": "0", "operatingExpenses": "1665060000", "investmentIncomeNet": "None", "netInterestIncome": "-6706000", "interestIncome": "6706000", "interestExpense": "6706000", "nonInterestIncome": "None", "otherNonOperatingIncome": "None", "depreciation": "None", "depreciationAndAmortization": "188808000", "incomeBeforeTax": "429247000", "incomeTaxExpense": "95563000", "interestAndDebtExpense": "None", "netIncomeFromContinuingOperations": "333684000", "comprehensiveIncomeNetOfTax": "None", "ebit": "435953000", "ebitda": "624761000", "netIncome": "333684000"}, {"fiscalDateEnding": "2018-01-31", "reportedCurrency": "USD", "grossProfit": "1931711000", "totalRevenue": "5292359000", "costOfRevenue": "3360648000", "costofGoodsAndServicesSold": "3360648000", "operatingIncome": "453811000", "sellingGeneralAndAdministrative": "1095694000", "researchAndDevelopment": "0", "operatingExpenses": "1477900000", "investmentIncomeNet": "None", "netInterestIncome": "-1372000", "interestIncome": "1372000", "interestExpense": "1372000", "nonInterestIncome": "None", "otherNonOperatingIncome": "None", "depreciation": "None", "depreciationAndAmortization": "183077000", "incomeBeforeTax": "452439000", "incomeTaxExpense": "192894000", "interestAndDebtExpense": "None", "netIncomeFromContinuingOperations": "259545000", "comprehensiveIncomeNetOfTax": "None", "ebit": "453811000", "ebitda": "636888000", "netIncome": "259545000"}, {"fiscalDateEnding": "2017-01-31", "reportedCurrency": "USD", "grossProfit": "1883310000", "totalRevenue": "5083812000", "costOfRevenue": "3200502000", "costofGoodsAndServicesSold": "3200502000", "operatingIncome": "472599000", "sellingGeneralAndAdministrative": "1063237000", "researchAndDevelopment": "0", "operatingExpenses": "1410711000", "investmentIncomeNet": "None", "netInterestIncome": "-688000", "interestIncome": "688000", "interestExpense": "688000", "nonInterestIncome": "None", "otherNonOperatingIncome": "None", "depreciation": "None", "depreciationAndAmortization": "173195000", "incomeBeforeTax": "471911000", "incomeTaxExpense": "166524000", "interestAndDebtExpense": "None", "netIncomeFromContinuingOperations": "305387000", "comprehensiveIncomeNetOfTax": "None", "ebit": "472599000", "ebitda": "645794000", "netIncome": "305387000"}, {"fiscalDateEnding": "2016-01-31", "reportedCurrency": "USD", "grossProfit": "1844214000", "totalRevenue": "4976090000", "costOfRevenue": "3131876000", "costofGoodsAndServicesSold": "3131876000", "operatingIncome": "488634000", "sellingGeneralAndAdministrative": "1022304000", "researchAndDevelopment": "0", "operatingExpenses": "1355580000", "investmentIncomeNet": "None", "netInterestIncome": "None", "interestIncome": "627000", "interestExpense": "627000", "nonInterestIncome": "None", "otherNonOperatingIncome": "None", "depreciation": "None", "depreciationAndAmortization": "167760000", "incomeBeforeTax": "488007000", "incomeTaxExpense": "177939000", "interestAndDebtExpense": "None", "netIncomeFromContinuingOperations": "310068000", "comprehensiveIncomeNetOfTax": "None", "ebit": "488634000", "ebitda": "656394000", "netIncome": "310068000"}, {"fiscalDateEnding": "2015-01-31", "reportedCurrency": "USD", "grossProfit": "1800504000", "totalRevenue": "4698719000", "costOfRevenue": "2898215000", "costofGoodsAndServicesSold": "2898215000", "operatingIncome": "502265000", "sellingGeneralAndAdministrative": "968169000", "researchAndDevelopment": "0", "operatingExpenses": "1298239000", "investmentIncomeNet": "None", "netInterestIncome": "None", "interestIncome": "None", "interestExpense": "62000", "nonInterestIncome": "None", "otherNonOperatingIncome": "None", "depreciation": "None", "depreciationAndAmortization": "162273000", "incomeBeforeTax": "502203000", "incomeTaxExpense": "193349000", "interestAndDebtExpense": "None", "netIncomeFromContinuingOperations": "308854000", "comprehensiveIncomeNetOfTax": "None", "ebit": "502265000", "ebitda": "664538000", "netIncome": "308854000"}, {"fiscalDateEnding": "2014-01-31", "reportedCurrency": "USD", "grossProfit": "1704216000", "totalRevenue": "4387889000", "costOfRevenue": "2683673000", "costofGoodsAndServicesSold": "2683673000", "operatingIncome": "452098000", "sellingGeneralAndAdministrative": "926410000", "researchAndDevelopment": "0", "operatingExpenses": "1252118000", "investmentIncomeNet": "None", "netInterestIncome": "None", "interestIncome": "None", "interestExpense": "584000", "nonInterestIncome": "None", "otherNonOperatingIncome": "None", "depreciation": "None", "depreciationAndAmortization": "149795000", "incomeBeforeTax": "452682000", "incomeTaxExpense": "173780000", "interestAndDebtExpense": "None", "netIncomeFromContinuingOperations": "278902000", "comprehensiveIncomeNetOfTax": "None", "ebit": "452098000", "ebitda": "601893000", "netIncome": "278902000"}, {"fiscalDateEnding": "2013-01-31", "reportedCurrency": "USD", "grossProfit": "1592476000", "totalRevenue": "4042870000", "costOfRevenue": "2450394000", "costofGoodsAndServicesSold": "2450394000", "operatingIncome": "409163000", "sellingGeneralAndAdministrative": "864975000", "researchAndDevelopment": "0", "operatingExpenses": "1183313000", "investmentIncomeNet": "None", "netInterestIncome": "None", "interestIncome": "None", "interestExpense": "793000", "nonInterestIncome": "None", "otherNonOperatingIncome": "None", "depreciation": "None", "depreciationAndAmortization": "134453000", "incomeBeforeTax": "409956000", "incomeTaxExpense": "153226000", "interestAndDebtExpense": "None", "netIncomeFromContinuingOperations": "256730000", "comprehensiveIncomeNetOfTax": "None", "ebit": "409163000", "ebitda": "543616000", "netIncome": "256730000"}, {"fiscalDateEnding": "2012-01-31", "reportedCurrency": "USD", "grossProfit": "1459856000", "totalRevenue": "3720895000", "costOfRevenue": "2261039000", "costofGoodsAndServicesSold": "2261039000", "operatingIncome": "381732000", "sellingGeneralAndAdministrative": "1075300000", "researchAndDevelopment": "0", "operatingExpenses": "1078124000", "investmentIncomeNet": "None", "netInterestIncome": "None", "interestIncome": "None", "interestExpense": "98000", "nonInterestIncome": "None", "otherNonOperatingIncome": "None", "depreciation": "None", "depreciationAndAmortization": "130553000", "incomeBeforeTax": "381830000", "incomeTaxExpense": "144899000", "interestAndDebtExpense": "None", "netIncomeFromContinuingOperations": "236931000", "comprehensiveIncomeNetOfTax": "None", "ebit": "381732000", "ebitda": "512285000", "netIncome": "236931000"}, {"fiscalDateEnding": "2011-01-31", "reportedCurrency": "USD", "grossProfit": "1373859000", "totalRevenue": "3504158000", "costOfRevenue": "2130299000", "costofGoodsAndServicesSold": "2130299000", "operatingIncome": "323414000", "sellingGeneralAndAdministrative": "1034100000", "researchAndDevelopment": "0", "operatingExpenses": "1050445000", "investmentIncomeNet": "None", "netInterestIncome": "None", "interestIncome": "None", "interestExpense": "354000", "nonInterestIncome": "None", "otherNonOperatingIncome": "None", "depreciation": "None", "depreciationAndAmortization": "144630000", "incomeBeforeTax": "323060000", "incomeTaxExpense": "122833000", "interestAndDebtExpense": "None", "netIncomeFromContinuingOperations": "200227000", "comprehensiveIncomeNetOfTax": "None", "ebit": "323414000", "ebitda": "468044000", "netIncome": "200227000"}, {"fiscalDateEnding": "2010-01-31", "reportedCurrency": "USD", "grossProfit": "1103237000", "totalRevenue": "3102704000", "costOfRevenue": "1999467000", "costofGoodsAndServicesSold": "1999467000", "operatingIncome": "121442000", "sellingGeneralAndAdministrative": "981795000", "researchAndDevelopment": "None", "operatingExpenses": "981795000", "investmentIncomeNet": "None", "netInterestIncome": "None", "interestIncome": "None", "interestExpense": "1153000", "nonInterestIncome": "None", "otherNonOperatingIncome": "None", "depreciation": "None", "depreciationAndAmortization": "151796000", "incomeBeforeTax": "120289000", "incomeTaxExpense": "42847000", "interestAndDebtExpense": "None", "netIncomeFromContinuingOperations": "None", "comprehensiveIncomeNetOfTax": "None", "ebit": "121442000", "ebitda": "273238000", "netIncome": "77442000"}, {"fiscalDateEnding": "2009-01-31", "reportedCurrency": "USD", "grossProfit": "1135172000", "totalRevenue": "3361472000", "costOfRevenue": "2226300000", "costofGoodsAndServicesSold": "2226300000", "operatingIncome": "42153000", "sellingGeneralAndAdministrative": "1075700000", "researchAndDevelopment": "None", "operatingExpenses": "1093019000", "investmentIncomeNet": "None", "netInterestIncome": "None", "interestIncome": "None", "interestExpense": "1480000", "nonInterestIncome": "None", "otherNonOperatingIncome": "None", "depreciation": "None", "depreciationAndAmortization": "148083000", "incomeBeforeTax": "41953000", "incomeTaxExpense": "11929000", "interestAndDebtExpense": "None", "netIncomeFromContinuingOperations": "None", "comprehensiveIncomeNetOfTax": "None", "ebit": "43433000", "ebitda": "191516000", "netIncome": "30024000"}, {"fiscalDateEnding": "2008-01-31", "reportedCurrency": "USD", "grossProfit": "1535971000", "totalRevenue": "3944934000", "costOfRevenue": "2408963000", "costofGoodsAndServicesSold": "2408963000", "operatingIncome": "313398000", "sellingGeneralAndAdministrative": "1221500000", "researchAndDevelopment": "None", "operatingExpenses": "1222573000", "investmentIncomeNet": "None", "netInterestIncome": "None", "interestIncome": "None", "interestExpense": "2099000", "nonInterestIncome": "None", "otherNonOperatingIncome": "None", "depreciation": "None", "depreciationAndAmortization": "111301000", "incomeBeforeTax": "316340000", "incomeTaxExpense": "120583000", "interestAndDebtExpense": "None", "netIncomeFromContinuingOperations": "None", "comprehensiveIncomeNetOfTax": "None", "ebit": "347839000", "ebitda": "459140000", "netIncome": "195757000"}, {"fiscalDateEnding": "2007-01-31", "reportedCurrency": "USD", "grossProfit": "1487287000", "totalRevenue": "3727513000", "costOfRevenue": "2240226000", "costofGoodsAndServicesSold": "2240226000", "operatingIncome": "327501000", "sellingGeneralAndAdministrative": "1154200000", "researchAndDevelopment": "None", "operatingExpenses": "1159786000", "investmentIncomeNet": "None", "netInterestIncome": "None", "interestIncome": "None", "interestExpense": "2125000", "nonInterestIncome": "None", "otherNonOperatingIncome": "None", "depreciation": "None", "depreciationAndAmortization": "106348000", "incomeBeforeTax": "337186000", "incomeTaxExpense": "128318000", "interestAndDebtExpense": "None", "netIncomeFromContinuingOperations": "None", "comprehensiveIncomeNetOfTax": "None", "ebit": "221153000", "ebitda": "327501000", "netIncome": "208868000"}, {"fiscalDateEnding": "2006-01-31", "reportedCurrency": "USD", "grossProfit": "1435482000", "totalRevenue": "3538947000", "costOfRevenue": "2103465000", "costofGoodsAndServicesSold": "2103465000", "operatingIncome": "345090000", "sellingGeneralAndAdministrative": "1090400000", "researchAndDevelopment": "None", "operatingExpenses": "1090392000", "investmentIncomeNet": "None", "netInterestIncome": "None", "interestIncome": "None", "interestExpense": "1975000", "nonInterestIncome": "None", "otherNonOperatingIncome": "None", "depreciation": "None", "depreciationAndAmortization": "98290000", "incomeBeforeTax": "348798000", "incomeTaxExpense": "133932000", "interestAndDebtExpense": "None", "netIncomeFromContinuingOperations": "None", "comprehensiveIncomeNetOfTax": "None", "ebit": "246800000", "ebitda": "345090000", "netIncome": "214866000"}], "quarterlyReports": [{"fiscalDateEnding": "2025-01-31", "reportedCurrency": "USD", "grossProfit": "1165625000", "totalRevenue": "2462218000", "costOfRevenue": "1296593000", "costofGoodsAndServicesSold": "1296593000", "operatingIncome": "530140999", "sellingGeneralAndAdministrative": "615946000", "researchAndDevelopment": "None", "operatingExpenses": "635484001", "investmentIncomeNet": "None", "netInterestIncome": "12485000", "interestIncome": "12485000", "interestExpense": "None", "nonInterestIncome": "None", "otherNonOperatingIncome": "None", "depreciation": "None", "depreciationAndAmortization": "58145000", "incomeBeforeTax": "542626000", "incomeTaxExpense": "131907999", "interestAndDebtExpense": "None", "netIncomeFromContinuingOperations": "384887000", "comprehensiveIncomeNetOfTax": "None", "ebit": "530141000", "ebitda": "588286000", "netIncome": "410718000"}, {"fiscalDateEnding": "2024-10-31", "reportedCurrency": "USD", "grossProfit": "841715000", "totalRevenue": "1800668000", "costOfRevenue": "958953000", "costofGoodsAndServicesSold": "958953000", "operatingIncome": "320643000", "sellingGeneralAndAdministrative": "521072000", "researchAndDevelopment": "None", "operatingExpenses": "521072000", "investmentIncomeNet": "None", "netInterestIncome": "11802000", "interestIncome": "11802000", "interestExpense": "None", "nonInterestIncome": "None", "otherNonOperatingIncome": "None", "depreciation": "None", "depreciationAndAmortization": "58393000", "incomeBeforeTax": "332445000", "incomeTaxExpense": "83492000", "interestAndDebtExpense": "None", "netIncomeFromContinuingOperations": "248953000", "comprehensiveIncomeNetOfTax": "None", "ebit": "320643000", "ebitda": "379036000", "netIncome": "248953000"}, {"fiscalDateEnding": "2024-07-31", "reportedCurrency": "USD", "grossProfit": "826326000", "totalRevenue": "1788307000", "costOfRevenue": "961981000", "costofGoodsAndServicesSold": "961981000", "operatingIncome": "289916000", "sellingGeneralAndAdministrative": "536410000", "researchAndDevelopment": "None", "operatingExpenses": "536410000", "investmentIncomeNet": "None", "netInterestIncome": "15208000", "interestIncome": "15208000", "interestExpense": "None", "nonInterestIncome": "None", "otherNonOperatingIncome": "None", "depreciation": "None", "depreciationAndAmortization": "56268000", "incomeBeforeTax": "305124000", "incomeTaxExpense": "79379000", "interestAndDebtExpense": "None", "netIncomeFromContinuingOperations": "225745000", "comprehensiveIncomeNetOfTax": "None", "ebit": "289916000", "ebitda": "346184000", "netIncome": "225745000"}, {"fiscalDateEnding": "2024-04-30", "reportedCurrency": "USD", "grossProfit": "802515000", "totalRevenue": "1660348000", "costOfRevenue": "857833000", "costofGoodsAndServicesSold": "857833000", "operatingIncome": "323828000", "sellingGeneralAndAdministrative": "478687000", "researchAndDevelopment": "None", "operatingExpenses": "478687000", "investmentIncomeNet": "None", "netInterestIncome": "16053000", "interestIncome": "16053000", "interestExpense": "None", "nonInterestIncome": "None", "otherNonOperatingIncome": "None", "depreciation": "None", "depreciationAndAmortization": "56996000", "incomeBeforeTax": "339881000", "incomeTaxExpense": "74215000", "interestAndDebtExpense": "None", "netIncomeFromContinuingOperations": "265666000", "comprehensiveIncomeNetOfTax": "None", "ebit": "323828000", "ebitda": "380824000", "netIncome": "265666000"}, {"fiscalDateEnding": "2024-01-31", "reportedCurrency": "USD", "grossProfit": "1048604000", "totalRevenue": "2278937000", "costOfRevenue": "1230333000", "costofGoodsAndServicesSold": "1230333000", "operatingIncome": "459580000", "sellingGeneralAndAdministrative": "86824000", "researchAndDevelopment": "None", "operatingExpenses": "589024000", "investmentIncomeNet": "None", "netInterestIncome": "13147000", "interestIncome": "None", "interestExpense": "37995000", "nonInterestIncome": "None", "otherNonOperatingIncome": "None", "depreciation": "None", "depreciationAndAmortization": "66563000", "incomeBeforeTax": "471238000", "incomeTaxExpense": "116799000", "interestAndDebtExpense": "None", "netIncomeFromContinuingOperations": "354439000", "comprehensiveIncomeNetOfTax": "None", "ebit": "459580000", "ebitda": "526143000", "netIncome": "354439000"}, {"fiscalDateEnding": "2023-10-31", "reportedCurrency": "USD", "grossProfit": "822360000", "totalRevenue": "1853650000", "costOfRevenue": "1031290000", "costofGoodsAndServicesSold": "1031290000", "operatingIncome": "315077000", "sellingGeneralAndAdministrative": "507283000", "researchAndDevelopment": "None", "operatingExpenses": "507283000", "investmentIncomeNet": "None", "netInterestIncome": "7182000", "interestIncome": "7182000", "interestExpense": "None", "nonInterestIncome": "None", "otherNonOperatingIncome": "None", "depreciation": "None", "depreciationAndAmortization": "55184000", "incomeBeforeTax": "322259000", "incomeTaxExpense": "84974000", "interestAndDebtExpense": "None", "netIncomeFromContinuingOperations": "237285000", "comprehensiveIncomeNetOfTax": "None", "ebit": "315077000", "ebitda": "370261000", "netIncome": "237285000"}, {"fiscalDateEnding": "2023-07-31", "reportedCurrency": "USD", "grossProfit": "757567000", "totalRevenue": "1862614000", "costOfRevenue": "1105047000", "costofGoodsAndServicesSold": "1105047000", "operatingIncome": "271548000", "sellingGeneralAndAdministrative": "486019000", "researchAndDevelopment": "None", "operatingExpenses": "486019000", "investmentIncomeNet": "None", "netInterestIncome": "3335000", "interestIncome": "3335000", "interestExpense": "3335000", "nonInterestIncome": "None", "otherNonOperatingIncome": "None", "depreciation": "None", "depreciationAndAmortization": "55241000", "incomeBeforeTax": "274883000", "incomeTaxExpense": "73376000", "interestAndDebtExpense": "None", "netIncomeFromContinuingOperations": "201507000", "comprehensiveIncomeNetOfTax": "None", "ebit": "271548000", "ebitda": "326789000", "netIncome": "201507000"}, {"fiscalDateEnding": "2023-04-30", "reportedCurrency": "USD", "grossProfit": "675059000", "totalRevenue": "1755451000", "costOfRevenue": "1080392000", "costofGoodsAndServicesSold": "1080392000", "operatingIncome": "199477000", "sellingGeneralAndAdministrative": "475582000", "researchAndDevelopment": "None", "operatingExpenses": "475582000", "investmentIncomeNet": "None", "netInterestIncome": "5498000", "interestIncome": "5498000", "interestExpense": "5498000", "nonInterestIncome": "None", "otherNonOperatingIncome": "None", "depreciation": "None", "depreciationAndAmortization": "55602000", "incomeBeforeTax": "204975000", "incomeTaxExpense": "48444000", "interestAndDebtExpense": "None", "netIncomeFromContinuingOperations": "156531000", "comprehensiveIncomeNetOfTax": "None", "ebit": "199477000", "ebitda": "255079000", "netIncome": "156531000"}, {"fiscalDateEnding": "2023-01-31", "reportedCurrency": "USD", "grossProfit": "1009850000", "totalRevenue": "2453079000", "costOfRevenue": "1443229000", "costofGoodsAndServicesSold": "1443229000", "operatingIncome": "469787000", "sellingGeneralAndAdministrative": "41037000", "researchAndDevelopment": "None", "operatingExpenses": "540063000", "investmentIncomeNet": "None", "netInterestIncome": "1383000", "interestIncome": "1383000", "interestExpense": "4150000", "nonInterestIncome": "None", "otherNonOperatingIncome": "None", "depreciation": "None", "depreciationAndAmortization": "56743000", "incomeBeforeTax": "471170000", "incomeTaxExpense": "116177000", "interestAndDebtExpense": "None", "netIncomeFromContinuingOperations": "354993000", "comprehensiveIncomeNetOfTax": "None", "ebit": "469787000", "ebitda": "526530000", "netIncome": "354993000"}, {"fiscalDateEnding": "2022-10-31", "reportedCurrency": "USD", "grossProfit": "910526000", "totalRevenue": "2192574000", "costOfRevenue": "1282048000", "costofGoodsAndServicesSold": "1282048000", "operatingIncome": "339633000", "sellingGeneralAndAdministrative": "570893000", "researchAndDevelopment": "None", "operatingExpenses": "570893000", "investmentIncomeNet": "None", "netInterestIncome": "370000", "interestIncome": "370000", "interestExpense": "1383000", "nonInterestIncome": "None", "otherNonOperatingIncome": "None", "depreciation": "None", "depreciationAndAmortization": "114046000", "incomeBeforeTax": "340003000", "incomeTaxExpense": "88280000", "interestAndDebtExpense": "None", "netIncomeFromContinuingOperations": "251723000", "comprehensiveIncomeNetOfTax": "None", "ebit": "280542000", "ebitda": "394588000", "netIncome": "251723000"}, {"fiscalDateEnding": "2022-07-31", "reportedCurrency": "USD", "grossProfit": "928809000", "totalRevenue": "2137537000", "costOfRevenue": "1208728000", "costofGoodsAndServicesSold": "1208728000", "operatingIncome": "365521000", "sellingGeneralAndAdministrative": "563288000", "researchAndDevelopment": "None", "operatingExpenses": "1772016000", "investmentIncomeNet": "None", "netInterestIncome": "344000", "interestIncome": "344000", "interestExpense": "344000", "nonInterestIncome": "None", "otherNonOperatingIncome": "None", "depreciation": "None", "depreciationAndAmortization": "52204000", "incomeBeforeTax": "365865000", "incomeTaxExpense": "98790000", "interestAndDebtExpense": "None", "netIncomeFromContinuingOperations": "267075000", "comprehensiveIncomeNetOfTax": "None", "ebit": "365521000", "ebitda": "417725000", "netIncome": "267075000"}, {"fiscalDateEnding": "2022-04-30", "reportedCurrency": "USD", "grossProfit": "828548000", "totalRevenue": "1891227000", "costOfRevenue": "1062679000", "costofGoodsAndServicesSold": "1062679000", "operatingIncome": "323481000", "sellingGeneralAndAdministrative": "505067000", "researchAndDevelopment": "None", "operatingExpenses": "505067000", "investmentIncomeNet": "None", "netInterestIncome": "163000", "interestIncome": "163000", "interestExpense": "163000", "nonInterestIncome": "None", "otherNonOperatingIncome": "None", "depreciation": "None", "depreciationAndAmortization": "104589000", "incomeBeforeTax": "323644000", "incomeTaxExpense": "69531000", "interestAndDebtExpense": "None", "netIncomeFromContinuingOperations": "254113000", "comprehensiveIncomeNetOfTax": "None", "ebit": "218892000", "ebitda": "323481000", "netIncome": "254113000"}, {"fiscalDateEnding": "2022-01-31", "reportedCurrency": "USD", "grossProfit": "1125237000", "totalRevenue": "2501029000", "costOfRevenue": "1375792000", "costofGoodsAndServicesSold": "1375792000", "operatingIncome": "524572000", "sellingGeneralAndAdministrative": "17835000", "researchAndDevelopment": "None", "operatingExpenses": "600665000", "investmentIncomeNet": "None", "netInterestIncome": "89000", "interestIncome": "89000", "interestExpense": "89000", "nonInterestIncome": "None", "otherNonOperatingIncome": "None", "depreciation": "None", "depreciationAndAmortization": "107321000", "incomeBeforeTax": "524661000", "incomeTaxExpense": "121720000", "interestAndDebtExpense": "None", "netIncomeFromContinuingOperations": "402941000", "comprehensiveIncomeNetOfTax": "None", "ebit": "467441000", "ebitda": "574762000", "netIncome": "402941000"}, {"fiscalDateEnding": "2021-10-31", "reportedCurrency": "USD", "grossProfit": "895485000", "totalRevenue": "2047539000", "costOfRevenue": "1152054000", "costofGoodsAndServicesSold": "1152054000", "operatingIncome": "330267000", "sellingGeneralAndAdministrative": "565218000", "researchAndDevelopment": "None", "operatingExpenses": "565218000", "investmentIncomeNet": "None", "netInterestIncome": "-121000", "interestIncome": "121000", "interestExpense": "121000", "nonInterestIncome": "None", "otherNonOperatingIncome": "None", "depreciation": "None", "depreciationAndAmortization": "103228000", "incomeBeforeTax": "330146000", "incomeTaxExpense": "80622000", "interestAndDebtExpense": "None", "netIncomeFromContinuingOperations": "249524000", "comprehensiveIncomeNetOfTax": "None", "ebit": "276249000", "ebitda": "379477000", "netIncome": "249524000"}, {"fiscalDateEnding": "2021-07-31", "reportedCurrency": "USD", "grossProfit": "858388000", "totalRevenue": "1948339000", "costOfRevenue": "1089951000", "costofGoodsAndServicesSold": "1089951000", "operatingIncome": "323100000", "sellingGeneralAndAdministrative": "535288000", "researchAndDevelopment": "None", "operatingExpenses": "535288000", "investmentIncomeNet": "None", "netInterestIncome": "39000", "interestIncome": "39000", "interestExpense": "39000", "nonInterestIncome": "None", "otherNonOperatingIncome": "None", "depreciation": "None", "depreciationAndAmortization": "101549000", "incomeBeforeTax": "323139000", "incomeTaxExpense": "77069000", "interestAndDebtExpense": "None", "netIncomeFromContinuingOperations": "246070000", "comprehensiveIncomeNetOfTax": "None", "ebit": "270316000", "ebitda": "371865000", "netIncome": "246070000"}, {"fiscalDateEnding": "2021-04-30", "reportedCurrency": "USD", "grossProfit": "752853000", "totalRevenue": "1749029000", "costOfRevenue": "996176000", "costofGoodsAndServicesSold": "996176000", "operatingIncome": "275177000", "sellingGeneralAndAdministrative": "477676000", "researchAndDevelopment": "None", "operatingExpenses": "477676000", "investmentIncomeNet": "None", "netInterestIncome": "-1872000", "interestIncome": "1872000", "interestExpense": "1872000", "nonInterestIncome": "None", "otherNonOperatingIncome": "None", "depreciation": "None", "depreciationAndAmortization": "100877000", "incomeBeforeTax": "273305000", "incomeTaxExpense": "45503000", "interestAndDebtExpense": "None", "netIncomeFromContinuingOperations": "227802000", "comprehensiveIncomeNetOfTax": "None", "ebit": "222222000", "ebitda": "323099000", "netIncome": "227802000"}, {"fiscalDateEnding": "2021-01-31", "reportedCurrency": "USD", "grossProfit": "965224000", "totalRevenue": "2292673000", "costOfRevenue": "1327449000", "costofGoodsAndServicesSold": "1327449000", "operatingIncome": "402087000", "sellingGeneralAndAdministrative": "237143000", "researchAndDevelopment": "None", "operatingExpenses": "563137000", "investmentIncomeNet": "None", "netInterestIncome": "-2264000", "interestIncome": "2264000", "interestExpense": "2264000", "nonInterestIncome": "None", "otherNonOperatingIncome": "None", "depreciation": "None", "depreciationAndAmortization": "48315000", "incomeBeforeTax": "399823000", "incomeTaxExpense": "90868000", "interestAndDebtExpense": "None", "netIncomeFromContinuingOperations": "308955000", "comprehensiveIncomeNetOfTax": "None", "ebit": "407181000", "ebitda": "455496000", "netIncome": "308955000"}, {"fiscalDateEnding": "2020-10-31", "reportedCurrency": "USD", "grossProfit": "705583000", "totalRevenue": "1764536000", "costOfRevenue": "1058953000", "costofGoodsAndServicesSold": "1058953000", "operatingIncome": "274604000", "sellingGeneralAndAdministrative": "430979000", "researchAndDevelopment": "None", "operatingExpenses": "430979000", "investmentIncomeNet": "None", "netInterestIncome": "-5344000", "interestIncome": "5344000", "interestExpense": "5344000", "nonInterestIncome": "None", "otherNonOperatingIncome": "None", "depreciation": "None", "depreciationAndAmortization": "47220000", "incomeBeforeTax": "269260000", "incomeTaxExpense": "67488000", "interestAndDebtExpense": "None", "netIncomeFromContinuingOperations": "201772000", "comprehensiveIncomeNetOfTax": "None", "ebit": "274604000", "ebitda": "321824000", "netIncome": "201772000"}, {"fiscalDateEnding": "2020-07-31", "reportedCurrency": "USD", "grossProfit": "551202000", "totalRevenue": "1490777000", "costOfRevenue": "939575000", "costofGoodsAndServicesSold": "939575000", "operatingIncome": "185361000", "sellingGeneralAndAdministrative": "359486000", "researchAndDevelopment": "None", "operatingExpenses": "365841000", "investmentIncomeNet": "None", "netInterestIncome": "-6464000", "interestIncome": "6464000", "interestExpense": "6464000", "nonInterestIncome": "None", "otherNonOperatingIncome": "None", "depreciation": "None", "depreciationAndAmortization": "46896000", "incomeBeforeTax": "178897000", "incomeTaxExpense": "44333000", "interestAndDebtExpense": "None", "netIncomeFromContinuingOperations": "134564000", "comprehensiveIncomeNetOfTax": "None", "ebit": "185361000", "ebitda": "232257000", "netIncome": "134564000"}, {"fiscalDateEnding": "2020-04-30", "reportedCurrency": "USD", "grossProfit": "414260000", "totalRevenue": "1235203000", "costOfRevenue": "820943000", "costofGoodsAndServicesSold": "820943000", "operatingIncome": "48645000", "sellingGeneralAndAdministrative": "365617000", "researchAndDevelopment": "None", "operatingExpenses": "365615000", "investmentIncomeNet": "None", "netInterestIncome": "-2159000", "interestIncome": "2159000", "interestExpense": "2159000", "nonInterestIncome": "None", "otherNonOperatingIncome": "None", "depreciation": "None", "depreciationAndAmortization": "46224000", "incomeBeforeTax": "46486000", "incomeTaxExpense": "11063000", "interestAndDebtExpense": "None", "netIncomeFromContinuingOperations": "35423000", "comprehensiveIncomeNetOfTax": "None", "ebit": "48645000", "ebitda": "94869000", "netIncome": "35423000"}, {"fiscalDateEnding": "2020-01-31", "reportedCurrency": "USD", "grossProfit": "692728000", "totalRevenue": "1843590000", "costOfRevenue": "1150862000", "costofGoodsAndServicesSold": "1150862000", "operatingIncome": "203686000", "sellingGeneralAndAdministrative": "100848000", "researchAndDevelopment": "None", "operatingExpenses": "489042000", "investmentIncomeNet": "None", "netInterestIncome": "-1367000", "interestIncome": "1367000", "interestExpense": "1367000", "nonInterestIncome": "None", "otherNonOperatingIncome": "None", "depreciation": "None", "depreciationAndAmortization": "47264000", "incomeBeforeTax": "202319000", "incomeTaxExpense": "36274000", "interestAndDebtExpense": "None", "netIncomeFromContinuingOperations": "166045000", "comprehensiveIncomeNetOfTax": "None", "ebit": "203658000", "ebitda": "250922000", "netIncome": "166045000"}, {"fiscalDateEnding": "2019-10-31", "reportedCurrency": "USD", "grossProfit": "518172000", "totalRevenue": "1442472000", "costOfRevenue": "924300000", "costofGoodsAndServicesSold": "924300000", "operatingIncome": "101891000", "sellingGeneralAndAdministrative": "416287000", "researchAndDevelopment": "None", "operatingExpenses": "416281000", "investmentIncomeNet": "None", "netInterestIncome": "-2564000", "interestIncome": "2564000", "interestExpense": "2564000", "nonInterestIncome": "None", "otherNonOperatingIncome": "None", "depreciation": "None", "depreciationAndAmortization": "46751000", "incomeBeforeTax": "99327000", "incomeTaxExpense": "24614000", "interestAndDebtExpense": "None", "netIncomeFromContinuingOperations": "74713000", "comprehensiveIncomeNetOfTax": "None", "ebit": "101891000", "ebitda": "148642000", "netIncome": "74713000"}, {"fiscalDateEnding": "2019-07-31", "reportedCurrency": "USD", "grossProfit": "483861000", "totalRevenue": "1370814000", "costOfRevenue": "886953000", "costofGoodsAndServicesSold": "886953000", "operatingIncome": "86165000", "sellingGeneralAndAdministrative": "397720000", "researchAndDevelopment": "None", "operatingExpenses": "397696000", "investmentIncomeNet": "None", "netInterestIncome": "-2669000", "interestIncome": "2669000", "interestExpense": "2669000", "nonInterestIncome": "None", "otherNonOperatingIncome": "None", "depreciation": "None", "depreciationAndAmortization": "46906000", "incomeBeforeTax": "83496000", "incomeTaxExpense": "20848000", "interestAndDebtExpense": "None", "netIncomeFromContinuingOperations": "62648000", "comprehensiveIncomeNetOfTax": "None", "ebit": "86165000", "ebitda": "133071000", "netIncome": "62648000"}, {"fiscalDateEnding": "2019-04-30", "reportedCurrency": "USD", "grossProfit": "444331000", "totalRevenue": "1241132000", "costOfRevenue": "796801000", "costofGoodsAndServicesSold": "796801000", "operatingIncome": "74132000", "sellingGeneralAndAdministrative": "370193000", "researchAndDevelopment": "None", "operatingExpenses": "370199000", "investmentIncomeNet": "None", "netInterestIncome": "-2253000", "interestIncome": "None", "interestExpense": "2253000", "nonInterestIncome": "None", "otherNonOperatingIncome": "None", "depreciation": "None", "depreciationAndAmortization": "46838000", "incomeBeforeTax": "71879000", "incomeTaxExpense": "19223000", "interestAndDebtExpense": "None", "netIncomeFromContinuingOperations": "52656000", "comprehensiveIncomeNetOfTax": "None", "ebit": "74132000", "ebitda": "120970000", "netIncome": "52656000"}, {"fiscalDateEnding": "2019-01-31", "reportedCurrency": "USD", "grossProfit": "709923000", "totalRevenue": "1836436000", "costOfRevenue": "1126513000", "costofGoodsAndServicesSold": "1126513000", "operatingIncome": "200853000", "sellingGeneralAndAdministrative": "118955000", "researchAndDevelopment": "0", "operatingExpenses": "509070000", "investmentIncomeNet": "None", "netInterestIncome": "None", "interestIncome": "None", "interestExpense": "1633000", "nonInterestIncome": "None", "otherNonOperatingIncome": "None", "depreciation": "None", "depreciationAndAmortization": "47641000", "incomeBeforeTax": "199220000", "incomeTaxExpense": "43882000", "interestAndDebtExpense": "None", "netIncomeFromContinuingOperations": "155338000", "comprehensiveIncomeNetOfTax": "None", "ebit": "200853000", "ebitda": "248494000", "netIncome": "155338000"}, {"fiscalDateEnding": "2018-10-31", "reportedCurrency": "USD", "grossProfit": "494984000", "totalRevenue": "1356983000", "costOfRevenue": "861999000", "costofGoodsAndServicesSold": "861999000", "operatingIncome": "94384000", "sellingGeneralAndAdministrative": "394721000", "researchAndDevelopment": "0", "operatingExpenses": "400600000", "investmentIncomeNet": "None", "netInterestIncome": "None", "interestIncome": "None", "interestExpense": "2288000", "nonInterestIncome": "None", "otherNonOperatingIncome": "None", "depreciation": "None", "depreciationAndAmortization": "47358000", "incomeBeforeTax": "92096000", "incomeTaxExpense": "10631000", "interestAndDebtExpense": "None", "netIncomeFromContinuingOperations": "81465000", "comprehensiveIncomeNetOfTax": "None", "ebit": "94384000", "ebitda": "141742000", "netIncome": "81465000"}, {"fiscalDateEnding": "2018-07-31", "reportedCurrency": "USD", "grossProfit": "463942000", "totalRevenue": "1275174000", "costOfRevenue": "811232000", "costofGoodsAndServicesSold": "811232000", "operatingIncome": "74166000", "sellingGeneralAndAdministrative": "386000000", "researchAndDevelopment": "0", "operatingExpenses": "389776000", "investmentIncomeNet": "None", "netInterestIncome": "None", "interestIncome": "None", "interestExpense": "1584000", "nonInterestIncome": "None", "otherNonOperatingIncome": "None", "depreciation": "None", "depreciationAndAmortization": "45936000", "incomeBeforeTax": "72582000", "incomeTaxExpense": "20869000", "interestAndDebtExpense": "None", "netIncomeFromContinuingOperations": "51713000", "comprehensiveIncomeNetOfTax": "None", "ebit": "74166000", "ebitda": "120102000", "netIncome": "51713000"}, {"fiscalDateEnding": "2018-04-30", "reportedCurrency": "USD", "grossProfit": "432164000", "totalRevenue": "1203000000", "costOfRevenue": "770836000", "costofGoodsAndServicesSold": "770836000", "operatingIncome": "66550000", "sellingGeneralAndAdministrative": "361500000", "researchAndDevelopment": "0", "operatingExpenses": "365614000", "investmentIncomeNet": "None", "netInterestIncome": "None", "interestIncome": "None", "interestExpense": "1201000", "nonInterestIncome": "None", "otherNonOperatingIncome": "None", "depreciation": "None", "depreciationAndAmortization": "47873000", "incomeBeforeTax": "65349000", "incomeTaxExpense": "20181000", "interestAndDebtExpense": "None", "netIncomeFromContinuingOperations": "45168000", "comprehensiveIncomeNetOfTax": "None", "ebit": "66550000", "ebitda": "114423000", "netIncome": "45168000"}, {"fiscalDateEnding": "2018-01-31", "reportedCurrency": "USD", "grossProfit": "646173000", "totalRevenue": "1679910000", "costOfRevenue": "1033737000", "costofGoodsAndServicesSold": "1033737000", "operatingIncome": "198940000", "sellingGeneralAndAdministrative": "65027000", "researchAndDevelopment": "0", "operatingExpenses": "447233000", "investmentIncomeNet": "None", "netInterestIncome": "None", "interestIncome": "None", "interestExpense": "398000", "nonInterestIncome": "None", "otherNonOperatingIncome": "None", "depreciation": "None", "depreciationAndAmortization": "47604000", "incomeBeforeTax": "198542000", "incomeTaxExpense": "102782000", "interestAndDebtExpense": "None", "netIncomeFromContinuingOperations": "95760000", "comprehensiveIncomeNetOfTax": "None", "ebit": "198940000", "ebitda": "246544000", "netIncome": "95760000"}, {"fiscalDateEnding": "2017-10-31", "reportedCurrency": "USD", "grossProfit": "467067000", "totalRevenue": "1299336000", "costOfRevenue": "832269000", "costofGoodsAndServicesSold": "832269000", "operatingIncome": "110813000", "sellingGeneralAndAdministrative": "358000000", "researchAndDevelopment": "0", "operatingExpenses": "356254000", "investmentIncomeNet": "None", "netInterestIncome": "None", "interestIncome": "None", "interestExpense": "594000", "nonInterestIncome": "None", "otherNonOperatingIncome": "None", "depreciation": "None", "depreciationAndAmortization": "45425000", "incomeBeforeTax": "110219000", "incomeTaxExpense": "38906000", "interestAndDebtExpense": "None", "netIncomeFromContinuingOperations": "71313000", "comprehensiveIncomeNetOfTax": "None", "ebit": "110813000", "ebitda": "156238000", "netIncome": "71313000"}, {"fiscalDateEnding": "2017-07-31", "reportedCurrency": "USD", "grossProfit": "422711000", "totalRevenue": "1201606000", "costOfRevenue": "778895000", "costofGoodsAndServicesSold": "778895000", "operatingIncome": "81584000", "sellingGeneralAndAdministrative": "341200000", "researchAndDevelopment": "0", "operatingExpenses": "341127000", "investmentIncomeNet": "None", "netInterestIncome": "None", "interestIncome": "None", "interestExpense": "483000", "nonInterestIncome": "None", "otherNonOperatingIncome": "None", "depreciation": "None", "depreciationAndAmortization": "45098000", "incomeBeforeTax": "81101000", "incomeTaxExpense": "28184000", "interestAndDebtExpense": "None", "netIncomeFromContinuingOperations": "52917000", "comprehensiveIncomeNetOfTax": "None", "ebit": "81584000", "ebitda": "126682000", "netIncome": "52917000"}, {"fiscalDateEnding": "2017-04-30", "reportedCurrency": "USD", "grossProfit": "395760000", "totalRevenue": "1111507000", "costOfRevenue": "715747000", "costofGoodsAndServicesSold": "715747000", "operatingIncome": "62474000", "sellingGeneralAndAdministrative": "333286000", "researchAndDevelopment": "0", "operatingExpenses": "333286000", "investmentIncomeNet": "None", "netInterestIncome": "None", "interestIncome": "None", "interestExpense": "103000", "nonInterestIncome": "None", "otherNonOperatingIncome": "None", "depreciation": "None", "depreciationAndAmortization": "44950000", "incomeBeforeTax": "62577000", "incomeTaxExpense": "23022000", "interestAndDebtExpense": "None", "netIncomeFromContinuingOperations": "39555000", "comprehensiveIncomeNetOfTax": "None", "ebit": "62474000", "ebitda": "107424000", "netIncome": "39555000"}, {"fiscalDateEnding": "2017-01-31", "reportedCurrency": "USD", "grossProfit": "622031000", "totalRevenue": "1581581000", "costOfRevenue": "959550000", "costofGoodsAndServicesSold": "959550000", "operatingIncome": "215819000", "sellingGeneralAndAdministrative": "58738000", "researchAndDevelopment": "0", "operatingExpenses": "406212000", "investmentIncomeNet": "None", "netInterestIncome": "None", "interestIncome": "None", "interestExpense": "101000", "nonInterestIncome": "None", "otherNonOperatingIncome": "None", "depreciation": "None", "depreciationAndAmortization": "45450000", "incomeBeforeTax": "215718000", "incomeTaxExpense": "71091000", "interestAndDebtExpense": "None", "netIncomeFromContinuingOperations": "144627000", "comprehensiveIncomeNetOfTax": "None", "ebit": "215819000", "ebitda": "261269000", "netIncome": "144627000"}, {"fiscalDateEnding": "2016-10-31", "reportedCurrency": "USD", "grossProfit": "458223000", "totalRevenue": "1245385000", "costOfRevenue": "787162000", "costofGoodsAndServicesSold": "787162000", "operatingIncome": "109979000", "sellingGeneralAndAdministrative": "347000000", "researchAndDevelopment": "0", "operatingExpenses": "348244000", "investmentIncomeNet": "None", "netInterestIncome": "None", "interestIncome": "None", "interestExpense": "488000", "nonInterestIncome": "None", "otherNonOperatingIncome": "None", "depreciation": "None", "depreciationAndAmortization": "44376000", "incomeBeforeTax": "109491000", "incomeTaxExpense": "40113000", "interestAndDebtExpense": "None", "netIncomeFromContinuingOperations": "69378000", "comprehensiveIncomeNetOfTax": "None", "ebit": "109979000", "ebitda": "154355000", "netIncome": "69378000"}, {"fiscalDateEnding": "2016-07-31", "reportedCurrency": "USD", "grossProfit": "410539000", "totalRevenue": "1159029000", "costOfRevenue": "748490000", "costofGoodsAndServicesSold": "748490000", "operatingIncome": "83276000", "sellingGeneralAndAdministrative": "327263000", "researchAndDevelopment": "0", "operatingExpenses": "327263000", "investmentIncomeNet": "None", "netInterestIncome": "None", "interestIncome": "None", "interestExpense": "167000", "nonInterestIncome": "None", "otherNonOperatingIncome": "None", "depreciation": "None", "depreciationAndAmortization": "42129000", "incomeBeforeTax": "83109000", "incomeTaxExpense": "31324000", "interestAndDebtExpense": "None", "netIncomeFromContinuingOperations": "51785000", "comprehensiveIncomeNetOfTax": "None", "ebit": "83276000", "ebitda": "125405000", "netIncome": "51785000"}, {"fiscalDateEnding": "2016-04-30", "reportedCurrency": "USD", "grossProfit": "392517000", "totalRevenue": "1097817000", "costOfRevenue": "705300000", "costofGoodsAndServicesSold": "705300000", "operatingIncome": "63525000", "sellingGeneralAndAdministrative": "315800000", "researchAndDevelopment": "0", "operatingExpenses": "328992000", "investmentIncomeNet": "None", "netInterestIncome": "None", "interestIncome": "None", "interestExpense": "68000", "nonInterestIncome": "None", "otherNonOperatingIncome": "None", "depreciation": "None", "depreciationAndAmortization": "41240000", "incomeBeforeTax": "63593000", "incomeTaxExpense": "23996000", "interestAndDebtExpense": "None", "netIncomeFromContinuingOperations": "39597000", "comprehensiveIncomeNetOfTax": "None", "ebit": "63525000", "ebitda": "104765000", "netIncome": "39597000"}, {"fiscalDateEnding": "2016-01-31", "reportedCurrency": "USD", "grossProfit": "607560000", "totalRevenue": "1586304000", "costOfRevenue": "978744000", "costofGoodsAndServicesSold": "978744000", "operatingIncome": "222680000", "sellingGeneralAndAdministrative": "51604000", "researchAndDevelopment": "0", "operatingExpenses": "384880000", "investmentIncomeNet": "None", "netInterestIncome": "None", "interestIncome": "None", "interestExpense": "2000", "nonInterestIncome": "None", "otherNonOperatingIncome": "None", "depreciation": "None", "depreciationAndAmortization": "42667000", "incomeBeforeTax": "222678000", "incomeTaxExpense": "81550000", "interestAndDebtExpense": "None", "netIncomeFromContinuingOperations": "141128000", "comprehensiveIncomeNetOfTax": "None", "ebit": "222008000", "ebitda": "264675000", "netIncome": "141128000"}, {"fiscalDateEnding": "2015-10-31", "reportedCurrency": "USD", "grossProfit": "451188000", "totalRevenue": "1232082000", "costOfRevenue": "780894000", "costofGoodsAndServicesSold": "780894000", "operatingIncome": "110683000", "sellingGeneralAndAdministrative": "340500000", "researchAndDevelopment": "0", "operatingExpenses": "340505000", "investmentIncomeNet": "None", "netInterestIncome": "None", "interestIncome": "None", "interestExpense": "342000", "nonInterestIncome": "None", "otherNonOperatingIncome": "None", "depreciation": "None", "depreciationAndAmortization": "41860000", "incomeBeforeTax": "110341000", "incomeTaxExpense": "39859000", "interestAndDebtExpense": "None", "netIncomeFromContinuingOperations": "70482000", "comprehensiveIncomeNetOfTax": "None", "ebit": "110683000", "ebitda": "152543000", "netIncome": "70482000"}, {"fiscalDateEnding": "2015-07-31", "reportedCurrency": "USD", "grossProfit": "406625000", "totalRevenue": "1127028000", "costOfRevenue": "720403000", "costofGoodsAndServicesSold": "720403000", "operatingIncome": "83343000", "sellingGeneralAndAdministrative": "323300000", "researchAndDevelopment": "0", "operatingExpenses": "323282000", "investmentIncomeNet": "None", "netInterestIncome": "None", "interestIncome": "None", "interestExpense": "275000", "nonInterestIncome": "None", "otherNonOperatingIncome": "None", "depreciation": "None", "depreciationAndAmortization": "41755000", "incomeBeforeTax": "83068000", "incomeTaxExpense": "29400000", "interestAndDebtExpense": "None", "netIncomeFromContinuingOperations": "53668000", "comprehensiveIncomeNetOfTax": "None", "ebit": "83343000", "ebitda": "125098000", "netIncome": "53668000"}, {"fiscalDateEnding": "2015-04-30", "reportedCurrency": "USD", "grossProfit": "378841000", "totalRevenue": "1030676000", "costOfRevenue": "651835000", "costofGoodsAndServicesSold": "651835000", "operatingIncome": "71928000", "sellingGeneralAndAdministrative": "306900000", "researchAndDevelopment": "0", "operatingExpenses": "306913000", "investmentIncomeNet": "None", "netInterestIncome": "None", "interestIncome": "None", "interestExpense": "8000", "nonInterestIncome": "None", "otherNonOperatingIncome": "None", "depreciation": "None", "depreciationAndAmortization": "41478000", "incomeBeforeTax": "71920000", "incomeTaxExpense": "27130000", "interestAndDebtExpense": "None", "netIncomeFromContinuingOperations": "44790000", "comprehensiveIncomeNetOfTax": "None", "ebit": "71928000", "ebitda": "113406000", "netIncome": "44790000"}, {"fiscalDateEnding": "2015-01-31", "reportedCurrency": "USD", "grossProfit": "618591000", "totalRevenue": "1542125000", "costOfRevenue": "923534000", "costofGoodsAndServicesSold": "923534000", "operatingIncome": "237883000", "sellingGeneralAndAdministrative": "50638000", "researchAndDevelopment": "0", "operatingExpenses": "380708000", "investmentIncomeNet": "None", "netInterestIncome": "None", "interestIncome": "None", "interestExpense": "62000", "nonInterestIncome": "None", "otherNonOperatingIncome": "None", "depreciation": "None", "depreciationAndAmortization": "41138000", "incomeBeforeTax": "237909000", "incomeTaxExpense": "90872000", "interestAndDebtExpense": "None", "netIncomeFromContinuingOperations": "147037000", "comprehensiveIncomeNetOfTax": "None", "ebit": "237883000", "ebitda": "279021000", "netIncome": "147037000"}, {"fiscalDateEnding": "2014-10-31", "reportedCurrency": "USD", "grossProfit": "431407000", "totalRevenue": "1143162000", "costOfRevenue": "711755000", "costofGoodsAndServicesSold": "711755000", "operatingIncome": "104720000", "sellingGeneralAndAdministrative": "326700000", "researchAndDevelopment": "0", "operatingExpenses": "326687000", "investmentIncomeNet": "None", "netInterestIncome": "None", "interestIncome": "None", "interestExpense": "117000", "nonInterestIncome": "None", "otherNonOperatingIncome": "None", "depreciation": "None", "depreciationAndAmortization": "41803000", "incomeBeforeTax": "104603000", "incomeTaxExpense": "39695000", "interestAndDebtExpense": "None", "netIncomeFromContinuingOperations": "64908000", "comprehensiveIncomeNetOfTax": "None", "ebit": "104720000", "ebitda": "146523000", "netIncome": "64908000"}, {"fiscalDateEnding": "2014-07-31", "reportedCurrency": "USD", "grossProfit": "382098000", "totalRevenue": "1039102000", "costOfRevenue": "657004000", "costofGoodsAndServicesSold": "657004000", "operatingIncome": "85336000", "sellingGeneralAndAdministrative": "296800000", "researchAndDevelopment": "0", "operatingExpenses": "296762000", "investmentIncomeNet": "None", "netInterestIncome": "None", "interestIncome": "None", "interestExpense": "40000", "nonInterestIncome": "None", "otherNonOperatingIncome": "None", "depreciation": "None", "depreciationAndAmortization": "40702000", "incomeBeforeTax": "85296000", "incomeTaxExpense": "34549000", "interestAndDebtExpense": "None", "netIncomeFromContinuingOperations": "50747000", "comprehensiveIncomeNetOfTax": "None", "ebit": "85336000", "ebitda": "126038000", "netIncome": "50747000"}, {"fiscalDateEnding": "2014-04-30", "reportedCurrency": "USD", "grossProfit": "368408000", "totalRevenue": "974330000", "costOfRevenue": "605922000", "costofGoodsAndServicesSold": "605922000", "operatingIncome": "74326000", "sellingGeneralAndAdministrative": "294100000", "researchAndDevelopment": "0", "operatingExpenses": "294082000", "investmentIncomeNet": "None", "netInterestIncome": "None", "interestIncome": "None", "interestExpense": "69000", "nonInterestIncome": "None", "otherNonOperatingIncome": "None", "depreciation": "None", "depreciationAndAmortization": "38630000", "incomeBeforeTax": "74395000", "incomeTaxExpense": "28233000", "interestAndDebtExpense": "None", "netIncomeFromContinuingOperations": "46162000", "comprehensiveIncomeNetOfTax": "None", "ebit": "74326000", "ebitda": "112956000", "netIncome": "46162000"}, {"fiscalDateEnding": "2014-01-31", "reportedCurrency": "USD", "grossProfit": "595719000", "totalRevenue": "1466324000", "costOfRevenue": "870605000", "costofGoodsAndServicesSold": "870605000", "operatingIncome": "217735000", "sellingGeneralAndAdministrative": "52276000", "researchAndDevelopment": "0", "operatingExpenses": "377984000", "investmentIncomeNet": "None", "netInterestIncome": "None", "interestIncome": "None", "interestExpense": "584000", "nonInterestIncome": "None", "otherNonOperatingIncome": "None", "depreciation": "None", "depreciationAndAmortization": "38383000", "incomeBeforeTax": "217902000", "incomeTaxExpense": "84104000", "interestAndDebtExpense": "None", "netIncomeFromContinuingOperations": "133798000", "comprehensiveIncomeNetOfTax": "None", "ebit": "217735000", "ebitda": "256118000", "netIncome": "133798000"}, {"fiscalDateEnding": "2013-10-31", "reportedCurrency": "USD", "grossProfit": "405388000", "totalRevenue": "1051548000", "costOfRevenue": "646160000", "costofGoodsAndServicesSold": "646160000", "operatingIncome": "92494000", "sellingGeneralAndAdministrative": "312900000", "researchAndDevelopment": "0", "operatingExpenses": "312894000", "investmentIncomeNet": "None", "netInterestIncome": "None", "interestIncome": "None", "interestExpense": "103000", "nonInterestIncome": "None", "otherNonOperatingIncome": "None", "depreciation": "None", "depreciationAndAmortization": "37580000", "incomeBeforeTax": "92597000", "incomeTaxExpense": "35878000", "interestAndDebtExpense": "None", "netIncomeFromContinuingOperations": "56719000", "comprehensiveIncomeNetOfTax": "None", "ebit": "92494000", "ebitda": "130074000", "netIncome": "56719000"}, {"fiscalDateEnding": "2013-07-31", "reportedCurrency": "USD", "grossProfit": "368924000", "totalRevenue": "982209000", "costOfRevenue": "613285000", "costofGoodsAndServicesSold": "613285000", "operatingIncome": "78086000", "sellingGeneralAndAdministrative": "290800000", "researchAndDevelopment": "0", "operatingExpenses": "290838000", "investmentIncomeNet": "None", "netInterestIncome": "None", "interestIncome": "None", "interestExpense": "125000", "nonInterestIncome": "None", "otherNonOperatingIncome": "None", "depreciation": "None", "depreciationAndAmortization": "37223000", "incomeBeforeTax": "78211000", "incomeTaxExpense": "29292000", "interestAndDebtExpense": "None", "netIncomeFromContinuingOperations": "48919000", "comprehensiveIncomeNetOfTax": "None", "ebit": "78086000", "ebitda": "115309000", "netIncome": "48919000"}, {"fiscalDateEnding": "2013-04-30", "reportedCurrency": "USD", "grossProfit": "334185000", "totalRevenue": "887808000", "costOfRevenue": "553623000", "costofGoodsAndServicesSold": "553623000", "operatingIncome": "63783000", "sellingGeneralAndAdministrative": "270400000", "researchAndDevelopment": "0", "operatingExpenses": "270402000", "investmentIncomeNet": "None", "netInterestIncome": "None", "interestIncome": "None", "interestExpense": "189000", "nonInterestIncome": "None", "otherNonOperatingIncome": "None", "depreciation": "None", "depreciationAndAmortization": "36609000", "incomeBeforeTax": "63972000", "incomeTaxExpense": "24506000", "interestAndDebtExpense": "None", "netIncomeFromContinuingOperations": "39466000", "comprehensiveIncomeNetOfTax": "None", "ebit": "63783000", "ebitda": "100392000", "netIncome": "39466000"}, {"fiscalDateEnding": "2013-01-31", "reportedCurrency": "USD", "grossProfit": "580732000", "totalRevenue": "1406419000", "costOfRevenue": "825687000", "costofGoodsAndServicesSold": "825687000", "operatingIncome": "210441000", "sellingGeneralAndAdministrative": "51953000", "researchAndDevelopment": "0", "operatingExpenses": "370291000", "investmentIncomeNet": "None", "netInterestIncome": "None", "interestIncome": "None", "interestExpense": "793000", "nonInterestIncome": "None", "otherNonOperatingIncome": "None", "depreciation": "None", "depreciationAndAmortization": "35800000", "incomeBeforeTax": "210702000", "incomeTaxExpense": "76968000", "interestAndDebtExpense": "None", "netIncomeFromContinuingOperations": "133734000", "comprehensiveIncomeNetOfTax": "None", "ebit": "210441000", "ebitda": "246241000", "netIncome": "133734000"}, {"fiscalDateEnding": "2012-10-31", "reportedCurrency": "USD", "grossProfit": "367998000", "totalRevenue": "944554000", "costOfRevenue": "576556000", "costofGoodsAndServicesSold": "576556000", "operatingIncome": "79296000", "sellingGeneralAndAdministrative": "288700000", "researchAndDevelopment": "0", "operatingExpenses": "288702000", "investmentIncomeNet": "None", "netInterestIncome": "None", "interestIncome": "None", "interestExpense": "173000", "nonInterestIncome": "None", "otherNonOperatingIncome": "None", "depreciation": "None", "depreciationAndAmortization": "33335000", "incomeBeforeTax": "79469000", "incomeTaxExpense": "30569000", "interestAndDebtExpense": "None", "netIncomeFromContinuingOperations": "48900000", "comprehensiveIncomeNetOfTax": "None", "ebit": "79296000", "ebitda": "112631000", "netIncome": "48900000"}, {"fiscalDateEnding": "2012-07-31", "reportedCurrency": "USD", "grossProfit": "334480000", "totalRevenue": "874283000", "costOfRevenue": "539803000", "costofGoodsAndServicesSold": "539803000", "operatingIncome": "70103000", "sellingGeneralAndAdministrative": "264400000", "researchAndDevelopment": "0", "operatingExpenses": "264377000", "investmentIncomeNet": "None", "netInterestIncome": "None", "interestIncome": "None", "interestExpense": "168000", "nonInterestIncome": "None", "otherNonOperatingIncome": "None", "depreciation": "None", "depreciationAndAmortization": "32524000", "incomeBeforeTax": "70271000", "incomeTaxExpense": "26891000", "interestAndDebtExpense": "None", "netIncomeFromContinuingOperations": "43380000", "comprehensiveIncomeNetOfTax": "None", "ebit": "37579000", "ebitda": "70103000", "netIncome": "43380000"}, {"fiscalDateEnding": "2012-04-30", "reportedCurrency": "USD", "grossProfit": "309266000", "totalRevenue": "817614000", "costOfRevenue": "508348000", "costofGoodsAndServicesSold": "508348000", "operatingIncome": "49323000", "sellingGeneralAndAdministrative": "259900000", "researchAndDevelopment": "0", "operatingExpenses": "259943000", "investmentIncomeNet": "None", "netInterestIncome": "None", "interestIncome": "None", "interestExpense": "191000", "nonInterestIncome": "None", "otherNonOperatingIncome": "None", "depreciation": "None", "depreciationAndAmortization": "32794000", "incomeBeforeTax": "49514000", "incomeTaxExpense": "18798000", "interestAndDebtExpense": "None", "netIncomeFromContinuingOperations": "30716000", "comprehensiveIncomeNetOfTax": "None", "ebit": "16529000", "ebitda": "49323000", "netIncome": "30716000"}, {"fiscalDateEnding": "2012-01-31", "reportedCurrency": "USD", "grossProfit": "523289000", "totalRevenue": "1268144000", "costOfRevenue": "744855000", "costofGoodsAndServicesSold": "744855000", "operatingIncome": "197203000", "sellingGeneralAndAdministrative": "320600000", "researchAndDevelopment": "0", "operatingExpenses": "326086000", "investmentIncomeNet": "None", "netInterestIncome": "None", "interestIncome": "None", "interestExpense": "175000", "nonInterestIncome": "None", "otherNonOperatingIncome": "None", "depreciation": "None", "depreciationAndAmortization": "31780000", "incomeBeforeTax": "197364000", "incomeTaxExpense": "74778000", "interestAndDebtExpense": "None", "netIncomeFromContinuingOperations": "122586000", "comprehensiveIncomeNetOfTax": "None", "ebit": "197266000", "ebitda": "229046000", "netIncome": "122586000"}, {"fiscalDateEnding": "2011-10-31", "reportedCurrency": "USD", "grossProfit": "331963000", "totalRevenue": "867176000", "costOfRevenue": "535213000", "costofGoodsAndServicesSold": "535213000", "operatingIncome": "68744000", "sellingGeneralAndAdministrative": "263200000", "researchAndDevelopment": "0", "operatingExpenses": "263219000", "investmentIncomeNet": "None", "netInterestIncome": "None", "interestIncome": "None", "interestExpense": "7000", "nonInterestIncome": "None", "otherNonOperatingIncome": "None", "depreciation": "None", "depreciationAndAmortization": "32874000", "incomeBeforeTax": "68751000", "incomeTaxExpense": "25330000", "interestAndDebtExpense": "None", "netIncomeFromContinuingOperations": "43421000", "comprehensiveIncomeNetOfTax": "None", "ebit": "35870000", "ebitda": "68744000", "netIncome": "43421000"}, {"fiscalDateEnding": "2011-07-31", "reportedCurrency": "USD", "grossProfit": "308721000", "totalRevenue": "814750000", "costOfRevenue": "506029000", "costofGoodsAndServicesSold": "506029000", "operatingIncome": "64085000", "sellingGeneralAndAdministrative": "244636000", "researchAndDevelopment": "0", "operatingExpenses": "244636000", "investmentIncomeNet": "None", "netInterestIncome": "None", "interestIncome": "None", "interestExpense": "69000", "nonInterestIncome": "None", "otherNonOperatingIncome": "None", "depreciation": "None", "depreciationAndAmortization": "33021000", "incomeBeforeTax": "64016000", "incomeTaxExpense": "24707000", "interestAndDebtExpense": "None", "netIncomeFromContinuingOperations": "39309000", "comprehensiveIncomeNetOfTax": "None", "ebit": "31064000", "ebitda": "64085000", "netIncome": "39309000"}, {"fiscalDateEnding": "2011-04-30", "reportedCurrency": "USD", "grossProfit": "295883000", "totalRevenue": "770825000", "costOfRevenue": "474942000", "costofGoodsAndServicesSold": "474942000", "operatingIncome": "51700000", "sellingGeneralAndAdministrative": "242700000", "researchAndDevelopment": "0", "operatingExpenses": "244183000", "investmentIncomeNet": "None", "netInterestIncome": "None", "interestIncome": "None", "interestExpense": "1000", "nonInterestIncome": "None", "otherNonOperatingIncome": "None", "depreciation": "None", "depreciationAndAmortization": "32878000", "incomeBeforeTax": "51699000", "incomeTaxExpense": "20084000", "interestAndDebtExpense": "None", "netIncomeFromContinuingOperations": "31615000", "comprehensiveIncomeNetOfTax": "None", "ebit": "18822000", "ebitda": "51700000", "netIncome": "31615000"}, {"fiscalDateEnding": "2011-01-31", "reportedCurrency": "USD", "grossProfit": "505293000", "totalRevenue": "1195451000", "costOfRevenue": "690158000", "costofGoodsAndServicesSold": "690158000", "operatingIncome": "183594000", "sellingGeneralAndAdministrative": "317700000", "researchAndDevelopment": "0", "operatingExpenses": "321699000", "investmentIncomeNet": "None", "netInterestIncome": "None", "interestIncome": "None", "interestExpense": "226000", "nonInterestIncome": "None", "otherNonOperatingIncome": "None", "depreciation": "None", "depreciationAndAmortization": "36125000", "incomeBeforeTax": "183569000", "incomeTaxExpense": "70169000", "interestAndDebtExpense": "None", "netIncomeFromContinuingOperations": "0", "comprehensiveIncomeNetOfTax": "None", "ebit": "183594000", "ebitda": "219719000", "netIncome": "113400000"}, {"fiscalDateEnding": "2010-10-31", "reportedCurrency": "USD", "grossProfit": "311281000", "totalRevenue": "815516000", "costOfRevenue": "504235000", "costofGoodsAndServicesSold": "504235000", "operatingIncome": "56162000", "sellingGeneralAndAdministrative": "255119000", "researchAndDevelopment": "0", "operatingExpenses": "255119000", "investmentIncomeNet": "None", "netInterestIncome": "None", "interestIncome": "None", "interestExpense": "78000", "nonInterestIncome": "None", "otherNonOperatingIncome": "None", "depreciation": "None", "depreciationAndAmortization": "34623000", "incomeBeforeTax": "56084000", "incomeTaxExpense": "19554000", "interestAndDebtExpense": "None", "netIncomeFromContinuingOperations": "36530000", "comprehensiveIncomeNetOfTax": "None", "ebit": "56084000", "ebitda": "90707000", "netIncome": "36530000"}, {"fiscalDateEnding": "2010-07-31", "reportedCurrency": "USD", "grossProfit": "286727000", "totalRevenue": "775554000", "costOfRevenue": "488827000", "costofGoodsAndServicesSold": "488827000", "operatingIncome": "51197000", "sellingGeneralAndAdministrative": "231800000", "researchAndDevelopment": "0", "operatingExpenses": "235530000", "investmentIncomeNet": "None", "netInterestIncome": "None", "interestIncome": "None", "interestExpense": "123000", "nonInterestIncome": "None", "otherNonOperatingIncome": "None", "depreciation": "None", "depreciationAndAmortization": "34880000", "incomeBeforeTax": "51074000", "incomeTaxExpense": "20315000", "interestAndDebtExpense": "None", "netIncomeFromContinuingOperations": "30759000", "comprehensiveIncomeNetOfTax": "None", "ebit": "16317000", "ebitda": "51197000", "netIncome": "30759000"}, {"fiscalDateEnding": "2010-04-30", "reportedCurrency": "USD", "grossProfit": "270558000", "totalRevenue": "717637000", "costOfRevenue": "447079000", "costofGoodsAndServicesSold": "447079000", "operatingIncome": "32461000", "sellingGeneralAndAdministrative": "232500000", "researchAndDevelopment": "0", "operatingExpenses": "238097000", "investmentIncomeNet": "None", "netInterestIncome": "None", "interestIncome": "None", "interestExpense": "128000", "nonInterestIncome": "None", "otherNonOperatingIncome": "None", "depreciation": "None", "depreciationAndAmortization": "39002000", "incomeBeforeTax": "32333000", "incomeTaxExpense": "12795000", "interestAndDebtExpense": "None", "netIncomeFromContinuingOperations": "0", "comprehensiveIncomeNetOfTax": "None", "ebit": "-6541000", "ebitda": "32461000", "netIncome": "19538000"}, {"fiscalDateEnding": "2010-01-31", "reportedCurrency": "USD", "grossProfit": "451081000", "totalRevenue": "1089678000", "costOfRevenue": "638597000", "costofGoodsAndServicesSold": "638597000", "operatingIncome": "140791000", "sellingGeneralAndAdministrative": "310290000", "researchAndDevelopment": "0", "operatingExpenses": "310290000", "investmentIncomeNet": "None", "netInterestIncome": "None", "interestIncome": "None", "interestExpense": "248000", "nonInterestIncome": "None", "otherNonOperatingIncome": "None", "depreciation": "None", "depreciationAndAmortization": "38212000", "incomeBeforeTax": "140628000", "incomeTaxExpense": "52207000", "interestAndDebtExpense": "None", "netIncomeFromContinuingOperations": "0", "comprehensiveIncomeNetOfTax": "None", "ebit": "140876000", "ebitda": "179088000", "netIncome": "88421000"}, {"fiscalDateEnding": "2009-10-31", "reportedCurrency": "USD", "grossProfit": "252852000", "totalRevenue": "729297000", "costOfRevenue": "476445000", "costofGoodsAndServicesSold": "476445000", "operatingIncome": "9456000", "sellingGeneralAndAdministrative": "243400000", "researchAndDevelopment": "0", "operatingExpenses": "243396000", "investmentIncomeNet": "None", "netInterestIncome": "None", "interestIncome": "None", "interestExpense": "341000", "nonInterestIncome": "None", "otherNonOperatingIncome": "None", "depreciation": "None", "depreciationAndAmortization": "38973000", "incomeBeforeTax": "9115000", "incomeTaxExpense": "1788000", "interestAndDebtExpense": "None", "netIncomeFromContinuingOperations": "0", "comprehensiveIncomeNetOfTax": "None", "ebit": "-29517000", "ebitda": "9456000", "netIncome": "7327000"}, {"fiscalDateEnding": "2009-07-31", "reportedCurrency": "USD", "grossProfit": "215341000", "totalRevenue": "672114000", "costOfRevenue": "456773000", "costofGoodsAndServicesSold": "456773000", "operatingIncome": "435000", "sellingGeneralAndAdministrative": "207500000", "researchAndDevelopment": "0", "operatingExpenses": "214906000", "investmentIncomeNet": "None", "netInterestIncome": "None", "interestIncome": "None", "interestExpense": "378000", "nonInterestIncome": "None", "otherNonOperatingIncome": "None", "depreciation": "None", "depreciationAndAmortization": "38292000", "incomeBeforeTax": "57000", "incomeTaxExpense": "-342000", "interestAndDebtExpense": "None", "netIncomeFromContinuingOperations": "0", "comprehensiveIncomeNetOfTax": "None", "ebit": "-37857000", "ebitda": "435000", "netIncome": "399000"}, {"fiscalDateEnding": "2009-04-30", "reportedCurrency": "USD", "grossProfit": "183963000", "totalRevenue": "611615000", "costOfRevenue": "427652000", "costofGoodsAndServicesSold": "427652000", "operatingIncome": "-29241000", "sellingGeneralAndAdministrative": "207100000", "researchAndDevelopment": "0", "operatingExpenses": "213204000", "investmentIncomeNet": "None", "netInterestIncome": "None", "interestIncome": "None", "interestExpense": "318000", "nonInterestIncome": "None", "otherNonOperatingIncome": "None", "depreciation": "None", "depreciationAndAmortization": "36319000", "incomeBeforeTax": "-29511000", "incomeTaxExpense": "-10806000", "interestAndDebtExpense": "None", "netIncomeFromContinuingOperations": "0", "comprehensiveIncomeNetOfTax": "None", "ebit": "-29241000", "ebitda": "7078000", "netIncome": "-18705000"}, {"fiscalDateEnding": "2009-01-31", "reportedCurrency": "USD", "grossProfit": "339626000", "totalRevenue": "1008015000", "costOfRevenue": "668389000", "costofGoodsAndServicesSold": "668389000", "operatingIncome": "19225000", "sellingGeneralAndAdministrative": "320400000", "researchAndDevelopment": "0", "operatingExpenses": "320401000", "investmentIncomeNet": "None", "netInterestIncome": "None", "interestIncome": "None", "interestExpense": "1480000", "nonInterestIncome": "None", "otherNonOperatingIncome": "None", "depreciation": "None", "depreciationAndAmortization": "37395000", "incomeBeforeTax": "19194000", "incomeTaxExpense": "7003000", "interestAndDebtExpense": "None", "netIncomeFromContinuingOperations": "0", "comprehensiveIncomeNetOfTax": "None", "ebit": "20505000", "ebitda": "57900000", "netIncome": "12191000"}, {"fiscalDateEnding": "2008-10-31", "reportedCurrency": "USD", "grossProfit": "240480000", "totalRevenue": "752052000", "costOfRevenue": "511572000", "costofGoodsAndServicesSold": "511572000", "operatingIncome": "-19378000", "sellingGeneralAndAdministrative": "259900000", "researchAndDevelopment": "0", "operatingExpenses": "259858000", "investmentIncomeNet": "None", "netInterestIncome": "None", "interestIncome": "None", "interestExpense": "381000", "nonInterestIncome": "None", "otherNonOperatingIncome": "None", "depreciation": "None", "depreciationAndAmortization": "52836000", "incomeBeforeTax": "-19536000", "incomeTaxExpense": "-8538000", "interestAndDebtExpense": "None", "netIncomeFromContinuingOperations": "0", "comprehensiveIncomeNetOfTax": "None", "ebit": "-35009000", "ebitda": "17827000", "netIncome": "-10998000"}, {"fiscalDateEnding": "2008-07-31", "reportedCurrency": "USD", "grossProfit": "278847000", "totalRevenue": "819621000", "costOfRevenue": "540774000", "costofGoodsAndServicesSold": "540774000", "operatingIncome": "25423000", "sellingGeneralAndAdministrative": "253400000", "researchAndDevelopment": "0", "operatingExpenses": "253424000", "investmentIncomeNet": "None", "netInterestIncome": "None", "interestIncome": "None", "interestExpense": "377000", "nonInterestIncome": "None", "otherNonOperatingIncome": "None", "depreciation": "None", "depreciationAndAmortization": "28572000", "incomeBeforeTax": "25233000", "incomeTaxExpense": "6849000", "interestAndDebtExpense": "None", "netIncomeFromContinuingOperations": "0", "comprehensiveIncomeNetOfTax": "None", "ebit": "33612000", "ebitda": "62184000", "netIncome": "18384000"}, {"fiscalDateEnding": "2008-04-30", "reportedCurrency": "USD", "grossProfit": "276219000", "totalRevenue": "781784000", "costOfRevenue": "505565000", "costofGoodsAndServicesSold": "505565000", "operatingIncome": "16883000", "sellingGeneralAndAdministrative": "259300000", "researchAndDevelopment": "0", "operatingExpenses": "259336000", "investmentIncomeNet": "None", "netInterestIncome": "None", "interestIncome": "None", "interestExpense": "398000", "nonInterestIncome": "None", "otherNonOperatingIncome": "None", "depreciation": "None", "depreciationAndAmortization": "29280000", "incomeBeforeTax": "17062000", "incomeTaxExpense": "6615000", "interestAndDebtExpense": "None", "netIncomeFromContinuingOperations": "0", "comprehensiveIncomeNetOfTax": "None", "ebit": "25312000", "ebitda": "54592000", "netIncome": "10447000"}, {"fiscalDateEnding": "2008-01-31", "reportedCurrency": "USD", "grossProfit": "571825000", "totalRevenue": "1374355000", "costOfRevenue": "802530000", "costofGoodsAndServicesSold": "802530000", "operatingIncome": "197219000", "sellingGeneralAndAdministrative": "374600000", "researchAndDevelopment": "0", "operatingExpenses": "374606000", "investmentIncomeNet": "None", "netInterestIncome": "None", "interestIncome": "None", "interestExpense": "2099000", "nonInterestIncome": "None", "otherNonOperatingIncome": "None", "depreciation": "None", "depreciationAndAmortization": "30020000", "incomeBeforeTax": "197886000", "incomeTaxExpense": "73322000", "interestAndDebtExpense": "None", "netIncomeFromContinuingOperations": "0", "comprehensiveIncomeNetOfTax": "None", "ebit": "197219000", "ebitda": "227239000", "netIncome": "124564000"}, {"fiscalDateEnding": "2007-10-31", "reportedCurrency": "USD", "grossProfit": "342081000", "totalRevenue": "895132000", "costOfRevenue": "553051000", "costofGoodsAndServicesSold": "553051000", "operatingIncome": "44869000", "sellingGeneralAndAdministrative": "297200000", "researchAndDevelopment": "0", "operatingExpenses": "297212000", "investmentIncomeNet": "None", "netInterestIncome": "None", "interestIncome": "None", "interestExpense": "512000", "nonInterestIncome": "None", "otherNonOperatingIncome": "None", "depreciation": "None", "depreciationAndAmortization": "26427000", "incomeBeforeTax": "44679000", "incomeTaxExpense": "17602000", "interestAndDebtExpense": "None", "netIncomeFromContinuingOperations": "0", "comprehensiveIncomeNetOfTax": "None", "ebit": "18442000", "ebitda": "44869000", "netIncome": "27077000"}, {"fiscalDateEnding": "2007-07-31", "reportedCurrency": "USD", "grossProfit": "320095000", "totalRevenue": "859396000", "costOfRevenue": "539301000", "costofGoodsAndServicesSold": "539301000", "operatingIncome": "42868000", "sellingGeneralAndAdministrative": "277200000", "researchAndDevelopment": "0", "operatingExpenses": "277227000", "investmentIncomeNet": "None", "netInterestIncome": "None", "interestIncome": "None", "interestExpense": "505000", "nonInterestIncome": "None", "otherNonOperatingIncome": "None", "depreciation": "None", "depreciationAndAmortization": "27266000", "incomeBeforeTax": "43394000", "incomeTaxExpense": "17428000", "interestAndDebtExpense": "None", "netIncomeFromContinuingOperations": "0", "comprehensiveIncomeNetOfTax": "None", "ebit": "15602000", "ebitda": "42868000", "netIncome": "25966000"}, {"fiscalDateEnding": "2007-04-30", "reportedCurrency": "USD", "grossProfit": "301970000", "totalRevenue": "816051000", "costOfRevenue": "514081000", "costofGoodsAndServicesSold": "514081000", "operatingIncome": "28442000", "sellingGeneralAndAdministrative": "273500000", "researchAndDevelopment": "0", "operatingExpenses": "273528000", "investmentIncomeNet": "None", "netInterestIncome": "None", "interestIncome": "None", "interestExpense": "531000", "nonInterestIncome": "None", "otherNonOperatingIncome": "None", "depreciation": "None", "depreciationAndAmortization": "27588000", "incomeBeforeTax": "30381000", "incomeTaxExpense": "12231000", "interestAndDebtExpense": "None", "netIncomeFromContinuingOperations": "0", "comprehensiveIncomeNetOfTax": "None", "ebit": "854000", "ebitda": "28442000", "netIncome": "18150000"}, {"fiscalDateEnding": "2007-01-31", "reportedCurrency": "USD", "grossProfit": "541568000", "totalRevenue": "1254933000", "costOfRevenue": "713365000", "costofGoodsAndServicesSold": "713365000", "operatingIncome": "195237000", "sellingGeneralAndAdministrative": "346300000", "researchAndDevelopment": "0", "operatingExpenses": "346331000", "investmentIncomeNet": "None", "netInterestIncome": "None", "interestIncome": "None", "interestExpense": "533000", "nonInterestIncome": "None", "otherNonOperatingIncome": "None", "depreciation": "None", "depreciationAndAmortization": "28306000", "incomeBeforeTax": "197295000", "incomeTaxExpense": "76231000", "interestAndDebtExpense": "None", "netIncomeFromContinuingOperations": "0", "comprehensiveIncomeNetOfTax": "None", "ebit": "195237000", "ebitda": "223543000", "netIncome": "121064000"}, {"fiscalDateEnding": "2006-10-31", "reportedCurrency": "USD", "grossProfit": "325738000", "totalRevenue": "852758000", "costOfRevenue": "527020000", "costofGoodsAndServicesSold": "527020000", "operatingIncome": "43326000", "sellingGeneralAndAdministrative": "282400000", "researchAndDevelopment": "0", "operatingExpenses": "282412000", "investmentIncomeNet": "None", "netInterestIncome": "None", "interestIncome": "None", "interestExpense": "523000", "nonInterestIncome": "None", "otherNonOperatingIncome": "None", "depreciation": "None", "depreciationAndAmortization": "26498000", "incomeBeforeTax": "44644000", "incomeTaxExpense": "15502000", "interestAndDebtExpense": "None", "netIncomeFromContinuingOperations": "0", "comprehensiveIncomeNetOfTax": "None", "ebit": "16828000", "ebitda": "43326000", "netIncome": "29142000"}, {"fiscalDateEnding": "2006-07-31", "reportedCurrency": "USD", "grossProfit": "314560000", "totalRevenue": "825536000", "costOfRevenue": "510976000", "costofGoodsAndServicesSold": "510976000", "operatingIncome": "54248000", "sellingGeneralAndAdministrative": "260300000", "researchAndDevelopment": "0", "operatingExpenses": "260312000", "investmentIncomeNet": "None", "netInterestIncome": "None", "interestIncome": "None", "interestExpense": "542000", "nonInterestIncome": "None", "otherNonOperatingIncome": "None", "depreciation": "None", "depreciationAndAmortization": "26046000", "incomeBeforeTax": "57762000", "incomeTaxExpense": "22199000", "interestAndDebtExpense": "None", "netIncomeFromContinuingOperations": "0", "comprehensiveIncomeNetOfTax": "None", "ebit": "28202000", "ebitda": "54248000", "netIncome": "35563000"}, {"fiscalDateEnding": "2006-04-30", "reportedCurrency": "USD", "grossProfit": "305421000", "totalRevenue": "794286000", "costOfRevenue": "488865000", "costofGoodsAndServicesSold": "488865000", "operatingIncome": "34690000", "sellingGeneralAndAdministrative": "270731000", "researchAndDevelopment": "0", "operatingExpenses": "270731000", "investmentIncomeNet": "None", "netInterestIncome": "None", "interestIncome": "None", "interestExpense": "527000", "nonInterestIncome": "None", "otherNonOperatingIncome": "None", "depreciation": "None", "depreciationAndAmortization": "25498000", "incomeBeforeTax": "37485000", "incomeTaxExpense": "14386000", "interestAndDebtExpense": "None", "netIncomeFromContinuingOperations": "0", "comprehensiveIncomeNetOfTax": "None", "ebit": "9192000", "ebitda": "34690000", "netIncome": "23099000"}, {"fiscalDateEnding": "2006-01-31", "reportedCurrency": "USD", "grossProfit": "529648000", "totalRevenue": "1214397000", "costOfRevenue": "684749000", "costofGoodsAndServicesSold": "684749000", "operatingIncome": "192830000", "sellingGeneralAndAdministrative": "336800000", "researchAndDevelopment": "0", "operatingExpenses": "336818000", "investmentIncomeNet": "None", "netInterestIncome": "None", "interestIncome": "None", "interestExpense": "1000000", "nonInterestIncome": "None", "otherNonOperatingIncome": "None", "depreciation": "None", "depreciationAndAmortization": "25262000", "incomeBeforeTax": "194916000", "incomeTaxExpense": "74132000", "interestAndDebtExpense": "None", "netIncomeFromContinuingOperations": "0", "comprehensiveIncomeNetOfTax": "None", "ebit": "192830000", "ebitda": "218092000", "netIncome": "120784000"}, {"fiscalDateEnding": "2005-10-31", "reportedCurrency": "USD", "grossProfit": "326077000", "totalRevenue": "827623000", "costOfRevenue": "501546000", "costofGoodsAndServicesSold": "501546000", "operatingIncome": "59350000", "sellingGeneralAndAdministrative": "266700000", "researchAndDevelopment": "0", "operatingExpenses": "266727000", "investmentIncomeNet": "None", "netInterestIncome": "None", "interestIncome": "None", "interestExpense": "493000", "nonInterestIncome": "None", "otherNonOperatingIncome": "None", "depreciation": "None", "depreciationAndAmortization": "24364000", "incomeBeforeTax": "59958000", "incomeTaxExpense": "22871000", "interestAndDebtExpense": "None", "netIncomeFromContinuingOperations": "0", "comprehensiveIncomeNetOfTax": "None", "ebit": "34986000", "ebitda": "59350000", "netIncome": "37087000"}, {"fiscalDateEnding": "2005-07-31", "reportedCurrency": "USD", "grossProfit": "294835000", "totalRevenue": "776239000", "costOfRevenue": "481404000", "costofGoodsAndServicesSold": "481404000", "operatingIncome": "49207000", "sellingGeneralAndAdministrative": "245628000", "researchAndDevelopment": "0", "operatingExpenses": "245628000", "investmentIncomeNet": "None", "netInterestIncome": "None", "interestIncome": "None", "interestExpense": "487000", "nonInterestIncome": "None", "otherNonOperatingIncome": "None", "depreciation": "None", "depreciationAndAmortization": "24645000", "incomeBeforeTax": "49601000", "incomeTaxExpense": "18778000", "interestAndDebtExpense": "None", "netIncomeFromContinuingOperations": "0", "comprehensiveIncomeNetOfTax": "None", "ebit": "24562000", "ebitda": "49207000", "netIncome": "30823000"}, {"fiscalDateEnding": "2005-04-30", "reportedCurrency": "USD", "grossProfit": "284922000", "totalRevenue": "720688000", "costOfRevenue": "435766000", "costofGoodsAndServicesSold": "435766000", "operatingIncome": "43703000", "sellingGeneralAndAdministrative": "241200000", "researchAndDevelopment": "0", "operatingExpenses": "241219000", "investmentIncomeNet": "None", "netInterestIncome": "None", "interestIncome": "None", "interestExpense": "482000", "nonInterestIncome": "None", "otherNonOperatingIncome": "None", "depreciation": "None", "depreciationAndAmortization": "24019000", "incomeBeforeTax": "44324000", "incomeTaxExpense": "18151000", "interestAndDebtExpense": "None", "netIncomeFromContinuingOperations": "0", "comprehensiveIncomeNetOfTax": "None", "ebit": "19684000", "ebitda": "43703000", "netIncome": "26173000"}, {"fiscalDateEnding": "2005-01-31", "reportedCurrency": "USD", "grossProfit": "485027000", "totalRevenue": "1083640000", "costOfRevenue": "598613000", "costofGoodsAndServicesSold": "598613000", "operatingIncome": "184040000", "sellingGeneralAndAdministrative": "301000000", "researchAndDevelopment": "0", "operatingExpenses": "300987000", "investmentIncomeNet": "None", "netInterestIncome": "None", "interestIncome": "None", "interestExpense": "1703000", "nonInterestIncome": "None", "otherNonOperatingIncome": "None", "depreciation": "None", "depreciationAndAmortization": "23891000", "incomeBeforeTax": "184615000", "incomeTaxExpense": "70867000", "interestAndDebtExpense": "None", "netIncomeFromContinuingOperations": "0", "comprehensiveIncomeNetOfTax": "None", "ebit": "184040000", "ebitda": "207931000", "netIncome": "113748000"}]}