{"symbol": "CRL", "annualReports": [{"fiscalDateEnding": "2024-12-31", "reportedCurrency": "USD", "grossProfit": "1331821000", "totalRevenue": "4049989000", "costOfRevenue": "2718168000", "costofGoodsAndServicesSold": "2718168000", "operatingIncome": "227347000", "sellingGeneralAndAdministrative": "751003000", "researchAndDevelopment": "None", "operatingExpenses": "1104474000", "investmentIncomeNet": "None", "netInterestIncome": "-117713000", "interestIncome": "8575000", "interestExpense": "126288000", "nonInterestIncome": "None", "otherNonOperatingIncome": "None", "depreciation": "None", "depreciationAndAmortization": "361741000", "incomeBeforeTax": "93114000", "incomeTaxExpense": "67823000", "interestAndDebtExpense": "None", "netIncomeFromContinuingOperations": "25291000", "comprehensiveIncomeNetOfTax": "None", "ebit": "219402000", "ebitda": "581143000", "netIncome": "22203000"}, {"fiscalDateEnding": "2023-12-31", "reportedCurrency": "USD", "grossProfit": "1502556000", "totalRevenue": "4129409000", "costOfRevenue": "2626853000", "costofGoodsAndServicesSold": "2626853000", "operatingIncome": "617261000", "sellingGeneralAndAdministrative": "750353000", "researchAndDevelopment": "None", "operatingExpenses": "885295000", "investmentIncomeNet": "None", "netInterestIncome": "-133997000", "interestIncome": "3948000", "interestExpense": "136710000", "nonInterestIncome": "None", "otherNonOperatingIncome": "None", "depreciation": "None", "depreciationAndAmortization": "314124000", "incomeBeforeTax": "581284000", "incomeTaxExpense": "100914000", "interestAndDebtExpense": "None", "netIncomeFromContinuingOperations": "480524000", "comprehensiveIncomeNetOfTax": "None", "ebit": "717994000", "ebitda": "1032118000", "netIncome": "474624000"}, {"fiscalDateEnding": "2022-12-31", "reportedCurrency": "USD", "grossProfit": "1462651000", "totalRevenue": "3976060000", "costOfRevenue": "2513409000", "costofGoodsAndServicesSold": "2513409000", "operatingIncome": "650975000", "sellingGeneralAndAdministrative": "665098000", "researchAndDevelopment": "None", "operatingExpenses": "811676000", "investmentIncomeNet": "None", "netInterestIncome": "-58511000", "interestIncome": "780000", "interestExpense": "59291000", "nonInterestIncome": "None", "otherNonOperatingIncome": "31303000", "depreciation": "None", "depreciationAndAmortization": "303870000", "incomeBeforeTax": "622987000", "incomeTaxExpense": "130379000", "interestAndDebtExpense": "None", "netIncomeFromContinuingOperations": "492608000", "comprehensiveIncomeNetOfTax": "None", "ebit": "731990000", "ebitda": "1035860000", "netIncome": "486226000"}, {"fiscalDateEnding": "2021-12-31", "reportedCurrency": "USD", "grossProfit": "1334638000", "totalRevenue": "3540160000", "costOfRevenue": "2205522000", "costofGoodsAndServicesSold": "2205522000", "operatingIncome": "589862000", "sellingGeneralAndAdministrative": "619919000", "researchAndDevelopment": "None", "operatingExpenses": "744776000", "investmentIncomeNet": "None", "netInterestIncome": "-73258000", "interestIncome": "74857000", "interestExpense": "73910000", "nonInterestIncome": "None", "otherNonOperatingIncome": "-35242000", "depreciation": "None", "depreciationAndAmortization": "265540000", "incomeBeforeTax": "480710000", "incomeTaxExpense": "81873000", "interestAndDebtExpense": "None", "netIncomeFromContinuingOperations": "398837000", "comprehensiveIncomeNetOfTax": "None", "ebit": "588751000", "ebitda": "854291000", "netIncome": "390982000"}, {"fiscalDateEnding": "2020-12-31", "reportedCurrency": "USD", "grossProfit": "1073541000", "totalRevenue": "2923933000", "costOfRevenue": "1850392000", "costofGoodsAndServicesSold": "1850392000", "operatingIncome": "432729000", "sellingGeneralAndAdministrative": "528935000", "researchAndDevelopment": "None", "operatingExpenses": "640812000", "investmentIncomeNet": "None", "netInterestIncome": "-85599000", "interestIncome": "834000", "interestExpense": "86433000", "nonInterestIncome": "None", "otherNonOperatingIncome": "100818000", "depreciation": "None", "depreciationAndAmortization": "234924000", "incomeBeforeTax": "447114000", "incomeTaxExpense": "81808000", "interestAndDebtExpense": "None", "netIncomeFromContinuingOperations": "365306000", "comprehensiveIncomeNetOfTax": "None", "ebit": "524222000", "ebitda": "759146000", "netIncome": "364304000"}, {"fiscalDateEnding": "2019-12-31", "reportedCurrency": "USD", "grossProfit": "958311000", "totalRevenue": "2621226000", "costOfRevenue": "1662915000", "costofGoodsAndServicesSold": "1662915000", "operatingIncome": "351151000", "sellingGeneralAndAdministrative": "486198000", "researchAndDevelopment": "None", "operatingExpenses": "607160000", "investmentIncomeNet": "None", "netInterestIncome": "-59360000", "interestIncome": "1522000", "interestExpense": "60882000", "nonInterestIncome": "None", "otherNonOperatingIncome": "13815000", "depreciation": "None", "depreciationAndAmortization": "198095000", "incomeBeforeTax": "304084000", "incomeTaxExpense": "50023000", "interestAndDebtExpense": "None", "netIncomeFromContinuingOperations": "254061000", "comprehensiveIncomeNetOfTax": "None", "ebit": "383638000", "ebitda": "581733000", "netIncome": "252019000"}, {"fiscalDateEnding": "2018-12-31", "reportedCurrency": "USD", "grossProfit": "840067000", "totalRevenue": "2266096000", "costOfRevenue": "1426029000", "costofGoodsAndServicesSold": "1426029000", "operatingIncome": "331383000", "sellingGeneralAndAdministrative": "419722000", "researchAndDevelopment": "0", "operatingExpenses": "508684000", "investmentIncomeNet": "None", "netInterestIncome": "-62960000", "interestIncome": "812000", "interestExpense": "63772000", "nonInterestIncome": "None", "otherNonOperatingIncome": "14070000", "depreciation": "None", "depreciationAndAmortization": "161779000", "incomeBeforeTax": "281681000", "incomeTaxExpense": "54463000", "interestAndDebtExpense": "None", "netIncomeFromContinuingOperations": "227218000", "comprehensiveIncomeNetOfTax": "None", "ebit": "345453000", "ebitda": "507232000", "netIncome": "226373000"}, {"fiscalDateEnding": "2017-12-31", "reportedCurrency": "USD", "grossProfit": "702314000", "totalRevenue": "1857601000", "costOfRevenue": "1155287000", "costofGoodsAndServicesSold": "1155287000", "operatingIncome": "287498000", "sellingGeneralAndAdministrative": "364761000", "researchAndDevelopment": "0", "operatingExpenses": "414816000", "investmentIncomeNet": "None", "netInterestIncome": "-29087000", "interestIncome": "690000", "interestExpense": "29777000", "nonInterestIncome": "None", "otherNonOperatingIncome": "39234000", "depreciation": "None", "depreciationAndAmortization": "131158999", "incomeBeforeTax": "296955000", "incomeTaxExpense": "171369000", "interestAndDebtExpense": "None", "netIncomeFromContinuingOperations": "125586000", "comprehensiveIncomeNetOfTax": "None", "ebit": "326732001", "ebitda": "457891000", "netIncome": "123355000"}, {"fiscalDateEnding": "2016-12-31", "reportedCurrency": "USD", "grossProfit": "646666000", "totalRevenue": "1681432000", "costOfRevenue": "1034766000", "costofGoodsAndServicesSold": "1034766000", "operatingIncome": "237419000", "sellingGeneralAndAdministrative": "367548000", "researchAndDevelopment": "0", "operatingExpenses": "409247000", "investmentIncomeNet": "None", "netInterestIncome": "-26395000", "interestIncome": "1314000", "interestExpense": "27709000", "nonInterestIncome": "None", "otherNonOperatingIncome": "13211000", "depreciation": "None", "depreciationAndAmortization": "126658000", "incomeBeforeTax": "222921000", "incomeTaxExpense": "66835000", "interestAndDebtExpense": "None", "netIncomeFromContinuingOperations": "156086000", "comprehensiveIncomeNetOfTax": "None", "ebit": "250630000", "ebitda": "377288000", "netIncome": "154765000"}, {"fiscalDateEnding": "2015-12-31", "reportedCurrency": "USD", "grossProfit": "531092000", "totalRevenue": "1363302000", "costOfRevenue": "832210000", "costofGoodsAndServicesSold": "832210000", "operatingIncome": "206449000", "sellingGeneralAndAdministrative": "282576000", "researchAndDevelopment": "0", "operatingExpenses": "324643000", "investmentIncomeNet": "None", "netInterestIncome": "None", "interestIncome": "18946000", "interestExpense": "15072000", "nonInterestIncome": "None", "otherNonOperatingIncome": "4051000", "depreciation": "None", "depreciationAndAmortization": "24229000", "incomeBeforeTax": "195428000", "incomeTaxExpense": "43391000", "interestAndDebtExpense": "None", "netIncomeFromContinuingOperations": "152037000", "comprehensiveIncomeNetOfTax": "None", "ebit": "281152000", "ebitda": "305381000", "netIncome": "149313000"}, {"fiscalDateEnding": "2014-12-31", "reportedCurrency": "USD", "grossProfit": "472660000", "totalRevenue": "1297662000", "costOfRevenue": "825002000", "costofGoodsAndServicesSold": "825002000", "operatingIncome": "177670000", "sellingGeneralAndAdministrative": "263500000", "researchAndDevelopment": "0", "operatingExpenses": "294990000", "investmentIncomeNet": "None", "netInterestIncome": "None", "interestIncome": "None", "interestExpense": "11950000", "nonInterestIncome": "None", "otherNonOperatingIncome": "11875000", "depreciation": "None", "depreciationAndAmortization": "25957000", "incomeBeforeTax": "177595000", "incomeTaxExpense": "47671000", "interestAndDebtExpense": "None", "netIncomeFromContinuingOperations": "129924000", "comprehensiveIncomeNetOfTax": "None", "ebit": "260033000", "ebitda": "285990000", "netIncome": "126698000"}, {"fiscalDateEnding": "2013-12-31", "reportedCurrency": "USD", "grossProfit": "394902000", "totalRevenue": "1165528000", "costOfRevenue": "770626000", "costofGoodsAndServicesSold": "770626000", "operatingIncome": "151401000", "sellingGeneralAndAdministrative": "223900000", "researchAndDevelopment": "0", "operatingExpenses": "243501000", "investmentIncomeNet": "None", "netInterestIncome": "None", "interestIncome": "None", "interestExpense": "20969000", "nonInterestIncome": "None", "otherNonOperatingIncome": "7895000", "depreciation": "None", "depreciationAndAmortization": "17806000", "incomeBeforeTax": "138327000", "incomeTaxExpense": "32911000", "interestAndDebtExpense": "None", "netIncomeFromContinuingOperations": "105416000", "comprehensiveIncomeNetOfTax": "None", "ebit": "237737000", "ebitda": "255543000", "netIncome": "102828000"}, {"fiscalDateEnding": "2012-12-31", "reportedCurrency": "USD", "grossProfit": "392081000", "totalRevenue": "1129530000", "costOfRevenue": "737449000", "costofGoodsAndServicesSold": "737449000", "operatingIncome": "165765000", "sellingGeneralAndAdministrative": "206900000", "researchAndDevelopment": "0", "operatingExpenses": "226316000", "investmentIncomeNet": "None", "netInterestIncome": "None", "interestIncome": "None", "interestExpense": "33342000", "nonInterestIncome": "None", "otherNonOperatingIncome": "-2677000", "depreciation": "None", "depreciationAndAmortization": "18068000", "incomeBeforeTax": "129746000", "incomeTaxExpense": "27628000", "interestAndDebtExpense": "None", "netIncomeFromContinuingOperations": "102118000", "comprehensiveIncomeNetOfTax": "None", "ebit": "226295000", "ebitda": "244363000", "netIncome": "97295000"}, {"fiscalDateEnding": "2011-12-31", "reportedCurrency": "USD", "grossProfit": "402242000", "totalRevenue": "1142647000", "costOfRevenue": "740405000", "costofGoodsAndServicesSold": "740405000", "operatingIncome": "174306000", "sellingGeneralAndAdministrative": "198648000", "researchAndDevelopment": "0", "operatingExpenses": "227936000", "investmentIncomeNet": "None", "netInterestIncome": "None", "interestIncome": "None", "interestExpense": "41233000", "nonInterestIncome": "None", "otherNonOperatingIncome": "942000", "depreciation": "None", "depreciationAndAmortization": "21796000", "incomeBeforeTax": "132662000", "incomeTaxExpense": "17140000", "interestAndDebtExpense": "None", "netIncomeFromContinuingOperations": "115522000", "comprehensiveIncomeNetOfTax": "None", "ebit": "238682000", "ebitda": "260478000", "netIncome": "109566000"}, {"fiscalDateEnding": "2010-12-31", "reportedCurrency": "USD", "grossProfit": "384760000", "totalRevenue": "1133416000", "costOfRevenue": "748656000", "costofGoodsAndServicesSold": "748656000", "operatingIncome": "-298512000", "sellingGeneralAndAdministrative": "226800000", "researchAndDevelopment": "0", "operatingExpenses": "286894000", "investmentIncomeNet": "None", "netInterestIncome": "None", "interestIncome": "None", "interestExpense": "34093000", "nonInterestIncome": "None", "otherNonOperatingIncome": "-291000", "depreciation": "None", "depreciationAndAmortization": "24405000", "incomeBeforeTax": "-334082000", "incomeTaxExpense": "23000", "interestAndDebtExpense": "None", "netIncomeFromContinuingOperations": "-334105000", "comprehensiveIncomeNetOfTax": "None", "ebit": "-229559000", "ebitda": "-205154000", "netIncome": "-336669000"}, {"fiscalDateEnding": "2009-12-31", "reportedCurrency": "USD", "grossProfit": "429368000", "totalRevenue": "1202551000", "costOfRevenue": "773183000", "costofGoodsAndServicesSold": "773183000", "operatingIncome": "166926000", "sellingGeneralAndAdministrative": "234000000", "researchAndDevelopment": "None", "operatingExpenses": "262442000", "investmentIncomeNet": "None", "netInterestIncome": "None", "interestIncome": "None", "interestExpense": "21682000", "nonInterestIncome": "None", "otherNonOperatingIncome": "None", "depreciation": "None", "depreciationAndAmortization": "28447000", "incomeBeforeTax": "149107000", "incomeTaxExpense": "39725000", "interestAndDebtExpense": "None", "netIncomeFromContinuingOperations": "None", "comprehensiveIncomeNetOfTax": "None", "ebit": "234754000", "ebitda": "263201000", "netIncome": "114441000"}, {"fiscalDateEnding": "2008-12-31", "reportedCurrency": "USD", "grossProfit": "510709000", "totalRevenue": "1343493000", "costOfRevenue": "832784000", "costofGoodsAndServicesSold": "832784000", "operatingIncome": "-449762000", "sellingGeneralAndAdministrative": "230200000", "researchAndDevelopment": "None", "operatingExpenses": "260471000", "investmentIncomeNet": "None", "netInterestIncome": "None", "interestIncome": "None", "interestExpense": "14009000", "nonInterestIncome": "None", "otherNonOperatingIncome": "None", "depreciation": "None", "depreciationAndAmortization": "30312000", "incomeBeforeTax": "-461010000", "incomeTaxExpense": "61944000", "interestAndDebtExpense": "None", "netIncomeFromContinuingOperations": "None", "comprehensiveIncomeNetOfTax": "None", "ebit": "-386130000", "ebitda": "-355818000", "netIncome": "-521843000"}, {"fiscalDateEnding": "2007-12-31", "reportedCurrency": "USD", "grossProfit": "478191000", "totalRevenue": "1230626000", "costOfRevenue": "752435000", "costofGoodsAndServicesSold": "752435000", "operatingIncome": "227191000", "sellingGeneralAndAdministrative": "217500000", "researchAndDevelopment": "None", "operatingExpenses": "251000000", "investmentIncomeNet": "None", "netInterestIncome": "None", "interestIncome": "None", "interestExpense": "14833000", "nonInterestIncome": "None", "otherNonOperatingIncome": "None", "depreciation": "None", "depreciationAndAmortization": "88916000", "incomeBeforeTax": "217422000", "incomeTaxExpense": "59400000", "interestAndDebtExpense": "None", "netIncomeFromContinuingOperations": "None", "comprehensiveIncomeNetOfTax": "None", "ebit": "232889000", "ebitda": "321805000", "netIncome": "154406000"}, {"fiscalDateEnding": "2006-12-31", "reportedCurrency": "USD", "grossProfit": "406607000", "totalRevenue": "1058385000", "costOfRevenue": "651778000", "costofGoodsAndServicesSold": "651778000", "operatingIncome": "188173000", "sellingGeneralAndAdministrative": "180800000", "researchAndDevelopment": "None", "operatingExpenses": "218434000", "investmentIncomeNet": "None", "netInterestIncome": "None", "interestIncome": "None", "interestExpense": "193237000", "nonInterestIncome": "None", "otherNonOperatingIncome": "None", "depreciation": "None", "depreciationAndAmortization": "85130000", "incomeBeforeTax": "176564000", "incomeTaxExpense": "49738000", "interestAndDebtExpense": "None", "netIncomeFromContinuingOperations": "None", "comprehensiveIncomeNetOfTax": "None", "ebit": "188173000", "ebitda": "273303000", "netIncome": "-55783000"}, {"fiscalDateEnding": "2005-12-31", "reportedCurrency": "USD", "grossProfit": "428735000", "totalRevenue": "1122228000", "costOfRevenue": "693493000", "costofGoodsAndServicesSold": "693493000", "operatingIncome": "181019000", "sellingGeneralAndAdministrative": "189544000", "researchAndDevelopment": "None", "operatingExpenses": "247716000", "investmentIncomeNet": "None", "netInterestIncome": "None", "interestIncome": "None", "interestExpense": "22618000", "nonInterestIncome": "None", "otherNonOperatingIncome": "None", "depreciation": "None", "depreciationAndAmortization": "104637000", "incomeBeforeTax": "160413000", "incomeTaxExpense": "16576000", "interestAndDebtExpense": "None", "netIncomeFromContinuingOperations": "None", "comprehensiveIncomeNetOfTax": "None", "ebit": "170174000", "ebitda": "274811000", "netIncome": "141999000"}], "quarterlyReports": [{"fiscalDateEnding": "2024-12-31", "reportedCurrency": "USD", "grossProfit": "284244000", "totalRevenue": "1002549000", "costOfRevenue": "718305000", "costofGoodsAndServicesSold": "718305000", "operatingIncome": "-167687000", "sellingGeneralAndAdministrative": "195708000", "researchAndDevelopment": "None", "operatingExpenses": "451931000", "investmentIncomeNet": "None", "netInterestIncome": "-26399000", "interestIncome": "1835000", "interestExpense": "28234000", "nonInterestIncome": "None", "otherNonOperatingIncome": "None", "depreciation": "None", "depreciationAndAmortization": "102104000", "incomeBeforeTax": "-216791000", "incomeTaxExpense": "-3044000", "interestAndDebtExpense": "None", "netIncomeFromContinuingOperations": "-213747000", "comprehensiveIncomeNetOfTax": "None", "ebit": "-188557000", "ebitda": "-86453000", "netIncome": "-213747000"}, {"fiscalDateEnding": "2024-09-30", "reportedCurrency": "USD", "grossProfit": "349021000", "totalRevenue": "1009763000", "costOfRevenue": "660742000", "costofGoodsAndServicesSold": "660742000", "operatingIncome": "117405000", "sellingGeneralAndAdministrative": "199213000", "researchAndDevelopment": "None", "operatingExpenses": "199213000", "investmentIncomeNet": "None", "netInterestIncome": "-28756000", "interestIncome": "1528000", "interestExpense": "30284000", "nonInterestIncome": "None", "otherNonOperatingIncome": "None", "depreciation": "None", "depreciationAndAmortization": "88198000", "incomeBeforeTax": "91241000", "incomeTaxExpense": "20946000", "interestAndDebtExpense": "None", "netIncomeFromContinuingOperations": "70295000", "comprehensiveIncomeNetOfTax": "None", "ebit": "121525000", "ebitda": "209723000", "netIncome": "68679000"}, {"fiscalDateEnding": "2024-06-30", "reportedCurrency": "USD", "grossProfit": "335462000", "totalRevenue": "1026117000", "costOfRevenue": "690655000", "costofGoodsAndServicesSold": "690655000", "operatingIncome": "169607000", "sellingGeneralAndAdministrative": "169791000", "researchAndDevelopment": "None", "operatingExpenses": "165855000", "investmentIncomeNet": "None", "netInterestIncome": "-29759000", "interestIncome": "3010000", "interestExpense": "32769000", "nonInterestIncome": "None", "otherNonOperatingIncome": "None", "depreciation": "None", "depreciationAndAmortization": "86082000", "incomeBeforeTax": "119653000", "incomeTaxExpense": "25392000", "interestAndDebtExpense": "None", "netIncomeFromContinuingOperations": "94261000", "comprehensiveIncomeNetOfTax": "None", "ebit": "152422000", "ebitda": "238504000", "netIncome": "89988000"}, {"fiscalDateEnding": "2024-03-31", "reportedCurrency": "USD", "grossProfit": "320194000", "totalRevenue": "1011560000", "costOfRevenue": "691366000", "costofGoodsAndServicesSold": "691366000", "operatingIncome": "142976000", "sellingGeneralAndAdministrative": "186291000", "researchAndDevelopment": "None", "operatingExpenses": "177218000", "investmentIncomeNet": "None", "netInterestIncome": "-32799000", "interestIncome": "2202000", "interestExpense": "35001000", "nonInterestIncome": "None", "otherNonOperatingIncome": "None", "depreciation": "None", "depreciationAndAmortization": "85357000", "incomeBeforeTax": "99011000", "incomeTaxExpense": "24529000", "interestAndDebtExpense": "None", "netIncomeFromContinuingOperations": "74482000", "comprehensiveIncomeNetOfTax": "None", "ebit": "134012000", "ebitda": "219369000", "netIncome": "67329000"}, {"fiscalDateEnding": "2023-12-31", "reportedCurrency": "USD", "grossProfit": "364085000", "totalRevenue": "1013476000", "costOfRevenue": "649391000", "costofGoodsAndServicesSold": "649391000", "operatingIncome": "132922000", "sellingGeneralAndAdministrative": "197142000", "researchAndDevelopment": "None", "operatingExpenses": "231163000", "investmentIncomeNet": "None", "netInterestIncome": "-31953000", "interestIncome": "1591000", "interestExpense": "33544000", "nonInterestIncome": "None", "otherNonOperatingIncome": "None", "depreciation": "None", "depreciationAndAmortization": "80514000", "incomeBeforeTax": "208706000", "incomeTaxExpense": "19754000", "interestAndDebtExpense": "None", "netIncomeFromContinuingOperations": "188952000", "comprehensiveIncomeNetOfTax": "None", "ebit": "242250000", "ebitda": "322764000", "netIncome": "187084000"}, {"fiscalDateEnding": "2023-09-30", "reportedCurrency": "USD", "grossProfit": "361840000", "totalRevenue": "1026623000", "costOfRevenue": "664783000", "costofGoodsAndServicesSold": "664783000", "operatingIncome": "151502000", "sellingGeneralAndAdministrative": "176109000", "researchAndDevelopment": "None", "operatingExpenses": "210338000", "investmentIncomeNet": "None", "netInterestIncome": "-32369000", "interestIncome": "1373000", "interestExpense": "33742000", "nonInterestIncome": "None", "otherNonOperatingIncome": "None", "depreciation": "None", "depreciationAndAmortization": "78870000", "incomeBeforeTax": "112873000", "incomeTaxExpense": "24852000", "interestAndDebtExpense": "None", "netIncomeFromContinuingOperations": "88021000", "comprehensiveIncomeNetOfTax": "None", "ebit": "146615000", "ebitda": "225485000", "netIncome": "87389000"}, {"fiscalDateEnding": "2023-06-30", "reportedCurrency": "USD", "grossProfit": "398977000", "totalRevenue": "1059937000", "costOfRevenue": "660960000", "costofGoodsAndServicesSold": "660960000", "operatingIncome": "164945000", "sellingGeneralAndAdministrative": "199758000", "researchAndDevelopment": "None", "operatingExpenses": "234032000", "investmentIncomeNet": "None", "netInterestIncome": "-33618000", "interestIncome": "1426000", "interestExpense": "35044000", "nonInterestIncome": "None", "otherNonOperatingIncome": "-1237000", "depreciation": "None", "depreciationAndAmortization": "77671000", "incomeBeforeTax": "128664000", "incomeTaxExpense": "29221000", "interestAndDebtExpense": "None", "netIncomeFromContinuingOperations": "99443000", "comprehensiveIncomeNetOfTax": "None", "ebit": "163708000", "ebitda": "241379000", "netIncome": "97020000"}, {"fiscalDateEnding": "2023-03-31", "reportedCurrency": "USD", "grossProfit": "380803000", "totalRevenue": "1029373000", "costOfRevenue": "648570000", "costofGoodsAndServicesSold": "648570000", "operatingIncome": "172178000", "sellingGeneralAndAdministrative": "174846000", "researchAndDevelopment": "None", "operatingExpenses": "216188000", "investmentIncomeNet": "None", "netInterestIncome": "-33574000", "interestIncome": "33574000", "interestExpense": "34380000", "nonInterestIncome": "None", "otherNonOperatingIncome": "-2471000", "depreciation": "None", "depreciationAndAmortization": "77069000", "incomeBeforeTax": "131041000", "incomeTaxExpense": "27087000", "interestAndDebtExpense": "None", "netIncomeFromContinuingOperations": "103954000", "comprehensiveIncomeNetOfTax": "None", "ebit": "172178000", "ebitda": "249247000", "netIncome": "103131000"}, {"fiscalDateEnding": "2022-12-31", "reportedCurrency": "USD", "grossProfit": "398884000", "totalRevenue": "1099843000", "costOfRevenue": "700959000", "costofGoodsAndServicesSold": "700959000", "operatingIncome": "279700000", "sellingGeneralAndAdministrative": "199640000", "researchAndDevelopment": "None", "operatingExpenses": "235074000", "investmentIncomeNet": "None", "netInterestIncome": "-34436000", "interestIncome": "343000", "interestExpense": "34779000", "nonInterestIncome": "None", "otherNonOperatingIncome": "115890000", "depreciation": "None", "depreciationAndAmortization": "77545000", "incomeBeforeTax": "244921000", "incomeTaxExpense": "55815000", "interestAndDebtExpense": "None", "netIncomeFromContinuingOperations": "189106000", "comprehensiveIncomeNetOfTax": "None", "ebit": "279700000", "ebitda": "357245000", "netIncome": "187410000"}, {"fiscalDateEnding": "2022-09-30", "reportedCurrency": "USD", "grossProfit": "370223000", "totalRevenue": "989157000", "costOfRevenue": "618934000", "costofGoodsAndServicesSold": "618934000", "operatingIncome": "150976000", "sellingGeneralAndAdministrative": "183714000", "researchAndDevelopment": "None", "operatingExpenses": "219247000", "investmentIncomeNet": "None", "netInterestIncome": "-11253000", "interestIncome": "11253000", "interestExpense": "11375000", "nonInterestIncome": "None", "otherNonOperatingIncome": "-16494000", "depreciation": "None", "depreciationAndAmortization": "74605000", "incomeBeforeTax": "123107000", "incomeTaxExpense": "25495000", "interestAndDebtExpense": "None", "netIncomeFromContinuingOperations": "97612000", "comprehensiveIncomeNetOfTax": "None", "ebit": "151888000", "ebitda": "226493000", "netIncome": "96473000"}, {"fiscalDateEnding": "2022-06-30", "reportedCurrency": "USD", "grossProfit": "318555000", "totalRevenue": "973131000", "costOfRevenue": "654576000", "costofGoodsAndServicesSold": "654576000", "operatingIncome": "188775000", "sellingGeneralAndAdministrative": "131711000", "researchAndDevelopment": "None", "operatingExpenses": "129780000", "investmentIncomeNet": "None", "netInterestIncome": "-3515000", "interestIncome": "188000", "interestExpense": "3703000", "nonInterestIncome": "None", "otherNonOperatingIncome": "-39595000", "depreciation": "None", "depreciationAndAmortization": "76421000", "incomeBeforeTax": "144113000", "incomeTaxExpense": "33448999", "interestAndDebtExpense": "None", "netIncomeFromContinuingOperations": "110664000", "comprehensiveIncomeNetOfTax": "None", "ebit": "168338000", "ebitda": "244759000", "netIncome": "109321000"}, {"fiscalDateEnding": "2022-03-31", "reportedCurrency": "USD", "grossProfit": "336818000", "totalRevenue": "913929000", "costOfRevenue": "577111000", "costofGoodsAndServicesSold": "577111000", "operatingIncome": "148778000", "sellingGeneralAndAdministrative": "150033000", "researchAndDevelopment": "None", "operatingExpenses": "188040000", "investmentIncomeNet": "None", "netInterestIncome": "-9307000", "interestIncome": "127000", "interestExpense": "9434000", "nonInterestIncome": "None", "otherNonOperatingIncome": "-28498000", "depreciation": "None", "depreciationAndAmortization": "75299000", "incomeBeforeTax": "110846000", "incomeTaxExpense": "15620000", "interestAndDebtExpense": "None", "netIncomeFromContinuingOperations": "95226000", "comprehensiveIncomeNetOfTax": "None", "ebit": "110846000", "ebitda": "186145000", "netIncome": "93022000"}, {"fiscalDateEnding": "2021-12-31", "reportedCurrency": "USD", "grossProfit": "347112000", "totalRevenue": "905050000", "costOfRevenue": "557938000", "costofGoodsAndServicesSold": "557938000", "operatingIncome": "172807000", "sellingGeneralAndAdministrative": "144112000", "researchAndDevelopment": "None", "operatingExpenses": "174305000", "investmentIncomeNet": "None", "netInterestIncome": "-11237000", "interestIncome": "11237000", "interestExpense": "11546000", "nonInterestIncome": "None", "otherNonOperatingIncome": "2381000", "depreciation": "None", "depreciationAndAmortization": "68102000", "incomeBeforeTax": "163642000", "incomeTaxExpense": "23815000", "interestAndDebtExpense": "None", "netIncomeFromContinuingOperations": "139827000", "comprehensiveIncomeNetOfTax": "None", "ebit": "184939000", "ebitda": "253041000", "netIncome": "137578000"}, {"fiscalDateEnding": "2021-09-30", "reportedCurrency": "USD", "grossProfit": "337227000", "totalRevenue": "895937000", "costOfRevenue": "558710000", "costofGoodsAndServicesSold": "558710000", "operatingIncome": "155802000", "sellingGeneralAndAdministrative": "148573000", "researchAndDevelopment": "None", "operatingExpenses": "181425000", "investmentIncomeNet": "None", "netInterestIncome": "-16318000", "interestIncome": "137000", "interestExpense": "16455000", "nonInterestIncome": "None", "otherNonOperatingIncome": "-16077000", "depreciation": "None", "depreciationAndAmortization": "68686000", "incomeBeforeTax": "123270000", "incomeTaxExpense": "18111000", "interestAndDebtExpense": "None", "netIncomeFromContinuingOperations": "105159000", "comprehensiveIncomeNetOfTax": "None", "ebit": "144773000", "ebitda": "213459000", "netIncome": "103426000"}, {"fiscalDateEnding": "2021-06-30", "reportedCurrency": "USD", "grossProfit": "342021000", "totalRevenue": "914607000", "costOfRevenue": "572586000", "costofGoodsAndServicesSold": "572586000", "operatingIncome": "137550000", "sellingGeneralAndAdministrative": "167885000", "researchAndDevelopment": "None", "operatingExpenses": "204471000", "investmentIncomeNet": "None", "netInterestIncome": "-16019000", "interestIncome": "16019000", "interestExpense": "16190000", "nonInterestIncome": "None", "otherNonOperatingIncome": "6136000", "depreciation": "None", "depreciationAndAmortization": "68105000", "incomeBeforeTax": "127496000", "incomeTaxExpense": "37580000", "interestAndDebtExpense": "None", "netIncomeFromContinuingOperations": "89916000", "comprehensiveIncomeNetOfTax": "None", "ebit": "149041000", "ebitda": "217146000", "netIncome": "88448000"}, {"fiscalDateEnding": "2021-03-31", "reportedCurrency": "USD", "grossProfit": "308278000", "totalRevenue": "824566000", "costOfRevenue": "516288000", "costofGoodsAndServicesSold": "516288000", "operatingIncome": "123703000", "sellingGeneralAndAdministrative": "155733000", "researchAndDevelopment": "None", "operatingExpenses": "184575000", "investmentIncomeNet": "None", "netInterestIncome": "-29684000", "interestIncome": "35000", "interestExpense": "29719000", "nonInterestIncome": "None", "otherNonOperatingIncome": "-27682000", "depreciation": "None", "depreciationAndAmortization": "61508000", "incomeBeforeTax": "66302000", "incomeTaxExpense": "2367000", "interestAndDebtExpense": "None", "netIncomeFromContinuingOperations": "63935000", "comprehensiveIncomeNetOfTax": "None", "ebit": "96021000", "ebitda": "157529000", "netIncome": "61530000"}, {"fiscalDateEnding": "2020-12-31", "reportedCurrency": "USD", "grossProfit": "299968000", "totalRevenue": "790990000", "costOfRevenue": "491022000", "costofGoodsAndServicesSold": "491022000", "operatingIncome": "128927000", "sellingGeneralAndAdministrative": "153938000", "researchAndDevelopment": "None", "operatingExpenses": "171041000", "investmentIncomeNet": "None", "netInterestIncome": "-33084000", "interestIncome": "63000", "interestExpense": "33147000", "nonInterestIncome": "None", "otherNonOperatingIncome": "76647000", "depreciation": "None", "depreciationAndAmortization": "60876000", "incomeBeforeTax": "172427000", "incomeTaxExpense": "28237000", "interestAndDebtExpense": "None", "netIncomeFromContinuingOperations": "144190000", "comprehensiveIncomeNetOfTax": "None", "ebit": "190182000", "ebitda": "251058000", "netIncome": "143191000"}, {"fiscalDateEnding": "2020-09-30", "reportedCurrency": "USD", "grossProfit": "289274000", "totalRevenue": "743300000", "costOfRevenue": "454026000", "costofGoodsAndServicesSold": "454026000", "operatingIncome": "132753000", "sellingGeneralAndAdministrative": "128289000", "researchAndDevelopment": "None", "operatingExpenses": "156521000", "investmentIncomeNet": "None", "netInterestIncome": "-18688000", "interestIncome": "18688000", "interestExpense": "18867000", "nonInterestIncome": "None", "otherNonOperatingIncome": "21390000", "depreciation": "None", "depreciationAndAmortization": "59580000", "incomeBeforeTax": "135276000", "incomeTaxExpense": "32665000", "interestAndDebtExpense": "None", "netIncomeFromContinuingOperations": "102611000", "comprehensiveIncomeNetOfTax": "None", "ebit": "154143000", "ebitda": "213723000", "netIncome": "102909000"}, {"fiscalDateEnding": "2020-06-30", "reportedCurrency": "USD", "grossProfit": "232238000", "totalRevenue": "682584000", "costOfRevenue": "450346000", "costofGoodsAndServicesSold": "450346000", "operatingIncome": "76768000", "sellingGeneralAndAdministrative": "122590000", "researchAndDevelopment": "None", "operatingExpenses": "155470000", "investmentIncomeNet": "None", "netInterestIncome": "-19076000", "interestIncome": "276000", "interestExpense": "19352000", "nonInterestIncome": "None", "otherNonOperatingIncome": "26536000", "depreciation": "None", "depreciationAndAmortization": "57208000", "incomeBeforeTax": "83952000", "incomeTaxExpense": "16284000", "interestAndDebtExpense": "None", "netIncomeFromContinuingOperations": "67668000", "comprehensiveIncomeNetOfTax": "None", "ebit": "103304000", "ebitda": "160512000", "netIncome": "67435000"}, {"fiscalDateEnding": "2020-03-31", "reportedCurrency": "USD", "grossProfit": "252061000", "totalRevenue": "707059000", "costOfRevenue": "454998000", "costofGoodsAndServicesSold": "454998000", "operatingIncome": "94281000", "sellingGeneralAndAdministrative": "124118000", "researchAndDevelopment": "None", "operatingExpenses": "157780000", "investmentIncomeNet": "None", "netInterestIncome": "-14751000", "interestIncome": "316000", "interestExpense": "15067000", "nonInterestIncome": "None", "otherNonOperatingIncome": "-23755000", "depreciation": "None", "depreciationAndAmortization": "57260000", "incomeBeforeTax": "55459000", "incomeTaxExpense": "4622000", "interestAndDebtExpense": "None", "netIncomeFromContinuingOperations": "50837000", "comprehensiveIncomeNetOfTax": "None", "ebit": "76593000", "ebitda": "133853000", "netIncome": "50769000"}, {"fiscalDateEnding": "2019-12-31", "reportedCurrency": "USD", "grossProfit": "262314000", "totalRevenue": "691138000", "costOfRevenue": "428824000", "costofGoodsAndServicesSold": "428824000", "operatingIncome": "108789000", "sellingGeneralAndAdministrative": "120402000", "researchAndDevelopment": "None", "operatingExpenses": "153525000", "investmentIncomeNet": "None", "netInterestIncome": "-23678000", "interestIncome": "684000", "interestExpense": "24362000", "nonInterestIncome": "None", "otherNonOperatingIncome": "21138000", "depreciation": "None", "depreciationAndAmortization": "51833000", "incomeBeforeTax": "105565000", "incomeTaxExpense": "25053000", "interestAndDebtExpense": "None", "netIncomeFromContinuingOperations": "80512000", "comprehensiveIncomeNetOfTax": "None", "ebit": "126977000", "ebitda": "178810000", "netIncome": "80348000"}, {"fiscalDateEnding": "2019-09-30", "reportedCurrency": "USD", "grossProfit": "246116000", "totalRevenue": "667951000", "costOfRevenue": "421835000", "costofGoodsAndServicesSold": "421835000", "operatingIncome": "92802000", "sellingGeneralAndAdministrative": "125571000", "researchAndDevelopment": "None", "operatingExpenses": "153314000", "investmentIncomeNet": "None", "netInterestIncome": "-5313000", "interestIncome": "385000", "interestExpense": "5698000", "nonInterestIncome": "None", "otherNonOperatingIncome": "-13869000", "depreciation": "None", "depreciationAndAmortization": "51758000", "incomeBeforeTax": "73235000", "incomeTaxExpense": "-317000", "interestAndDebtExpense": "None", "netIncomeFromContinuingOperations": "73552000", "comprehensiveIncomeNetOfTax": "None", "ebit": "93244000", "ebitda": "145002000", "netIncome": "72810000"}, {"fiscalDateEnding": "2019-06-30", "reportedCurrency": "USD", "grossProfit": "238104000", "totalRevenue": "657568000", "costOfRevenue": "419464000", "costofGoodsAndServicesSold": "419464000", "operatingIncome": "79768000", "sellingGeneralAndAdministrative": "122883000", "researchAndDevelopment": "None", "operatingExpenses": "158336000", "investmentIncomeNet": "None", "netInterestIncome": "-20561000", "interestIncome": "274000", "interestExpense": "20835000", "nonInterestIncome": "None", "otherNonOperatingIncome": "61000", "depreciation": "None", "depreciationAndAmortization": "49146000", "incomeBeforeTax": "58994000", "incomeTaxExpense": "14685000", "interestAndDebtExpense": "None", "netIncomeFromContinuingOperations": "44309000", "comprehensiveIncomeNetOfTax": "None", "ebit": "78223000", "ebitda": "127369000", "netIncome": "43728000"}, {"fiscalDateEnding": "2019-03-31", "reportedCurrency": "USD", "grossProfit": "211777000", "totalRevenue": "604569000", "costOfRevenue": "392792000", "costofGoodsAndServicesSold": "392792000", "operatingIncome": "69792000", "sellingGeneralAndAdministrative": "117241000", "researchAndDevelopment": "None", "operatingExpenses": "141985000", "investmentIncomeNet": "None", "netInterestIncome": "-9808000", "interestIncome": "179000", "interestExpense": "9987000", "nonInterestIncome": "None", "otherNonOperatingIncome": "6485000", "depreciation": "None", "depreciationAndAmortization": "45358000", "incomeBeforeTax": "66290000", "incomeTaxExpense": "10602000", "interestAndDebtExpense": "None", "netIncomeFromContinuingOperations": "55688000", "comprehensiveIncomeNetOfTax": "None", "ebit": "85194000", "ebitda": "130552000", "netIncome": "55133000"}, {"fiscalDateEnding": "2018-12-31", "reportedCurrency": "USD", "grossProfit": "226417000", "totalRevenue": "601530000", "costOfRevenue": "375113000", "costofGoodsAndServicesSold": "375113000", "operatingIncome": "102482000", "sellingGeneralAndAdministrative": "105219000", "researchAndDevelopment": "0", "operatingExpenses": "123935000", "investmentIncomeNet": "None", "netInterestIncome": "None", "interestIncome": "None", "interestExpense": "16741000", "nonInterestIncome": "None", "otherNonOperatingIncome": "-10693000", "depreciation": "None", "depreciationAndAmortization": "17017000", "incomeBeforeTax": "75048000", "incomeTaxExpense": "14850000", "interestAndDebtExpense": "None", "netIncomeFromContinuingOperations": "60198000", "comprehensiveIncomeNetOfTax": "None", "ebit": "116304000", "ebitda": "133321000", "netIncome": "59665000"}, {"fiscalDateEnding": "2018-09-30", "reportedCurrency": "USD", "grossProfit": "216200000", "totalRevenue": "585295000", "costOfRevenue": "369095000", "costofGoodsAndServicesSold": "369095000", "operatingIncome": "84362000", "sellingGeneralAndAdministrative": "107500000", "researchAndDevelopment": "0", "operatingExpenses": "131838000", "investmentIncomeNet": "None", "netInterestIncome": "None", "interestIncome": "None", "interestExpense": "17197000", "nonInterestIncome": "None", "otherNonOperatingIncome": "6140000", "depreciation": "None", "depreciationAndAmortization": "43592000", "incomeBeforeTax": "73305000", "incomeTaxExpense": "12403000", "interestAndDebtExpense": "None", "netIncomeFromContinuingOperations": "60902000", "comprehensiveIncomeNetOfTax": "None", "ebit": "90502000", "ebitda": "134094000", "netIncome": "60368000"}, {"fiscalDateEnding": "2018-06-30", "reportedCurrency": "USD", "grossProfit": "215981000", "totalRevenue": "585301000", "costOfRevenue": "369320000", "costofGoodsAndServicesSold": "369320000", "operatingIncome": "76710000", "sellingGeneralAndAdministrative": "120531000", "researchAndDevelopment": "0", "operatingExpenses": "139271000", "investmentIncomeNet": "None", "netInterestIncome": "None", "interestIncome": "None", "interestExpense": "18643000", "nonInterestIncome": "None", "otherNonOperatingIncome": "12221000", "depreciation": "None", "depreciationAndAmortization": "43396000", "incomeBeforeTax": "70288000", "incomeTaxExpense": "17438000", "interestAndDebtExpense": "None", "netIncomeFromContinuingOperations": "52850000", "comprehensiveIncomeNetOfTax": "None", "ebit": "88931000", "ebitda": "132327000", "netIncome": "53709000"}, {"fiscalDateEnding": "2018-03-31", "reportedCurrency": "USD", "grossProfit": "181469000", "totalRevenue": "493970000", "costOfRevenue": "312501000", "costofGoodsAndServicesSold": "312501000", "operatingIncome": "67829000", "sellingGeneralAndAdministrative": "103372000", "researchAndDevelopment": "0", "operatingExpenses": "113640000", "investmentIncomeNet": "None", "netInterestIncome": "None", "interestIncome": "None", "interestExpense": "11191000", "nonInterestIncome": "None", "otherNonOperatingIncome": "6402000", "depreciation": "None", "depreciationAndAmortization": "33210000", "incomeBeforeTax": "63040000", "incomeTaxExpense": "9772000", "interestAndDebtExpense": "None", "netIncomeFromContinuingOperations": "53268000", "comprehensiveIncomeNetOfTax": "None", "ebit": "74231000", "ebitda": "107441000", "netIncome": "52631000"}, {"fiscalDateEnding": "2017-12-31", "reportedCurrency": "USD", "grossProfit": "167749000", "totalRevenue": "478477000", "costOfRevenue": "310728000", "costofGoodsAndServicesSold": "310728000", "operatingIncome": "62732000", "sellingGeneralAndAdministrative": "90500000", "researchAndDevelopment": "0", "operatingExpenses": "105017000", "investmentIncomeNet": "None", "netInterestIncome": "None", "interestIncome": "None", "interestExpense": "7724000", "nonInterestIncome": "None", "otherNonOperatingIncome": "14045000", "depreciation": "None", "depreciationAndAmortization": "10457000", "incomeBeforeTax": "69053000", "incomeTaxExpense": "98097000", "interestAndDebtExpense": "None", "netIncomeFromContinuingOperations": "-29044000", "comprehensiveIncomeNetOfTax": "None", "ebit": "76777000", "ebitda": "87234000", "netIncome": "-29849000"}, {"fiscalDateEnding": "2017-09-30", "reportedCurrency": "USD", "grossProfit": "177204000", "totalRevenue": "464232000", "costOfRevenue": "287028000", "costofGoodsAndServicesSold": "287028000", "operatingIncome": "73984000", "sellingGeneralAndAdministrative": "92863000", "researchAndDevelopment": "0", "operatingExpenses": "103220000", "investmentIncomeNet": "None", "netInterestIncome": "None", "interestIncome": "None", "interestExpense": "7667000", "nonInterestIncome": "None", "otherNonOperatingIncome": "6622000", "depreciation": "None", "depreciationAndAmortization": "33465000", "incomeBeforeTax": "72939000", "incomeTaxExpense": "19945000", "interestAndDebtExpense": "None", "netIncomeFromContinuingOperations": "52994000", "comprehensiveIncomeNetOfTax": "None", "ebit": "80606000", "ebitda": "114071000", "netIncome": "52474000"}, {"fiscalDateEnding": "2017-06-30", "reportedCurrency": "USD", "grossProfit": "185662000", "totalRevenue": "469129000", "costOfRevenue": "283467000", "costofGoodsAndServicesSold": "283467000", "operatingIncome": "81310000", "sellingGeneralAndAdministrative": "93600000", "researchAndDevelopment": "0", "operatingExpenses": "104352000", "investmentIncomeNet": "None", "netInterestIncome": "None", "interestIncome": "None", "interestExpense": "7403000", "nonInterestIncome": "None", "otherNonOperatingIncome": "3009000", "depreciation": "None", "depreciationAndAmortization": "31799000", "incomeBeforeTax": "76916000", "incomeTaxExpense": "22243000", "interestAndDebtExpense": "None", "netIncomeFromContinuingOperations": "54673000", "comprehensiveIncomeNetOfTax": "None", "ebit": "84319000", "ebitda": "116118000", "netIncome": "53952000"}, {"fiscalDateEnding": "2017-03-31", "reportedCurrency": "USD", "grossProfit": "171699000", "totalRevenue": "445763000", "costOfRevenue": "274064000", "costofGoodsAndServicesSold": "274064000", "operatingIncome": "69472000", "sellingGeneralAndAdministrative": "90100000", "researchAndDevelopment": "0", "operatingExpenses": "102227000", "investmentIncomeNet": "None", "netInterestIncome": "None", "interestIncome": "None", "interestExpense": "6983000", "nonInterestIncome": "None", "otherNonOperatingIncome": "15558000", "depreciation": "None", "depreciationAndAmortization": "32411000", "incomeBeforeTax": "78047000", "incomeTaxExpense": "31084000", "interestAndDebtExpense": "None", "netIncomeFromContinuingOperations": "46963000", "comprehensiveIncomeNetOfTax": "None", "ebit": "85030000", "ebitda": "117441000", "netIncome": "46778000"}, {"fiscalDateEnding": "2016-12-31", "reportedCurrency": "USD", "grossProfit": "179881000", "totalRevenue": "466789000", "costOfRevenue": "286908000", "costofGoodsAndServicesSold": "286908000", "operatingIncome": "69091000", "sellingGeneralAndAdministrative": "98481000", "researchAndDevelopment": "0", "operatingExpenses": "110790000", "investmentIncomeNet": "None", "netInterestIncome": "None", "interestIncome": "None", "interestExpense": "7510000", "nonInterestIncome": "None", "otherNonOperatingIncome": "2144000", "depreciation": "None", "depreciationAndAmortization": "12309000", "incomeBeforeTax": "63725000", "incomeTaxExpense": "18450000", "interestAndDebtExpense": "None", "netIncomeFromContinuingOperations": "45275000", "comprehensiveIncomeNetOfTax": "None", "ebit": "94468000", "ebitda": "106777000", "netIncome": "44680000"}, {"fiscalDateEnding": "2016-09-30", "reportedCurrency": "USD", "grossProfit": "156270000", "totalRevenue": "425720000", "costOfRevenue": "269450000", "costofGoodsAndServicesSold": "269450000", "operatingIncome": "58795000", "sellingGeneralAndAdministrative": "83200000", "researchAndDevelopment": "0", "operatingExpenses": "97475000", "investmentIncomeNet": "None", "netInterestIncome": "None", "interestIncome": "None", "interestExpense": "7079000", "nonInterestIncome": "None", "otherNonOperatingIncome": "1540000", "depreciation": "None", "depreciationAndAmortization": "34108000", "incomeBeforeTax": "53256000", "incomeTaxExpense": "15565000", "interestAndDebtExpense": "None", "netIncomeFromContinuingOperations": "37691000", "comprehensiveIncomeNetOfTax": "None", "ebit": "60335000", "ebitda": "94443000", "netIncome": "37735000"}, {"fiscalDateEnding": "2016-06-30", "reportedCurrency": "USD", "grossProfit": "169747000", "totalRevenue": "434055000", "costOfRevenue": "264308000", "costofGoodsAndServicesSold": "264308000", "operatingIncome": "58061000", "sellingGeneralAndAdministrative": "91500000", "researchAndDevelopment": "0", "operatingExpenses": "111686000", "investmentIncomeNet": "None", "netInterestIncome": "None", "interestIncome": "None", "interestExpense": "8909000", "nonInterestIncome": "None", "otherNonOperatingIncome": "5238000", "depreciation": "None", "depreciationAndAmortization": "32353000", "incomeBeforeTax": "54390000", "incomeTaxExpense": "18845000", "interestAndDebtExpense": "None", "netIncomeFromContinuingOperations": "35545000", "comprehensiveIncomeNetOfTax": "None", "ebit": "63299000", "ebitda": "95652000", "netIncome": "35207000"}, {"fiscalDateEnding": "2016-03-31", "reportedCurrency": "USD", "grossProfit": "140768000", "totalRevenue": "354868000", "costOfRevenue": "214100000", "costofGoodsAndServicesSold": "214100000", "operatingIncome": "51472000", "sellingGeneralAndAdministrative": "78900000", "researchAndDevelopment": "0", "operatingExpenses": "89296000", "investmentIncomeNet": "None", "netInterestIncome": "None", "interestIncome": "None", "interestExpense": "4211000", "nonInterestIncome": "None", "otherNonOperatingIncome": "4289000", "depreciation": "None", "depreciationAndAmortization": "24655000", "incomeBeforeTax": "51550000", "incomeTaxExpense": "13975000", "interestAndDebtExpense": "None", "netIncomeFromContinuingOperations": "37575000", "comprehensiveIncomeNetOfTax": "None", "ebit": "55761000", "ebitda": "80416000", "netIncome": "37143000"}, {"fiscalDateEnding": "2015-12-31", "reportedCurrency": "USD", "grossProfit": "140574000", "totalRevenue": "353850000", "costOfRevenue": "213276000", "costofGoodsAndServicesSold": "213276000", "operatingIncome": "52269000", "sellingGeneralAndAdministrative": "71700000", "researchAndDevelopment": "0", "operatingExpenses": "88305000", "investmentIncomeNet": "None", "netInterestIncome": "None", "interestIncome": "None", "interestExpense": "3821000", "nonInterestIncome": "None", "otherNonOperatingIncome": "1544000", "depreciation": "None", "depreciationAndAmortization": "6844000", "incomeBeforeTax": "49992000", "incomeTaxExpense": "16729000", "interestAndDebtExpense": "None", "netIncomeFromContinuingOperations": "33263000", "comprehensiveIncomeNetOfTax": "None", "ebit": "72520000", "ebitda": "79364000", "netIncome": "31884000"}, {"fiscalDateEnding": "2015-09-30", "reportedCurrency": "USD", "grossProfit": "138075000", "totalRevenue": "349465000", "costOfRevenue": "211390000", "costofGoodsAndServicesSold": "211390000", "operatingIncome": "55440000", "sellingGeneralAndAdministrative": "72200000", "researchAndDevelopment": "0", "operatingExpenses": "82635000", "investmentIncomeNet": "None", "netInterestIncome": "None", "interestIncome": "None", "interestExpense": "3851000", "nonInterestIncome": "None", "otherNonOperatingIncome": "1567000", "depreciation": "None", "depreciationAndAmortization": "23814000", "incomeBeforeTax": "53156000", "incomeTaxExpense": "15255000", "interestAndDebtExpense": "None", "netIncomeFromContinuingOperations": "37901000", "comprehensiveIncomeNetOfTax": "None", "ebit": "57007000", "ebitda": "80821000", "netIncome": "37379000"}, {"fiscalDateEnding": "2015-06-30", "reportedCurrency": "USD", "grossProfit": "132783000", "totalRevenue": "339573000", "costOfRevenue": "206790000", "costofGoodsAndServicesSold": "206790000", "operatingIncome": "55735000", "sellingGeneralAndAdministrative": "70500000", "researchAndDevelopment": "0", "operatingExpenses": "77048000", "investmentIncomeNet": "None", "netInterestIncome": "None", "interestIncome": "None", "interestExpense": "4376000", "nonInterestIncome": "None", "otherNonOperatingIncome": "8969000", "depreciation": "None", "depreciationAndAmortization": "23148000", "incomeBeforeTax": "60328000", "incomeTaxExpense": "11076000", "interestAndDebtExpense": "None", "netIncomeFromContinuingOperations": "49252000", "comprehensiveIncomeNetOfTax": "None", "ebit": "64704000", "ebitda": "87852000", "netIncome": "48509000"}, {"fiscalDateEnding": "2015-03-31", "reportedCurrency": "USD", "grossProfit": "119660000", "totalRevenue": "320414000", "costOfRevenue": "200754000", "costofGoodsAndServicesSold": "200754000", "operatingIncome": "43005000", "sellingGeneralAndAdministrative": "70700000", "researchAndDevelopment": "0", "operatingExpenses": "76655000", "investmentIncomeNet": "None", "netInterestIncome": "None", "interestIncome": "None", "interestExpense": "3024000", "nonInterestIncome": "None", "otherNonOperatingIncome": "-8029000", "depreciation": "None", "depreciationAndAmortization": "5258000", "incomeBeforeTax": "31952000", "incomeTaxExpense": "331000", "interestAndDebtExpense": "None", "netIncomeFromContinuingOperations": "31621000", "comprehensiveIncomeNetOfTax": "None", "ebit": "52086000", "ebitda": "57344000", "netIncome": "31541000"}, {"fiscalDateEnding": "2014-12-31", "reportedCurrency": "USD", "grossProfit": "119945000", "totalRevenue": "329548000", "costOfRevenue": "209603000", "costofGoodsAndServicesSold": "209603000", "operatingIncome": "40767000", "sellingGeneralAndAdministrative": "69800000", "researchAndDevelopment": "0", "operatingExpenses": "79178000", "investmentIncomeNet": "None", "netInterestIncome": "None", "interestIncome": "None", "interestExpense": "2779000", "nonInterestIncome": "None", "otherNonOperatingIncome": "2198000", "depreciation": "None", "depreciationAndAmortization": "7144000", "incomeBeforeTax": "40186000", "incomeTaxExpense": "11650000", "interestAndDebtExpense": "None", "netIncomeFromContinuingOperations": "28536000", "comprehensiveIncomeNetOfTax": "None", "ebit": "61831000", "ebitda": "68975000", "netIncome": "27166000"}, {"fiscalDateEnding": "2014-09-30", "reportedCurrency": "USD", "grossProfit": "118268000", "totalRevenue": "327567000", "costOfRevenue": "209299000", "costofGoodsAndServicesSold": "209299000", "operatingIncome": "46172000", "sellingGeneralAndAdministrative": "64300000", "researchAndDevelopment": "0", "operatingExpenses": "72096000", "investmentIncomeNet": "None", "netInterestIncome": "None", "interestIncome": "None", "interestExpense": "2997000", "nonInterestIncome": "None", "otherNonOperatingIncome": "707000", "depreciation": "None", "depreciationAndAmortization": "7620000", "incomeBeforeTax": "43882000", "incomeTaxExpense": "11582000", "interestAndDebtExpense": "None", "netIncomeFromContinuingOperations": "32300000", "comprehensiveIncomeNetOfTax": "None", "ebit": "65342000", "ebitda": "72962000", "netIncome": "32036000"}, {"fiscalDateEnding": "2014-06-30", "reportedCurrency": "USD", "grossProfit": "125634000", "totalRevenue": "341179000", "costOfRevenue": "215545000", "costofGoodsAndServicesSold": "215545000", "operatingIncome": "51025000", "sellingGeneralAndAdministrative": "65900000", "researchAndDevelopment": "0", "operatingExpenses": "74609000", "investmentIncomeNet": "None", "netInterestIncome": "None", "interestIncome": "None", "interestExpense": "3373000", "nonInterestIncome": "None", "otherNonOperatingIncome": "2889000", "depreciation": "None", "depreciationAndAmortization": "24302000", "incomeBeforeTax": "50541000", "incomeTaxExpense": "14081000", "interestAndDebtExpense": "None", "netIncomeFromContinuingOperations": "36460000", "comprehensiveIncomeNetOfTax": "None", "ebit": "53914000", "ebitda": "78216000", "netIncome": "35264000"}, {"fiscalDateEnding": "2014-03-31", "reportedCurrency": "USD", "grossProfit": "108813000", "totalRevenue": "299368000", "costOfRevenue": "190555000", "costofGoodsAndServicesSold": "190555000", "operatingIncome": "39706000", "sellingGeneralAndAdministrative": "64500000", "researchAndDevelopment": "0", "operatingExpenses": "69107000", "investmentIncomeNet": "None", "netInterestIncome": "None", "interestIncome": "None", "interestExpense": "2801000", "nonInterestIncome": "None", "otherNonOperatingIncome": "6081000", "depreciation": "None", "depreciationAndAmortization": "20050000", "incomeBeforeTax": "42986000", "incomeTaxExpense": "10358000", "interestAndDebtExpense": "None", "netIncomeFromContinuingOperations": "32628000", "comprehensiveIncomeNetOfTax": "None", "ebit": "45787000", "ebitda": "65837000", "netIncome": "32232000"}, {"fiscalDateEnding": "2013-12-31", "reportedCurrency": "USD", "grossProfit": "88195000", "totalRevenue": "289228000", "costOfRevenue": "201033000", "costofGoodsAndServicesSold": "201033000", "operatingIncome": "24607000", "sellingGeneralAndAdministrative": "57000000", "researchAndDevelopment": "0", "operatingExpenses": "63588000", "investmentIncomeNet": "None", "netInterestIncome": "None", "interestIncome": "None", "interestExpense": "2826000", "nonInterestIncome": "None", "otherNonOperatingIncome": "1325000", "depreciation": "None", "depreciationAndAmortization": "4914000", "incomeBeforeTax": "23106000", "incomeTaxExpense": "3580000", "interestAndDebtExpense": "None", "netIncomeFromContinuingOperations": "19526000", "comprehensiveIncomeNetOfTax": "None", "ebit": "24607000", "ebitda": "29521000", "netIncome": "19099000"}, {"fiscalDateEnding": "2013-09-30", "reportedCurrency": "USD", "grossProfit": "99926000", "totalRevenue": "292129000", "costOfRevenue": "192203000", "costofGoodsAndServicesSold": "192203000", "operatingIncome": "40843000", "sellingGeneralAndAdministrative": "54900000", "researchAndDevelopment": "0", "operatingExpenses": "59083000", "investmentIncomeNet": "None", "netInterestIncome": "None", "interestIncome": "None", "interestExpense": "2319000", "nonInterestIncome": "None", "otherNonOperatingIncome": "4202000", "depreciation": "None", "depreciationAndAmortization": "4180000", "incomeBeforeTax": "42726000", "incomeTaxExpense": "11390000", "interestAndDebtExpense": "None", "netIncomeFromContinuingOperations": "31336000", "comprehensiveIncomeNetOfTax": "None", "ebit": "40843000", "ebitda": "45023000", "netIncome": "30867000"}, {"fiscalDateEnding": "2013-06-30", "reportedCurrency": "USD", "grossProfit": "102570000", "totalRevenue": "292933000", "costOfRevenue": "190363000", "costofGoodsAndServicesSold": "190363000", "operatingIncome": "43188000", "sellingGeneralAndAdministrative": "54900000", "researchAndDevelopment": "0", "operatingExpenses": "59382000", "investmentIncomeNet": "None", "netInterestIncome": "None", "interestIncome": "None", "interestExpense": "7544000", "nonInterestIncome": "None", "otherNonOperatingIncome": "1203000", "depreciation": "None", "depreciationAndAmortization": "20410000", "incomeBeforeTax": "36847000", "incomeTaxExpense": "8219000", "interestAndDebtExpense": "None", "netIncomeFromContinuingOperations": "28628000", "comprehensiveIncomeNetOfTax": "None", "ebit": "44391000", "ebitda": "64801000", "netIncome": "27284000"}, {"fiscalDateEnding": "2013-03-31", "reportedCurrency": "USD", "grossProfit": "104211000", "totalRevenue": "291238000", "costOfRevenue": "187027000", "costofGoodsAndServicesSold": "187027000", "operatingIncome": "42763000", "sellingGeneralAndAdministrative": "57100000", "researchAndDevelopment": "0", "operatingExpenses": "61448000", "investmentIncomeNet": "None", "netInterestIncome": "None", "interestIncome": "None", "interestExpense": "8280000", "nonInterestIncome": "None", "otherNonOperatingIncome": "1165000", "depreciation": "None", "depreciationAndAmortization": "4249000", "incomeBeforeTax": "35648000", "incomeTaxExpense": "9722000", "interestAndDebtExpense": "None", "netIncomeFromContinuingOperations": "25926000", "comprehensiveIncomeNetOfTax": "None", "ebit": "59689000", "ebitda": "63938000", "netIncome": "25578000"}, {"fiscalDateEnding": "2012-12-31", "reportedCurrency": "USD", "grossProfit": "91025000", "totalRevenue": "280140000", "costOfRevenue": "189115000", "costofGoodsAndServicesSold": "189115000", "operatingIncome": "35069000", "sellingGeneralAndAdministrative": "51300000", "researchAndDevelopment": "0", "operatingExpenses": "55956000", "investmentIncomeNet": "None", "netInterestIncome": "None", "interestIncome": "None", "interestExpense": "8309000", "nonInterestIncome": "None", "otherNonOperatingIncome": "-555000", "depreciation": "None", "depreciationAndAmortization": "4632000", "incomeBeforeTax": "26205000", "incomeTaxExpense": "3488000", "interestAndDebtExpense": "None", "netIncomeFromContinuingOperations": "22717000", "comprehensiveIncomeNetOfTax": "None", "ebit": "50540000", "ebitda": "55172000", "netIncome": "18416000"}, {"fiscalDateEnding": "2012-09-30", "reportedCurrency": "USD", "grossProfit": "93259000", "totalRevenue": "278686000", "costOfRevenue": "185427000", "costofGoodsAndServicesSold": "185427000", "operatingIncome": "37682000", "sellingGeneralAndAdministrative": "51000000", "researchAndDevelopment": "0", "operatingExpenses": "55577000", "investmentIncomeNet": "None", "netInterestIncome": "None", "interestIncome": "None", "interestExpense": "8395000", "nonInterestIncome": "None", "otherNonOperatingIncome": "-768000", "depreciation": "None", "depreciationAndAmortization": "4530000", "incomeBeforeTax": "28395000", "incomeTaxExpense": "6011000", "interestAndDebtExpense": "None", "netIncomeFromContinuingOperations": "22384000", "comprehensiveIncomeNetOfTax": "None", "ebit": "52934000", "ebitda": "57464000", "netIncome": "21972000"}, {"fiscalDateEnding": "2012-06-30", "reportedCurrency": "USD", "grossProfit": "103585000", "totalRevenue": "284723000", "costOfRevenue": "181138000", "costofGoodsAndServicesSold": "181138000", "operatingIncome": "49274000", "sellingGeneralAndAdministrative": "49900000", "researchAndDevelopment": "0", "operatingExpenses": "54311000", "investmentIncomeNet": "None", "netInterestIncome": "None", "interestIncome": "None", "interestExpense": "8079000", "nonInterestIncome": "None", "otherNonOperatingIncome": "-1195000", "depreciation": "None", "depreciationAndAmortization": "20065000", "incomeBeforeTax": "40000000", "incomeTaxExpense": "9453000", "interestAndDebtExpense": "None", "netIncomeFromContinuingOperations": "30547000", "comprehensiveIncomeNetOfTax": "None", "ebit": "48079000", "ebitda": "68144000", "netIncome": "30468000"}, {"fiscalDateEnding": "2012-03-31", "reportedCurrency": "USD", "grossProfit": "104212000", "totalRevenue": "285981000", "costOfRevenue": "181769000", "costofGoodsAndServicesSold": "181769000", "operatingIncome": "43740000", "sellingGeneralAndAdministrative": "55977000", "researchAndDevelopment": "0", "operatingExpenses": "60472000", "investmentIncomeNet": "None", "netInterestIncome": "None", "interestIncome": "None", "interestExpense": "8250000", "nonInterestIncome": "None", "otherNonOperatingIncome": "-159000", "depreciation": "None", "depreciationAndAmortization": "4495000", "incomeBeforeTax": "35146000", "incomeTaxExpense": "8676000", "interestAndDebtExpense": "None", "netIncomeFromContinuingOperations": "26470000", "comprehensiveIncomeNetOfTax": "None", "ebit": "43740000", "ebitda": "48235000", "netIncome": "26439000"}, {"fiscalDateEnding": "2011-12-31", "reportedCurrency": "USD", "grossProfit": "100568000", "totalRevenue": "290962000", "costOfRevenue": "190394000", "costofGoodsAndServicesSold": "190394000", "operatingIncome": "41647000", "sellingGeneralAndAdministrative": "46087000", "researchAndDevelopment": "0", "operatingExpenses": "51429000", "investmentIncomeNet": "None", "netInterestIncome": "None", "interestIncome": "None", "interestExpense": "9967000", "nonInterestIncome": "None", "otherNonOperatingIncome": "974000", "depreciation": "None", "depreciationAndAmortization": "20981000", "incomeBeforeTax": "32654000", "incomeTaxExpense": "5576000", "interestAndDebtExpense": "None", "netIncomeFromContinuingOperations": "27078000", "comprehensiveIncomeNetOfTax": "None", "ebit": "42621000", "ebitda": "63602000", "netIncome": "27115000"}, {"fiscalDateEnding": "2011-09-30", "reportedCurrency": "USD", "grossProfit": "92716000", "totalRevenue": "277579000", "costOfRevenue": "184863000", "costofGoodsAndServicesSold": "184863000", "operatingIncome": "37094000", "sellingGeneralAndAdministrative": "50300000", "researchAndDevelopment": "0", "operatingExpenses": "55622000", "investmentIncomeNet": "None", "netInterestIncome": "None", "interestIncome": "None", "interestExpense": "11806000", "nonInterestIncome": "None", "otherNonOperatingIncome": "-609000", "depreciation": "None", "depreciationAndAmortization": "5277000", "incomeBeforeTax": "24541000", "incomeTaxExpense": "5630000", "interestAndDebtExpense": "None", "netIncomeFromContinuingOperations": "18911000", "comprehensiveIncomeNetOfTax": "None", "ebit": "52376000", "ebitda": "57653000", "netIncome": "18798000"}, {"fiscalDateEnding": "2011-06-30", "reportedCurrency": "USD", "grossProfit": "106320000", "totalRevenue": "288263000", "costOfRevenue": "181943000", "costofGoodsAndServicesSold": "181943000", "operatingIncome": "53314000", "sellingGeneralAndAdministrative": "47200000", "researchAndDevelopment": "0", "operatingExpenses": "53006000", "investmentIncomeNet": "None", "netInterestIncome": "None", "interestIncome": "None", "interestExpense": "10101000", "nonInterestIncome": "None", "otherNonOperatingIncome": "150000", "depreciation": "None", "depreciationAndAmortization": "5797000", "incomeBeforeTax": "42805000", "incomeTaxExpense": "8649000", "interestAndDebtExpense": "None", "netIncomeFromContinuingOperations": "34156000", "comprehensiveIncomeNetOfTax": "None", "ebit": "53314000", "ebitda": "59111000", "netIncome": "32318000"}, {"fiscalDateEnding": "2011-03-31", "reportedCurrency": "USD", "grossProfit": "102638000", "totalRevenue": "285843000", "costOfRevenue": "183205000", "costofGoodsAndServicesSold": "183205000", "operatingIncome": "42251000", "sellingGeneralAndAdministrative": "55000000", "researchAndDevelopment": "0", "operatingExpenses": "60387000", "investmentIncomeNet": "None", "netInterestIncome": "None", "interestIncome": "None", "interestExpense": "9652000", "nonInterestIncome": "None", "otherNonOperatingIncome": "427000", "depreciation": "None", "depreciationAndAmortization": "5380000", "incomeBeforeTax": "32662000", "incomeTaxExpense": "-2715000", "interestAndDebtExpense": "None", "netIncomeFromContinuingOperations": "35377000", "comprehensiveIncomeNetOfTax": "None", "ebit": "42251000", "ebitda": "47631000", "netIncome": "31335000"}, {"fiscalDateEnding": "2010-12-31", "reportedCurrency": "USD", "grossProfit": "93624000", "totalRevenue": "267886000", "costOfRevenue": "174262000", "costofGoodsAndServicesSold": "174262000", "operatingIncome": "-361331000", "sellingGeneralAndAdministrative": "57300000", "researchAndDevelopment": "0", "operatingExpenses": "58577000", "investmentIncomeNet": "None", "netInterestIncome": "None", "interestIncome": "None", "interestExpense": "9526000", "nonInterestIncome": "None", "otherNonOperatingIncome": "None", "depreciation": "None", "depreciationAndAmortization": "21650000", "incomeBeforeTax": "-369256000", "incomeTaxExpense": "-29290000", "interestAndDebtExpense": "None", "netIncomeFromContinuingOperations": "0", "comprehensiveIncomeNetOfTax": "None", "ebit": "-359730000", "ebitda": "-338080000", "netIncome": "-343564000"}, {"fiscalDateEnding": "2010-09-30", "reportedCurrency": "USD", "grossProfit": "90855000", "totalRevenue": "276081000", "costOfRevenue": "185226000", "costofGoodsAndServicesSold": "185226000", "operatingIncome": "5113000", "sellingGeneralAndAdministrative": "47600000", "researchAndDevelopment": "0", "operatingExpenses": "85742000", "investmentIncomeNet": "None", "netInterestIncome": "None", "interestIncome": "None", "interestExpense": "12641000", "nonInterestIncome": "None", "otherNonOperatingIncome": "-1404000", "depreciation": "None", "depreciationAndAmortization": "24148000", "incomeBeforeTax": "-8932000", "incomeTaxExpense": "16302000", "interestAndDebtExpense": "None", "netIncomeFromContinuingOperations": "-25234000", "comprehensiveIncomeNetOfTax": "None", "ebit": "4400000", "ebitda": "28548000", "netIncome": "-24941000"}, {"fiscalDateEnding": "2010-06-30", "reportedCurrency": "USD", "grossProfit": "100364000", "totalRevenue": "292104000", "costOfRevenue": "191740000", "costofGoodsAndServicesSold": "191740000", "operatingIncome": "28204000", "sellingGeneralAndAdministrative": "65200000", "researchAndDevelopment": "0", "operatingExpenses": "72160000", "investmentIncomeNet": "None", "netInterestIncome": "None", "interestIncome": "None", "interestExpense": "7105000", "nonInterestIncome": "None", "otherNonOperatingIncome": "-474000", "depreciation": "None", "depreciationAndAmortization": "6033000", "incomeBeforeTax": "20625000", "incomeTaxExpense": "6530000", "interestAndDebtExpense": "None", "netIncomeFromContinuingOperations": "14095000", "comprehensiveIncomeNetOfTax": "None", "ebit": "28940000", "ebitda": "34973000", "netIncome": "14454000"}, {"fiscalDateEnding": "2010-03-31", "reportedCurrency": "USD", "grossProfit": "99917000", "totalRevenue": "297345000", "costOfRevenue": "197428000", "costofGoodsAndServicesSold": "197428000", "operatingIncome": "29502000", "sellingGeneralAndAdministrative": "62300000", "researchAndDevelopment": "0", "operatingExpenses": "70415000", "investmentIncomeNet": "None", "netInterestIncome": "None", "interestIncome": "None", "interestExpense": "6007000", "nonInterestIncome": "None", "otherNonOperatingIncome": "None", "depreciation": "None", "depreciationAndAmortization": "7174000", "incomeBeforeTax": "23481000", "incomeTaxExpense": "6481000", "interestAndDebtExpense": "None", "netIncomeFromContinuingOperations": "0", "comprehensiveIncomeNetOfTax": "None", "ebit": "29913000", "ebitda": "37087000", "netIncome": "17382000"}, {"fiscalDateEnding": "2009-12-31", "reportedCurrency": "USD", "grossProfit": "100121000", "totalRevenue": "295381000", "costOfRevenue": "195260000", "costofGoodsAndServicesSold": "195260000", "operatingIncome": "31924000", "sellingGeneralAndAdministrative": "59800000", "researchAndDevelopment": "0", "operatingExpenses": "68197000", "investmentIncomeNet": "None", "netInterestIncome": "None", "interestIncome": "None", "interestExpense": "5526000", "nonInterestIncome": "None", "otherNonOperatingIncome": "None", "depreciation": "None", "depreciationAndAmortization": "23845000", "incomeBeforeTax": "26355000", "incomeTaxExpense": "9037000", "interestAndDebtExpense": "None", "netIncomeFromContinuingOperations": "0", "comprehensiveIncomeNetOfTax": "None", "ebit": "31881000", "ebitda": "55726000", "netIncome": "17569000"}, {"fiscalDateEnding": "2009-09-30", "reportedCurrency": "USD", "grossProfit": "106564000", "totalRevenue": "297485000", "costOfRevenue": "190921000", "costofGoodsAndServicesSold": "190921000", "operatingIncome": "44447000", "sellingGeneralAndAdministrative": "49100000", "researchAndDevelopment": "0", "operatingExpenses": "62117000", "investmentIncomeNet": "None", "netInterestIncome": "None", "interestIncome": "None", "interestExpense": "5572000", "nonInterestIncome": "None", "otherNonOperatingIncome": "None", "depreciation": "None", "depreciationAndAmortization": "7988000", "incomeBeforeTax": "40440000", "incomeTaxExpense": "6900000", "interestAndDebtExpense": "None", "netIncomeFromContinuingOperations": "0", "comprehensiveIncomeNetOfTax": "None", "ebit": "43166000", "ebitda": "51154000", "netIncome": "37313000"}, {"fiscalDateEnding": "2009-06-30", "reportedCurrency": "USD", "grossProfit": "114463000", "totalRevenue": "308159000", "costOfRevenue": "193696000", "costofGoodsAndServicesSold": "193696000", "operatingIncome": "50662000", "sellingGeneralAndAdministrative": "56600000", "researchAndDevelopment": "0", "operatingExpenses": "63801000", "investmentIncomeNet": "None", "netInterestIncome": "None", "interestIncome": "None", "interestExpense": "5351000", "nonInterestIncome": "None", "otherNonOperatingIncome": "None", "depreciation": "None", "depreciationAndAmortization": "7219000", "incomeBeforeTax": "47285000", "incomeTaxExpense": "13630000", "interestAndDebtExpense": "None", "netIncomeFromContinuingOperations": "0", "comprehensiveIncomeNetOfTax": "None", "ebit": "49097000", "ebitda": "56316000", "netIncome": "34154000"}, {"fiscalDateEnding": "2009-03-31", "reportedCurrency": "USD", "grossProfit": "108220000", "totalRevenue": "301526000", "costOfRevenue": "193306000", "costofGoodsAndServicesSold": "193306000", "operatingIncome": "39893000", "sellingGeneralAndAdministrative": "62200000", "researchAndDevelopment": "0", "operatingExpenses": "68327000", "investmentIncomeNet": "None", "netInterestIncome": "None", "interestIncome": "None", "interestExpense": "5233000", "nonInterestIncome": "None", "otherNonOperatingIncome": "None", "depreciation": "None", "depreciationAndAmortization": "21970000", "incomeBeforeTax": "35027000", "incomeTaxExpense": "10158000", "interestAndDebtExpense": "None", "netIncomeFromContinuingOperations": "0", "comprehensiveIncomeNetOfTax": "None", "ebit": "40260000", "ebitda": "62230000", "netIncome": "25405000"}, {"fiscalDateEnding": "2008-12-31", "reportedCurrency": "USD", "grossProfit": "112075000", "totalRevenue": "311447000", "costOfRevenue": "199372000", "costofGoodsAndServicesSold": "199372000", "operatingIncome": "-650796000", "sellingGeneralAndAdministrative": "55400000", "researchAndDevelopment": "0", "operatingExpenses": "62871000", "investmentIncomeNet": "None", "netInterestIncome": "None", "interestIncome": "None", "interestExpense": "710999000", "nonInterestIncome": "None", "otherNonOperatingIncome": "None", "depreciation": "None", "depreciationAndAmortization": "22893000", "incomeBeforeTax": "-656380000", "incomeTaxExpense": "6279000", "interestAndDebtExpense": "None", "netIncomeFromContinuingOperations": "0", "comprehensiveIncomeNetOfTax": "None", "ebit": "-648035000", "ebitda": "-625142000", "netIncome": "-661884000"}, {"fiscalDateEnding": "2008-09-30", "reportedCurrency": "USD", "grossProfit": "130270000", "totalRevenue": "342227000", "costOfRevenue": "211957000", "costofGoodsAndServicesSold": "211957000", "operatingIncome": "68211000", "sellingGeneralAndAdministrative": "54500000", "researchAndDevelopment": "0", "operatingExpenses": "62059000", "investmentIncomeNet": "None", "netInterestIncome": "None", "interestIncome": "None", "interestExpense": "4089000", "nonInterestIncome": "None", "otherNonOperatingIncome": "None", "depreciation": "None", "depreciationAndAmortization": "22937000", "incomeBeforeTax": "65524000", "incomeTaxExpense": "20819000", "interestAndDebtExpense": "None", "netIncomeFromContinuingOperations": "0", "comprehensiveIncomeNetOfTax": "None", "ebit": "69112000", "ebitda": "92049000", "netIncome": "45488000"}, {"fiscalDateEnding": "2008-06-30", "reportedCurrency": "USD", "grossProfit": "137987000", "totalRevenue": "352134000", "costOfRevenue": "214147000", "costofGoodsAndServicesSold": "214147000", "operatingIncome": "69323000", "sellingGeneralAndAdministrative": "61100000", "researchAndDevelopment": "0", "operatingExpenses": "68664000", "investmentIncomeNet": "None", "netInterestIncome": "None", "interestIncome": "None", "interestExpense": "1483000", "nonInterestIncome": "None", "otherNonOperatingIncome": "None", "depreciation": "None", "depreciationAndAmortization": "23020000", "incomeBeforeTax": "67849000", "incomeTaxExpense": "17920000", "interestAndDebtExpense": "None", "netIncomeFromContinuingOperations": "0", "comprehensiveIncomeNetOfTax": "None", "ebit": "71113000", "ebitda": "94133000", "netIncome": "49066000"}, {"fiscalDateEnding": "2008-03-31", "reportedCurrency": "USD", "grossProfit": "130377000", "totalRevenue": "337685000", "costOfRevenue": "207308000", "costofGoodsAndServicesSold": "207308000", "operatingIncome": "63500000", "sellingGeneralAndAdministrative": "59300000", "researchAndDevelopment": "0", "operatingExpenses": "66877000", "investmentIncomeNet": "None", "netInterestIncome": "None", "interestIncome": "None", "interestExpense": "2257000", "nonInterestIncome": "None", "otherNonOperatingIncome": "None", "depreciation": "None", "depreciationAndAmortization": "22333000", "incomeBeforeTax": "61997000", "incomeTaxExpense": "16926000", "interestAndDebtExpense": "None", "netIncomeFromContinuingOperations": "0", "comprehensiveIncomeNetOfTax": "None", "ebit": "65452000", "ebitda": "87785000", "netIncome": "44139000"}, {"fiscalDateEnding": "2007-12-31", "reportedCurrency": "USD", "grossProfit": "117763000", "totalRevenue": "318028000", "costOfRevenue": "200265000", "costofGoodsAndServicesSold": "200265000", "operatingIncome": "52134000", "sellingGeneralAndAdministrative": "56500000", "researchAndDevelopment": "0", "operatingExpenses": "65629000", "investmentIncomeNet": "None", "netInterestIncome": "None", "interestIncome": "None", "interestExpense": "2710000", "nonInterestIncome": "None", "otherNonOperatingIncome": "None", "depreciation": "None", "depreciationAndAmortization": "23848000", "incomeBeforeTax": "51128000", "incomeTaxExpense": "12181000", "interestAndDebtExpense": "None", "netIncomeFromContinuingOperations": "0", "comprehensiveIncomeNetOfTax": "None", "ebit": "52134000", "ebitda": "75982000", "netIncome": "36910000"}, {"fiscalDateEnding": "2007-09-30", "reportedCurrency": "USD", "grossProfit": "123899000", "totalRevenue": "313964000", "costOfRevenue": "190065000", "costofGoodsAndServicesSold": "190065000", "operatingIncome": "63631000", "sellingGeneralAndAdministrative": "51800000", "researchAndDevelopment": "0", "operatingExpenses": "60268000", "investmentIncomeNet": "None", "netInterestIncome": "None", "interestIncome": "None", "interestExpense": "4907000", "nonInterestIncome": "None", "otherNonOperatingIncome": "None", "depreciation": "None", "depreciationAndAmortization": "22587000", "incomeBeforeTax": "60442000", "incomeTaxExpense": "16808000", "interestAndDebtExpense": "None", "netIncomeFromContinuingOperations": "0", "comprehensiveIncomeNetOfTax": "None", "ebit": "41044000", "ebitda": "63631000", "netIncome": "42777000"}, {"fiscalDateEnding": "2007-06-30", "reportedCurrency": "USD", "grossProfit": "120956000", "totalRevenue": "307435000", "costOfRevenue": "186479000", "costofGoodsAndServicesSold": "186479000", "operatingIncome": "56725000", "sellingGeneralAndAdministrative": "56092000", "researchAndDevelopment": "0", "operatingExpenses": "64231000", "investmentIncomeNet": "None", "netInterestIncome": "None", "interestIncome": "None", "interestExpense": "4737000", "nonInterestIncome": "None", "otherNonOperatingIncome": "None", "depreciation": "None", "depreciationAndAmortization": "21867000", "incomeBeforeTax": "53061000", "incomeTaxExpense": "15101000", "interestAndDebtExpense": "None", "netIncomeFromContinuingOperations": "0", "comprehensiveIncomeNetOfTax": "None", "ebit": "34858000", "ebitda": "56725000", "netIncome": "37956000"}, {"fiscalDateEnding": "2007-03-31", "reportedCurrency": "USD", "grossProfit": "115573000", "totalRevenue": "291199000", "costOfRevenue": "175626000", "costofGoodsAndServicesSold": "175626000", "operatingIncome": "54701000", "sellingGeneralAndAdministrative": "53017000", "researchAndDevelopment": "0", "operatingExpenses": "60872000", "investmentIncomeNet": "None", "netInterestIncome": "None", "interestIncome": "None", "interestExpense": "2479000", "nonInterestIncome": "None", "otherNonOperatingIncome": "None", "depreciation": "None", "depreciationAndAmortization": "20614000", "incomeBeforeTax": "52791000", "incomeTaxExpense": "15310000", "interestAndDebtExpense": "None", "netIncomeFromContinuingOperations": "0", "comprehensiveIncomeNetOfTax": "None", "ebit": "34087000", "ebitda": "54701000", "netIncome": "36763000"}, {"fiscalDateEnding": "2006-12-31", "reportedCurrency": "USD", "grossProfit": "101730000", "totalRevenue": "271725000", "costOfRevenue": "169995000", "costofGoodsAndServicesSold": "169995000", "operatingIncome": "45154000", "sellingGeneralAndAdministrative": "46800000", "researchAndDevelopment": "0", "operatingExpenses": "56576000", "investmentIncomeNet": "None", "netInterestIncome": "None", "interestIncome": "None", "interestExpense": "4227000", "nonInterestIncome": "None", "otherNonOperatingIncome": "None", "depreciation": "None", "depreciationAndAmortization": "22535000", "incomeBeforeTax": "44469000", "incomeTaxExpense": "12568000", "interestAndDebtExpense": "None", "netIncomeFromContinuingOperations": "0", "comprehensiveIncomeNetOfTax": "None", "ebit": "45154000", "ebitda": "67689000", "netIncome": "35189000"}, {"fiscalDateEnding": "2006-09-30", "reportedCurrency": "USD", "grossProfit": "102262000", "totalRevenue": "264660000", "costOfRevenue": "162398000", "costofGoodsAndServicesSold": "162398000", "operatingIncome": "51921000", "sellingGeneralAndAdministrative": "41211000", "researchAndDevelopment": "0", "operatingExpenses": "50341000", "investmentIncomeNet": "None", "netInterestIncome": "None", "interestIncome": "None", "interestExpense": "52993000", "nonInterestIncome": "None", "otherNonOperatingIncome": "None", "depreciation": "None", "depreciationAndAmortization": "21479000", "incomeBeforeTax": "48062000", "incomeTaxExpense": "15489000", "interestAndDebtExpense": "None", "netIncomeFromContinuingOperations": "0", "comprehensiveIncomeNetOfTax": "None", "ebit": "51921000", "ebitda": "73400000", "netIncome": "-16606000"}, {"fiscalDateEnding": "2006-06-30", "reportedCurrency": "USD", "grossProfit": "107110000", "totalRevenue": "267859000", "costOfRevenue": "160749000", "costofGoodsAndServicesSold": "160749000", "operatingIncome": "47702000", "sellingGeneralAndAdministrative": "50000000", "researchAndDevelopment": "0", "operatingExpenses": "59408000", "investmentIncomeNet": "None", "netInterestIncome": "None", "interestIncome": "None", "interestExpense": "12819000", "nonInterestIncome": "None", "otherNonOperatingIncome": "None", "depreciation": "None", "depreciationAndAmortization": "18126000", "incomeBeforeTax": "43305000", "incomeTaxExpense": "9870000", "interestAndDebtExpense": "None", "netIncomeFromContinuingOperations": "0", "comprehensiveIncomeNetOfTax": "None", "ebit": "29576000", "ebitda": "47702000", "netIncome": "25749000"}, {"fiscalDateEnding": "2006-03-31", "reportedCurrency": "USD", "grossProfit": "103184000", "totalRevenue": "283769000", "costOfRevenue": "180585000", "costofGoodsAndServicesSold": "180585000", "operatingIncome": "-84964000", "sellingGeneralAndAdministrative": "42700000", "researchAndDevelopment": "0", "operatingExpenses": "188148000", "investmentIncomeNet": "None", "netInterestIncome": "None", "interestIncome": "None", "interestExpense": "132061000", "nonInterestIncome": "None", "otherNonOperatingIncome": "None", "depreciation": "None", "depreciationAndAmortization": "22990000", "incomeBeforeTax": "-87674000", "incomeTaxExpense": "12039000", "interestAndDebtExpense": "None", "netIncomeFromContinuingOperations": "0", "comprehensiveIncomeNetOfTax": "None", "ebit": "-87924000", "ebitda": "-64934000", "netIncome": "-100115000"}, {"fiscalDateEnding": "2005-12-31", "reportedCurrency": "USD", "grossProfit": "105545000", "totalRevenue": "291155000", "costOfRevenue": "185610000", "costofGoodsAndServicesSold": "185610000", "operatingIncome": "36276000", "sellingGeneralAndAdministrative": "54099000", "researchAndDevelopment": "0", "operatingExpenses": "69269000", "investmentIncomeNet": "None", "netInterestIncome": "None", "interestIncome": "None", "interestExpense": "4387000", "nonInterestIncome": "None", "otherNonOperatingIncome": "None", "depreciation": "None", "depreciationAndAmortization": "26946000", "incomeBeforeTax": "31479000", "incomeTaxExpense": "-19332000", "interestAndDebtExpense": "None", "netIncomeFromContinuingOperations": "0", "comprehensiveIncomeNetOfTax": "None", "ebit": "36276000", "ebitda": "63222000", "netIncome": "50418000"}, {"fiscalDateEnding": "2005-09-30", "reportedCurrency": "USD", "grossProfit": "106793000", "totalRevenue": "273938000", "costOfRevenue": "167145000", "costofGoodsAndServicesSold": "167145000", "operatingIncome": "49494000", "sellingGeneralAndAdministrative": "37400000", "researchAndDevelopment": "0", "operatingExpenses": "57299000", "investmentIncomeNet": "None", "netInterestIncome": "None", "interestIncome": "None", "interestExpense": "5326000", "nonInterestIncome": "None", "otherNonOperatingIncome": "None", "depreciation": "None", "depreciationAndAmortization": "25621000", "incomeBeforeTax": "45199000", "incomeTaxExpense": "12588000", "interestAndDebtExpense": "None", "netIncomeFromContinuingOperations": "0", "comprehensiveIncomeNetOfTax": "None", "ebit": "23873000", "ebitda": "49494000", "netIncome": "32073000"}, {"fiscalDateEnding": "2005-06-30", "reportedCurrency": "USD", "grossProfit": "111786000", "totalRevenue": "283413000", "costOfRevenue": "171627000", "costofGoodsAndServicesSold": "171627000", "operatingIncome": "49853000", "sellingGeneralAndAdministrative": "41100000", "researchAndDevelopment": "0", "operatingExpenses": "61933000", "investmentIncomeNet": "None", "netInterestIncome": "None", "interestIncome": "None", "interestExpense": "5873000", "nonInterestIncome": "None", "otherNonOperatingIncome": "None", "depreciation": "None", "depreciationAndAmortization": "25999000", "incomeBeforeTax": "44742000", "incomeTaxExpense": "12460000", "interestAndDebtExpense": "None", "netIncomeFromContinuingOperations": "0", "comprehensiveIncomeNetOfTax": "None", "ebit": "42060000", "ebitda": "68059000", "netIncome": "31860000"}, {"fiscalDateEnding": "2005-03-31", "reportedCurrency": "USD", "grossProfit": "104611000", "totalRevenue": "273722000", "costOfRevenue": "169111000", "costofGoodsAndServicesSold": "169111000", "operatingIncome": "45396000", "sellingGeneralAndAdministrative": "39000000", "researchAndDevelopment": "0", "operatingExpenses": "59215000", "investmentIncomeNet": "None", "netInterestIncome": "None", "interestIncome": "None", "interestExpense": "7032000", "nonInterestIncome": "None", "otherNonOperatingIncome": "None", "depreciation": "None", "depreciationAndAmortization": "26071000", "incomeBeforeTax": "38993000", "incomeTaxExpense": "10860000", "interestAndDebtExpense": "None", "netIncomeFromContinuingOperations": "0", "comprehensiveIncomeNetOfTax": "None", "ebit": "19325000", "ebitda": "45396000", "netIncome": "27648000"}, {"fiscalDateEnding": "2004-12-31", "reportedCurrency": "USD", "grossProfit": "85720000", "totalRevenue": "238061000", "costOfRevenue": "152341000", "costofGoodsAndServicesSold": "152341000", "operatingIncome": "33229000", "sellingGeneralAndAdministrative": "39300000", "researchAndDevelopment": "0", "operatingExpenses": "52491000", "investmentIncomeNet": "None", "netInterestIncome": "None", "interestIncome": "None", "interestExpense": "3302000", "nonInterestIncome": "None", "otherNonOperatingIncome": "None", "depreciation": "None", "depreciationAndAmortization": "23374000", "incomeBeforeTax": "29336000", "incomeTaxExpense": "9171000", "interestAndDebtExpense": "None", "netIncomeFromContinuingOperations": "0", "comprehensiveIncomeNetOfTax": "None", "ebit": "33229000", "ebitda": "56603000", "netIncome": "20077000"}]}