{"symbol": "EG", "annualReports": [{"fiscalDateEnding": "2024-12-31", "reportedCurrency": "USD", "grossProfit": "17281000000", "totalRevenue": "17076000000", "costOfRevenue": "-205000000", "costofGoodsAndServicesSold": "-205000000", "operatingIncome": "1495000000", "sellingGeneralAndAdministrative": "None", "researchAndDevelopment": "None", "operatingExpenses": "15581000000", "investmentIncomeNet": "None", "netInterestIncome": "-149000000", "interestIncome": "26000000", "interestExpense": "149000000", "nonInterestIncome": "None", "otherNonOperatingIncome": "None", "depreciation": "None", "depreciationAndAmortization": "None", "incomeBeforeTax": "1493000000", "incomeTaxExpense": "120000000", "interestAndDebtExpense": "None", "netIncomeFromContinuingOperations": "1373000000", "comprehensiveIncomeNetOfTax": "None", "ebit": "None", "ebitda": "None", "netIncome": "1373000000"}, {"fiscalDateEnding": "2023-12-31", "reportedCurrency": "USD", "grossProfit": "14587000000", "totalRevenue": "14586000000", "costOfRevenue": "-1000000", "costofGoodsAndServicesSold": "-1000000", "operatingIncome": "2311500000", "sellingGeneralAndAdministrative": "73000000", "researchAndDevelopment": "None", "operatingExpenses": "12321500000", "investmentIncomeNet": "None", "netInterestIncome": "-126000000", "interestIncome": "5000000", "interestExpense": "134000000", "nonInterestIncome": "None", "otherNonOperatingIncome": "None", "depreciation": "None", "depreciationAndAmortization": "-2311500000", "incomeBeforeTax": "2154000000", "incomeTaxExpense": "-363000000", "interestAndDebtExpense": "None", "netIncomeFromContinuingOperations": "2210000000", "comprehensiveIncomeNetOfTax": "None", "ebit": "2288000000", "ebitda": "-23500000", "netIncome": "2517000000"}, {"fiscalDateEnding": "2022-12-31", "reportedCurrency": "USD", "grossProfit": "11985000000", "totalRevenue": "11985000000", "costOfRevenue": "None", "costofGoodsAndServicesSold": "None", "operatingIncome": "689000000", "sellingGeneralAndAdministrative": "61000000", "researchAndDevelopment": "None", "operatingExpenses": "-11296000000", "investmentIncomeNet": "None", "netInterestIncome": "-101000000", "interestIncome": "2000000", "interestExpense": "101000000", "nonInterestIncome": "None", "otherNonOperatingIncome": "None", "depreciation": "None", "depreciationAndAmortization": "-790100000", "incomeBeforeTax": "588000000", "incomeTaxExpense": "-9000000", "interestAndDebtExpense": "None", "netIncomeFromContinuingOperations": "614000000", "comprehensiveIncomeNetOfTax": "None", "ebit": "689000000", "ebitda": "689000000", "netIncome": "597000000"}, {"fiscalDateEnding": "2021-12-31", "reportedCurrency": "USD", "grossProfit": "11300998000", "totalRevenue": "11300998000", "costOfRevenue": "None", "costofGoodsAndServicesSold": "None", "operatingIncome": "1615770000", "sellingGeneralAndAdministrative": "67827000", "researchAndDevelopment": "None", "operatingExpenses": "-9685228000", "investmentIncomeNet": "None", "netInterestIncome": "-70149000", "interestIncome": "12324000", "interestExpense": "70149000", "nonInterestIncome": "None", "otherNonOperatingIncome": "None", "depreciation": "None", "depreciationAndAmortization": "236687000", "incomeBeforeTax": "1545621000", "incomeTaxExpense": "166538000", "interestAndDebtExpense": "None", "netIncomeFromContinuingOperations": "1379083000", "comprehensiveIncomeNetOfTax": "None", "ebit": "1615770000", "ebitda": "1852457000", "netIncome": "1379083000"}, {"fiscalDateEnding": "2020-12-31", "reportedCurrency": "USD", "grossProfit": "9485261000", "totalRevenue": "9485261000", "costOfRevenue": "None", "costofGoodsAndServicesSold": "None", "operatingIncome": "621672000", "sellingGeneralAndAdministrative": "41118000", "researchAndDevelopment": "None", "operatingExpenses": "-8863589000", "investmentIncomeNet": "None", "netInterestIncome": "-36323000", "interestIncome": "36323000", "interestExpense": "36323000", "nonInterestIncome": "None", "otherNonOperatingIncome": "None", "depreciation": "None", "depreciationAndAmortization": "49673000", "incomeBeforeTax": "585349000", "incomeTaxExpense": "71198000", "interestAndDebtExpense": "None", "netIncomeFromContinuingOperations": "514836000", "comprehensiveIncomeNetOfTax": "None", "ebit": "621672000", "ebitda": "671345000", "netIncome": "514151000"}, {"fiscalDateEnding": "2019-12-31", "reportedCurrency": "USD", "grossProfit": "8231169000", "totalRevenue": "8231169000", "costOfRevenue": "7067523000", "costofGoodsAndServicesSold": "7067523000", "operatingIncome": "1130680000", "sellingGeneralAndAdministrative": "32966000", "researchAndDevelopment": "None", "operatingExpenses": "-7100489000", "investmentIncomeNet": "None", "netInterestIncome": "-31693000", "interestIncome": "31693000", "interestExpense": "31693000", "nonInterestIncome": "None", "otherNonOperatingIncome": "None", "depreciation": "None", "depreciationAndAmortization": "30936000", "incomeBeforeTax": "1098987000", "incomeTaxExpense": "89526000", "interestAndDebtExpense": "None", "netIncomeFromContinuingOperations": "1002323000", "comprehensiveIncomeNetOfTax": "None", "ebit": "1130680000", "ebitda": "1161616000", "netIncome": "1009461000"}, {"fiscalDateEnding": "2018-12-31", "reportedCurrency": "USD", "grossProfit": "6906928000", "totalRevenue": "7377206000", "costOfRevenue": "470278000", "costofGoodsAndServicesSold": "470278000", "operatingIncome": "-211151000", "sellingGeneralAndAdministrative": "30672000", "researchAndDevelopment": "0", "operatingExpenses": "7580756000", "investmentIncomeNet": "None", "netInterestIncome": "-31031000", "interestIncome": "31031000", "interestExpense": "31031000", "nonInterestIncome": "None", "otherNonOperatingIncome": "520000", "depreciation": "None", "depreciationAndAmortization": "213551000", "incomeBeforeTax": "-226471000", "incomeTaxExpense": "-330023000", "interestAndDebtExpense": "None", "netIncomeFromContinuingOperations": "-556494000", "comprehensiveIncomeNetOfTax": "None", "ebit": "-395430000", "ebitda": "-181879000", "netIncome": "103552000"}, {"fiscalDateEnding": "2017-12-31", "reportedCurrency": "USD", "grossProfit": "5902398000", "totalRevenue": "6608071000", "costOfRevenue": "705673000", "costofGoodsAndServicesSold": "705673000", "operatingIncome": "428541000", "sellingGeneralAndAdministrative": "25923000", "researchAndDevelopment": "0", "operatingExpenses": "6178377000", "investmentIncomeNet": "None", "netInterestIncome": "-31603000", "interestIncome": "31603000", "interestExpense": "31603000", "nonInterestIncome": "None", "otherNonOperatingIncome": "9581000", "depreciation": "None", "depreciationAndAmortization": "-465877000", "incomeBeforeTax": "405184000", "incomeTaxExpense": "-63784000", "interestAndDebtExpense": "None", "netIncomeFromContinuingOperations": "341400000", "comprehensiveIncomeNetOfTax": "None", "ebit": "940285000", "ebitda": "474408000", "netIncome": "468968000"}, {"fiscalDateEnding": "2016-12-31", "reportedCurrency": "USD", "grossProfit": "5309830000", "totalRevenue": "5794346000", "costOfRevenue": "484516000", "costofGoodsAndServicesSold": "484516000", "operatingIncome": "1136072000", "sellingGeneralAndAdministrative": "27231000", "researchAndDevelopment": "0", "operatingExpenses": "4689869000", "investmentIncomeNet": "None", "netInterestIncome": "-36228000", "interestIncome": "36228000", "interestExpense": "36228000", "nonInterestIncome": "None", "otherNonOperatingIncome": "18647000", "depreciation": "None", "depreciationAndAmortization": "-1157272000", "incomeBeforeTax": "1099844000", "incomeTaxExpense": "103500000", "interestAndDebtExpense": "None", "netIncomeFromContinuingOperations": "1203344000", "comprehensiveIncomeNetOfTax": "None", "ebit": "2342511000", "ebitda": "1185239000", "netIncome": "996344000"}, {"fiscalDateEnding": "2015-12-31", "reportedCurrency": "USD", "grossProfit": "5541894000", "totalRevenue": "5837889000", "costOfRevenue": "295995000", "costofGoodsAndServicesSold": "295995000", "operatingIncome": "1148081000", "sellingGeneralAndAdministrative": "23254000", "researchAndDevelopment": "0", "operatingExpenses": "4695388000", "investmentIncomeNet": "None", "netInterestIncome": "None", "interestIncome": "36191000", "interestExpense": "36191000", "nonInterestIncome": "None", "otherNonOperatingIncome": "6317000", "depreciation": "None", "depreciationAndAmortization": "50901000", "incomeBeforeTax": "1208509000", "incomeTaxExpense": "134021000", "interestAndDebtExpense": "None", "netIncomeFromContinuingOperations": "1342530000", "comprehensiveIncomeNetOfTax": "None", "ebit": "1097180000", "ebitda": "1148081000", "netIncome": "977869000"}, {"fiscalDateEnding": "2014-12-31", "reportedCurrency": "USD", "grossProfit": "5187572000", "totalRevenue": "5790589000", "costOfRevenue": "603017000", "costofGoodsAndServicesSold": "603017000", "operatingIncome": "1425341000", "sellingGeneralAndAdministrative": "23421000", "researchAndDevelopment": "0", "operatingExpenses": "4345443000", "investmentIncomeNet": "None", "netInterestIncome": "None", "interestIncome": "None", "interestExpense": "38533000", "nonInterestIncome": "None", "otherNonOperatingIncome": "-11599000", "depreciation": "None", "depreciationAndAmortization": "49214000", "incomeBeforeTax": "1446115000", "incomeTaxExpense": "187652000", "interestAndDebtExpense": "None", "netIncomeFromContinuingOperations": "1633767000", "comprehensiveIncomeNetOfTax": "None", "ebit": "1425341000", "ebitda": "1474555000", "netIncome": "1199156000"}, {"fiscalDateEnding": "2013-12-31", "reportedCurrency": "USD", "grossProfit": "4748100000", "totalRevenue": "5640836000", "costOfRevenue": "892736000", "costofGoodsAndServicesSold": "892736000", "operatingIncome": "1595218000", "sellingGeneralAndAdministrative": "24817000", "researchAndDevelopment": "0", "operatingExpenses": "4040800000", "investmentIncomeNet": "None", "netInterestIncome": "None", "interestIncome": "None", "interestExpense": "46118000", "nonInterestIncome": "None", "otherNonOperatingIncome": "None", "depreciation": "None", "depreciationAndAmortization": "66461000", "incomeBeforeTax": "1554966000", "incomeTaxExpense": "289706000", "interestAndDebtExpense": "None", "netIncomeFromContinuingOperations": "1844672000", "comprehensiveIncomeNetOfTax": "None", "ebit": "1534623000", "ebitda": "1601084000", "netIncome": "1259382000"}, {"fiscalDateEnding": "2012-12-31", "reportedCurrency": "USD", "grossProfit": "4164600000", "totalRevenue": "4922810000", "costOfRevenue": "758210000", "costofGoodsAndServicesSold": "758210000", "operatingIncome": "993283000", "sellingGeneralAndAdministrative": "23976000", "researchAndDevelopment": "0", "operatingExpenses": "3939600000", "investmentIncomeNet": "None", "netInterestIncome": "None", "interestIncome": "None", "interestExpense": "53683000", "nonInterestIncome": "None", "otherNonOperatingIncome": "None", "depreciation": "None", "depreciationAndAmortization": "61844000", "incomeBeforeTax": "939526000", "incomeTaxExpense": "110572000", "interestAndDebtExpense": "None", "netIncomeFromContinuingOperations": "1050098000", "comprehensiveIncomeNetOfTax": "None", "ebit": "931365000", "ebitda": "993209000", "netIncome": "828954000"}, {"fiscalDateEnding": "2011-12-31", "reportedCurrency": "USD", "grossProfit": "4101300000", "totalRevenue": "4693961000", "costOfRevenue": "592661000", "costofGoodsAndServicesSold": "592661000", "operatingIncome": "-181681000", "sellingGeneralAndAdministrative": "16461000", "researchAndDevelopment": "0", "operatingExpenses": "4891800000", "investmentIncomeNet": "None", "netInterestIncome": "None", "interestIncome": "None", "interestExpense": "52319000", "nonInterestIncome": "None", "otherNonOperatingIncome": "None", "depreciation": "None", "depreciationAndAmortization": "47872000", "incomeBeforeTax": "-233947000", "incomeTaxExpense": "-153461000", "interestAndDebtExpense": "None", "netIncomeFromContinuingOperations": "-80486000", "comprehensiveIncomeNetOfTax": "None", "ebit": "-229500000", "ebitda": "-181628000", "netIncome": "-80486000"}, {"fiscalDateEnding": "2010-12-31", "reportedCurrency": "USD", "grossProfit": "3934600000", "totalRevenue": "4705807000", "costOfRevenue": "771207000", "costofGoodsAndServicesSold": "771207000", "operatingIncome": "647130000", "sellingGeneralAndAdministrative": "14914000", "researchAndDevelopment": "0", "operatingExpenses": "4061700000", "investmentIncomeNet": "None", "netInterestIncome": "None", "interestIncome": "None", "interestExpense": "55830000", "nonInterestIncome": "None", "otherNonOperatingIncome": "None", "depreciation": "None", "depreciationAndAmortization": "46095000", "incomeBeforeTax": "591238000", "incomeTaxExpense": "-19516000", "interestAndDebtExpense": "None", "netIncomeFromContinuingOperations": "610754000", "comprehensiveIncomeNetOfTax": "None", "ebit": "600973000", "ebitda": "647068000", "netIncome": "610754000"}, {"fiscalDateEnding": "2009-12-31", "reportedCurrency": "USD", "grossProfit": "3894100000", "totalRevenue": "4498578000", "costOfRevenue": "604478000", "costofGoodsAndServicesSold": "604478000", "operatingIncome": "1011381000", "sellingGeneralAndAdministrative": "945900000", "researchAndDevelopment": "None", "operatingExpenses": "3500400000", "investmentIncomeNet": "None", "netInterestIncome": "None", "interestIncome": "None", "interestExpense": "72081000", "nonInterestIncome": "None", "otherNonOperatingIncome": "None", "depreciation": "None", "depreciationAndAmortization": "32172000", "incomeBeforeTax": "939321000", "incomeTaxExpense": "132332000", "interestAndDebtExpense": "None", "netIncomeFromContinuingOperations": "None", "comprehensiveIncomeNetOfTax": "None", "ebit": "979230000", "ebitda": "1011402000", "netIncome": "806989000"}, {"fiscalDateEnding": "2008-12-31", "reportedCurrency": "USD", "grossProfit": "3694300000", "totalRevenue": "3527579000", "costOfRevenue": "-166721000", "costofGoodsAndServicesSold": "-166721000", "operatingIncome": "-4429000", "sellingGeneralAndAdministrative": "930700000", "researchAndDevelopment": "None", "operatingExpenses": "3532000000", "investmentIncomeNet": "None", "netInterestIncome": "None", "interestIncome": "None", "interestExpense": "79171000", "nonInterestIncome": "None", "otherNonOperatingIncome": "None", "depreciation": "None", "depreciationAndAmortization": "15256000", "incomeBeforeTax": "-83607000", "incomeTaxExpense": "-64849000", "interestAndDebtExpense": "None", "netIncomeFromContinuingOperations": "None", "comprehensiveIncomeNetOfTax": "None", "ebit": "-4436000", "ebitda": "10820000", "netIncome": "-18758000"}, {"fiscalDateEnding": "2007-12-31", "reportedCurrency": "USD", "grossProfit": "3997500000", "totalRevenue": "4782047000", "costOfRevenue": "784547000", "costofGoodsAndServicesSold": "784547000", "operatingIncome": "1111869000", "sellingGeneralAndAdministrative": "961800000", "researchAndDevelopment": "None", "operatingExpenses": "3754100000", "investmentIncomeNet": "None", "netInterestIncome": "None", "interestIncome": "None", "interestExpense": "83869000", "nonInterestIncome": "None", "otherNonOperatingIncome": "None", "depreciation": "None", "depreciationAndAmortization": "-8430000", "incomeBeforeTax": "1027956000", "incomeTaxExpense": "188681000", "interestAndDebtExpense": "None", "netIncomeFromContinuingOperations": "None", "comprehensiveIncomeNetOfTax": "None", "ebit": "1111869000", "ebitda": "1103439000", "netIncome": "839275000"}, {"fiscalDateEnding": "2006-12-31", "reportedCurrency": "USD", "grossProfit": "3853200000", "totalRevenue": "4517300000", "costOfRevenue": "664100000", "costofGoodsAndServicesSold": "664100000", "operatingIncome": "1060298000", "sellingGeneralAndAdministrative": "883300000", "researchAndDevelopment": "None", "operatingExpenses": "3525600000", "investmentIncomeNet": "None", "netInterestIncome": "None", "interestIncome": "None", "interestExpense": "68598000", "nonInterestIncome": "None", "otherNonOperatingIncome": "None", "depreciation": "None", "depreciationAndAmortization": "21946000", "incomeBeforeTax": "991750000", "incomeTaxExpense": "150922000", "interestAndDebtExpense": "None", "netIncomeFromContinuingOperations": "None", "comprehensiveIncomeNetOfTax": "None", "ebit": "1039703000", "ebitda": "1061649000", "netIncome": "840828000"}, {"fiscalDateEnding": "2005-12-31", "reportedCurrency": "USD", "grossProfit": "3963100000", "totalRevenue": "4555099000", "costOfRevenue": "591999000", "costofGoodsAndServicesSold": "591999000", "operatingIncome": "-208037000", "sellingGeneralAndAdministrative": "914800000", "researchAndDevelopment": "None", "operatingExpenses": "4836000000", "investmentIncomeNet": "None", "netInterestIncome": "None", "interestIncome": "None", "interestExpense": "72963000", "nonInterestIncome": "None", "otherNonOperatingIncome": "None", "depreciation": "None", "depreciationAndAmortization": "27460000", "incomeBeforeTax": "-280921000", "incomeTaxExpense": "-62254000", "interestAndDebtExpense": "None", "netIncomeFromContinuingOperations": "None", "comprehensiveIncomeNetOfTax": "None", "ebit": "-234987000", "ebitda": "-207527000", "netIncome": "-218667000"}], "quarterlyReports": [{"fiscalDateEnding": "2024-12-31", "reportedCurrency": "USD", "grossProfit": "4636000000", "totalRevenue": "4614000000", "costOfRevenue": "-22000000", "costofGoodsAndServicesSold": "-22000000", "operatingIncome": "-745000000", "sellingGeneralAndAdministrative": "None", "researchAndDevelopment": "None", "operatingExpenses": "5359000000", "investmentIncomeNet": "None", "netInterestIncome": "-37000000", "interestIncome": "6000000", "interestExpense": "37000000", "nonInterestIncome": "None", "otherNonOperatingIncome": "None", "depreciation": "None", "depreciationAndAmortization": "None", "incomeBeforeTax": "-748000000", "incomeTaxExpense": "-155000000", "interestAndDebtExpense": "None", "netIncomeFromContinuingOperations": "-593000000", "comprehensiveIncomeNetOfTax": "None", "ebit": "None", "ebitda": "None", "netIncome": "-593000000"}, {"fiscalDateEnding": "2024-09-30", "reportedCurrency": "USD", "grossProfit": "4285000000", "totalRevenue": "4285000000", "costOfRevenue": "None", "costofGoodsAndServicesSold": "None", "operatingIncome": "614000000", "sellingGeneralAndAdministrative": "None", "researchAndDevelopment": "None", "operatingExpenses": "4251000000", "investmentIncomeNet": "None", "netInterestIncome": "-38000000", "interestIncome": "5000000", "interestExpense": "38000000", "nonInterestIncome": "None", "otherNonOperatingIncome": "None", "depreciation": "None", "depreciationAndAmortization": "61000000", "incomeBeforeTax": "577000000", "incomeTaxExpense": "68000000", "interestAndDebtExpense": "None", "netIncomeFromContinuingOperations": "509000000", "comprehensiveIncomeNetOfTax": "None", "ebit": "614000000", "ebitda": "675000000", "netIncome": "509000000"}, {"fiscalDateEnding": "2024-06-30", "reportedCurrency": "USD", "grossProfit": "4250000000", "totalRevenue": "4227000000", "costOfRevenue": "-23000000", "costofGoodsAndServicesSold": "-23000000", "operatingIncome": "847000000", "sellingGeneralAndAdministrative": "22000000", "researchAndDevelopment": "None", "operatingExpenses": "1046000000", "investmentIncomeNet": "None", "netInterestIncome": "-37000000", "interestIncome": "9000000", "interestExpense": "37000000", "nonInterestIncome": "None", "otherNonOperatingIncome": "None", "depreciation": "None", "depreciationAndAmortization": "-847000000", "incomeBeforeTax": "832000000", "incomeTaxExpense": "108000000", "interestAndDebtExpense": "None", "netIncomeFromContinuingOperations": "724000000", "comprehensiveIncomeNetOfTax": "None", "ebit": "869000000", "ebitda": "22000000", "netIncome": "724000000"}, {"fiscalDateEnding": "2024-03-31", "reportedCurrency": "USD", "grossProfit": "4133000000", "totalRevenue": "4133000000", "costOfRevenue": "None", "costofGoodsAndServicesSold": "None", "operatingIncome": "837000000", "sellingGeneralAndAdministrative": "22000000", "researchAndDevelopment": "None", "operatingExpenses": "1028000000", "investmentIncomeNet": "None", "netInterestIncome": "-37000000", "interestIncome": "6000000", "interestExpense": "37000000", "nonInterestIncome": "None", "otherNonOperatingIncome": "None", "depreciation": "None", "depreciationAndAmortization": "-837000000", "incomeBeforeTax": "832000000", "incomeTaxExpense": "99000000", "interestAndDebtExpense": "None", "netIncomeFromContinuingOperations": "733000000", "comprehensiveIncomeNetOfTax": "None", "ebit": "869000000", "ebitda": "32000000", "netIncome": "733000000"}, {"fiscalDateEnding": "2023-12-31", "reportedCurrency": "USD", "grossProfit": "3659000000", "totalRevenue": "3659000000", "costOfRevenue": "None", "costofGoodsAndServicesSold": "None", "operatingIncome": "3415000000", "sellingGeneralAndAdministrative": "18000000", "researchAndDevelopment": "None", "operatingExpenses": "244000000", "investmentIncomeNet": "None", "netInterestIncome": "-35000000", "interestIncome": "3000000", "interestExpense": "36000000", "nonInterestIncome": "None", "otherNonOperatingIncome": "None", "depreciation": "None", "depreciationAndAmortization": "-391500000", "incomeBeforeTax": "272000000", "incomeTaxExpense": "-532000000", "interestAndDebtExpense": "None", "netIncomeFromContinuingOperations": "803000000", "comprehensiveIncomeNetOfTax": "None", "ebit": "306000000", "ebitda": "-85500000", "netIncome": "804000000"}, {"fiscalDateEnding": "2023-09-30", "reportedCurrency": "USD", "grossProfit": "3991000000", "totalRevenue": "3991000000", "costOfRevenue": "None", "costofGoodsAndServicesSold": "None", "operatingIncome": "622000000", "sellingGeneralAndAdministrative": "19000000", "researchAndDevelopment": "None", "operatingExpenses": "-3369000000", "investmentIncomeNet": "None", "netInterestIncome": "-34000000", "interestIncome": "5000000", "interestExpense": "34000000", "nonInterestIncome": "None", "otherNonOperatingIncome": "None", "depreciation": "None", "depreciationAndAmortization": "-656000000", "incomeBeforeTax": "725000000", "incomeTaxExpense": "47000000", "interestAndDebtExpense": "None", "netIncomeFromContinuingOperations": "678000000", "comprehensiveIncomeNetOfTax": "None", "ebit": "1278000000", "ebitda": "622000000", "netIncome": "678000000"}, {"fiscalDateEnding": "2023-06-30", "reportedCurrency": "USD", "grossProfit": "3651000000", "totalRevenue": "3651000000", "costOfRevenue": "1000000", "costofGoodsAndServicesSold": "1000000", "operatingIncome": "712000000", "sellingGeneralAndAdministrative": "17000000", "researchAndDevelopment": "None", "operatingExpenses": "-2939000000", "investmentIncomeNet": "None", "netInterestIncome": "-33000000", "interestIncome": "2000000", "interestExpense": "33000000", "nonInterestIncome": "None", "otherNonOperatingIncome": "None", "depreciation": "None", "depreciationAndAmortization": "-745000000", "incomeBeforeTax": "750000000", "incomeTaxExpense": "80000000", "interestAndDebtExpense": "None", "netIncomeFromContinuingOperations": "670000000", "comprehensiveIncomeNetOfTax": "None", "ebit": "1457000000", "ebitda": "712000000", "netIncome": "670000000"}, {"fiscalDateEnding": "2023-03-31", "reportedCurrency": "USD", "grossProfit": "3286000000", "totalRevenue": "3286000000", "costOfRevenue": "None", "costofGoodsAndServicesSold": "None", "operatingIncome": "440000000", "sellingGeneralAndAdministrative": "19000000", "researchAndDevelopment": "None", "operatingExpenses": "2878000000", "investmentIncomeNet": "None", "netInterestIncome": "-32000000", "interestIncome": "28000000", "interestExpense": "32000000", "nonInterestIncome": "None", "otherNonOperatingIncome": "None", "depreciation": "None", "depreciationAndAmortization": "-519000000", "incomeBeforeTax": "408000000", "incomeTaxExpense": "43000000", "interestAndDebtExpense": "None", "netIncomeFromContinuingOperations": "365000000", "comprehensiveIncomeNetOfTax": "None", "ebit": "408000000", "ebitda": "440000000", "netIncome": "365000000"}, {"fiscalDateEnding": "2022-12-31", "reportedCurrency": "USD", "grossProfit": "3274000000", "totalRevenue": "3274000000", "costOfRevenue": "None", "costofGoodsAndServicesSold": "None", "operatingIncome": "595000000", "sellingGeneralAndAdministrative": "16000000", "researchAndDevelopment": "None", "operatingExpenses": "-2679000000", "investmentIncomeNet": "None", "netInterestIncome": "-27000000", "interestIncome": "2000000", "interestExpense": "27000000", "nonInterestIncome": "None", "otherNonOperatingIncome": "None", "depreciation": "None", "depreciationAndAmortization": "-625100000", "incomeBeforeTax": "568000000", "incomeTaxExpense": "72000000", "interestAndDebtExpense": "None", "netIncomeFromContinuingOperations": "510103000", "comprehensiveIncomeNetOfTax": "None", "ebit": "1220100000", "ebitda": "595000000", "netIncome": "496000000"}, {"fiscalDateEnding": "2022-09-30", "reportedCurrency": "USD", "grossProfit": "3115000000", "totalRevenue": "3115000000", "costOfRevenue": "None", "costofGoodsAndServicesSold": "None", "operatingIncome": "-376000000", "sellingGeneralAndAdministrative": "16000000", "researchAndDevelopment": "None", "operatingExpenses": "-3491000000", "investmentIncomeNet": "None", "netInterestIncome": "-25000000", "interestIncome": "161000000", "interestExpense": "25000000", "nonInterestIncome": "None", "otherNonOperatingIncome": "None", "depreciation": "None", "depreciationAndAmortization": "360000000", "incomeBeforeTax": "-401000000", "incomeTaxExpense": "-82000000", "interestAndDebtExpense": "None", "netIncomeFromContinuingOperations": "-318000000", "comprehensiveIncomeNetOfTax": "None", "ebit": "-736000000", "ebitda": "-376000000", "netIncome": "-319000000"}, {"fiscalDateEnding": "2022-06-30", "reportedCurrency": "USD", "grossProfit": "2834613000", "totalRevenue": "2834613000", "costOfRevenue": "None", "costofGoodsAndServicesSold": "None", "operatingIncome": "143521000", "sellingGeneralAndAdministrative": "15018000", "researchAndDevelopment": "None", "operatingExpenses": "-2691092000", "investmentIncomeNet": "None", "netInterestIncome": "-15607000", "interestIncome": "213322000", "interestExpense": "24398000", "nonInterestIncome": "None", "otherNonOperatingIncome": "None", "depreciation": "None", "depreciationAndAmortization": "-214000000", "incomeBeforeTax": "119123000", "incomeTaxExpense": "-3507000", "interestAndDebtExpense": "None", "netIncomeFromContinuingOperations": "123388000", "comprehensiveIncomeNetOfTax": "None", "ebit": "357521000", "ebitda": "143521000", "netIncome": "122630000"}, {"fiscalDateEnding": "2022-03-31", "reportedCurrency": "USD", "grossProfit": "2807894000", "totalRevenue": "2896331000", "costOfRevenue": "88437000", "costofGoodsAndServicesSold": "88437000", "operatingIncome": "325925000", "sellingGeneralAndAdministrative": "14020000", "researchAndDevelopment": "None", "operatingExpenses": "-2481969000", "investmentIncomeNet": "None", "netInterestIncome": "-24078000", "interestIncome": "3685000", "interestExpense": "24078000", "nonInterestIncome": "None", "otherNonOperatingIncome": "None", "depreciation": "None", "depreciationAndAmortization": "-311000000", "incomeBeforeTax": "301847000", "incomeTaxExpense": "4096000", "interestAndDebtExpense": "None", "netIncomeFromContinuingOperations": "297751000", "comprehensiveIncomeNetOfTax": "None", "ebit": "656179000", "ebitda": "345179000", "netIncome": "297751000"}, {"fiscalDateEnding": "2021-12-31", "reportedCurrency": "USD", "grossProfit": "3048129000", "totalRevenue": "3048129000", "costOfRevenue": "None", "costofGoodsAndServicesSold": "None", "operatingIncome": "1379083000", "sellingGeneralAndAdministrative": "21464000", "researchAndDevelopment": "None", "operatingExpenses": "2548065000", "investmentIncomeNet": "None", "netInterestIncome": "-23364000", "interestIncome": "125000", "interestExpense": "23364000", "nonInterestIncome": "None", "otherNonOperatingIncome": "None", "depreciation": "None", "depreciationAndAmortization": "-855655000", "incomeBeforeTax": "500064000", "incomeTaxExpense": "69357000", "interestAndDebtExpense": "None", "netIncomeFromContinuingOperations": "430707000", "comprehensiveIncomeNetOfTax": "None", "ebit": "1379083000", "ebitda": "523428000", "netIncome": "430707000"}, {"fiscalDateEnding": "2021-09-30", "reportedCurrency": "USD", "grossProfit": "2786705000", "totalRevenue": "2786705000", "costOfRevenue": "None", "costofGoodsAndServicesSold": "None", "operatingIncome": "-72180000", "sellingGeneralAndAdministrative": "17817000", "researchAndDevelopment": "None", "operatingExpenses": "-2858885000", "investmentIncomeNet": "None", "netInterestIncome": "-15539000", "interestIncome": "15539000", "interestExpense": "15539000", "nonInterestIncome": "None", "otherNonOperatingIncome": "None", "depreciation": "None", "depreciationAndAmortization": "52000000", "incomeBeforeTax": "-87719000", "incomeTaxExpense": "-14251000", "interestAndDebtExpense": "None", "netIncomeFromContinuingOperations": "-71905000", "comprehensiveIncomeNetOfTax": "None", "ebit": "-124180000", "ebitda": "-72180000", "netIncome": "-73468000"}, {"fiscalDateEnding": "2021-06-30", "reportedCurrency": "USD", "grossProfit": "2836724000", "totalRevenue": "2836724000", "costOfRevenue": "None", "costofGoodsAndServicesSold": "None", "operatingIncome": "775788000", "sellingGeneralAndAdministrative": "16168000", "researchAndDevelopment": "None", "operatingExpenses": "-2060936000", "investmentIncomeNet": "None", "netInterestIncome": "-15607000", "interestIncome": "15607000", "interestExpense": "15607000", "nonInterestIncome": "None", "otherNonOperatingIncome": "None", "depreciation": "None", "depreciationAndAmortization": "-768674000", "incomeBeforeTax": "760181000", "incomeTaxExpense": "80199000", "interestAndDebtExpense": "None", "netIncomeFromContinuingOperations": "679982000", "comprehensiveIncomeNetOfTax": "None", "ebit": "1544462000", "ebitda": "775788000", "netIncome": "679982000"}, {"fiscalDateEnding": "2021-03-31", "reportedCurrency": "USD", "grossProfit": "2743773000", "totalRevenue": "2743773000", "costOfRevenue": "None", "costofGoodsAndServicesSold": "None", "operatingIncome": "388734000", "sellingGeneralAndAdministrative": "12378000", "researchAndDevelopment": "None", "operatingExpenses": "-2355039000", "investmentIncomeNet": "None", "netInterestIncome": "-15639000", "interestIncome": "15639000", "interestExpense": "15639000", "nonInterestIncome": "None", "otherNonOperatingIncome": "None", "depreciation": "None", "depreciationAndAmortization": "-332141000", "incomeBeforeTax": "373095000", "incomeTaxExpense": "31233000", "interestAndDebtExpense": "None", "netIncomeFromContinuingOperations": "341862000", "comprehensiveIncomeNetOfTax": "None", "ebit": "720875000", "ebitda": "388734000", "netIncome": "341862000"}, {"fiscalDateEnding": "2020-12-31", "reportedCurrency": "USD", "grossProfit": "2761399000", "totalRevenue": "2670638000", "costOfRevenue": "-90761000", "costofGoodsAndServicesSold": "-90761000", "operatingIncome": "134242000", "sellingGeneralAndAdministrative": "11934000", "researchAndDevelopment": "None", "operatingExpenses": "2760884849", "investmentIncomeNet": "None", "netInterestIncome": "-14846000", "interestIncome": "14846000", "interestExpense": "14846000", "nonInterestIncome": "None", "otherNonOperatingIncome": "None", "depreciation": "None", "depreciationAndAmortization": "-181361000", "incomeBeforeTax": "119396000", "incomeTaxExpense": "55794000", "interestAndDebtExpense": "None", "netIncomeFromContinuingOperations": "59755000", "comprehensiveIncomeNetOfTax": "None", "ebit": "344729000", "ebitda": "163368000", "netIncome": "63602000"}, {"fiscalDateEnding": "2020-09-30", "reportedCurrency": "USD", "grossProfit": "2610184000", "totalRevenue": "2610184000", "costOfRevenue": "None", "costofGoodsAndServicesSold": "None", "operatingIncome": "279149000", "sellingGeneralAndAdministrative": "10618000", "researchAndDevelopment": "None", "operatingExpenses": "-2331035000", "investmentIncomeNet": "None", "netInterestIncome": "-6641000", "interestIncome": "6641000", "interestExpense": "6641000", "nonInterestIncome": "None", "otherNonOperatingIncome": "None", "depreciation": "None", "depreciationAndAmortization": "-219212000", "incomeBeforeTax": "272508000", "incomeTaxExpense": "29451000", "interestAndDebtExpense": "None", "netIncomeFromContinuingOperations": "244863000", "comprehensiveIncomeNetOfTax": "None", "ebit": "498361000", "ebitda": "279149000", "netIncome": "243057000"}, {"fiscalDateEnding": "2020-06-30", "reportedCurrency": "USD", "grossProfit": "2009915000", "totalRevenue": "2244515000", "costOfRevenue": "234600000", "costofGoodsAndServicesSold": "234600000", "operatingIncome": "244320000", "sellingGeneralAndAdministrative": "8733000", "researchAndDevelopment": "None", "operatingExpenses": "2000195000", "investmentIncomeNet": "None", "netInterestIncome": "-7253000", "interestIncome": "2021000", "interestExpense": "7253000", "nonInterestIncome": "None", "otherNonOperatingIncome": "None", "depreciation": "None", "depreciationAndAmortization": "-264940999", "incomeBeforeTax": "237067000", "incomeTaxExpense": "46187000", "interestAndDebtExpense": "None", "netIncomeFromContinuingOperations": "192686000", "comprehensiveIncomeNetOfTax": "None", "ebit": "521167999", "ebitda": "256227000", "netIncome": "190880000"}, {"fiscalDateEnding": "2020-03-31", "reportedCurrency": "USD", "grossProfit": "1982016000", "totalRevenue": "1982016000", "costOfRevenue": "-78161000", "costofGoodsAndServicesSold": "-78161000", "operatingIncome": "-5039000", "sellingGeneralAndAdministrative": "9833000", "researchAndDevelopment": "None", "operatingExpenses": "2018055000", "investmentIncomeNet": "None", "netInterestIncome": "-7583000", "interestIncome": "8216000", "interestExpense": "7583000", "nonInterestIncome": "None", "otherNonOperatingIncome": "None", "depreciation": "None", "depreciationAndAmortization": "44029000", "incomeBeforeTax": "-43622000", "incomeTaxExpense": "-60234000", "interestAndDebtExpense": "None", "netIncomeFromContinuingOperations": "17532000", "comprehensiveIncomeNetOfTax": "None", "ebit": "-36039000", "ebitda": "7990000", "netIncome": "16612000"}, {"fiscalDateEnding": "2019-12-31", "reportedCurrency": "USD", "grossProfit": "1989587000", "totalRevenue": "2214086000", "costOfRevenue": "224499000", "costofGoodsAndServicesSold": "224499000", "operatingIncome": "226799000", "sellingGeneralAndAdministrative": "10344000", "researchAndDevelopment": "None", "operatingExpenses": "1992782000", "investmentIncomeNet": "None", "netInterestIncome": "-7721000", "interestIncome": "7721000", "interestExpense": "7721000", "nonInterestIncome": "None", "otherNonOperatingIncome": "None", "depreciation": "None", "depreciationAndAmortization": "-195699000", "incomeBeforeTax": "219078000", "incomeTaxExpense": "1434000", "interestAndDebtExpense": "None", "netIncomeFromContinuingOperations": "83874000", "comprehensiveIncomeNetOfTax": "None", "ebit": "429792000", "ebitda": "234093000", "netIncome": "217644000"}, {"fiscalDateEnding": "2019-09-30", "reportedCurrency": "USD", "grossProfit": "1874594000", "totalRevenue": "2042520000", "costOfRevenue": "167926000", "costofGoodsAndServicesSold": "167926000", "operatingIncome": "100927000", "sellingGeneralAndAdministrative": "8435000", "researchAndDevelopment": "None", "operatingExpenses": "1948907000", "investmentIncomeNet": "None", "netInterestIncome": "-7907000", "interestIncome": "2325000", "interestExpense": "7907000", "nonInterestIncome": "None", "otherNonOperatingIncome": "None", "depreciation": "None", "depreciationAndAmortization": "-126927000", "incomeBeforeTax": "93020000", "incomeTaxExpense": "-11378000", "interestAndDebtExpense": "None", "netIncomeFromContinuingOperations": "105761000", "comprehensiveIncomeNetOfTax": "None", "ebit": "238175000", "ebitda": "111248000", "netIncome": "104398000"}, {"fiscalDateEnding": "2019-06-30", "reportedCurrency": "USD", "grossProfit": "1799074000", "totalRevenue": "2018975000", "costOfRevenue": "219901000", "costofGoodsAndServicesSold": "219901000", "operatingIncome": "380779000", "sellingGeneralAndAdministrative": "7535000", "researchAndDevelopment": "None", "operatingExpenses": "1633105000", "investmentIncomeNet": "None", "netInterestIncome": "-8434000", "interestIncome": "1422000", "interestExpense": "8434000", "nonInterestIncome": "None", "otherNonOperatingIncome": "None", "depreciation": "None", "depreciationAndAmortization": "-398879000", "incomeBeforeTax": "382593000", "incomeTaxExpense": "39738000", "interestAndDebtExpense": "None", "netIncomeFromContinuingOperations": "344006000", "comprehensiveIncomeNetOfTax": "None", "ebit": "787080000", "ebitda": "388201000", "netIncome": "342855000"}, {"fiscalDateEnding": "2019-03-31", "reportedCurrency": "USD", "grossProfit": "1729397000", "totalRevenue": "1960083000", "costOfRevenue": "230686000", "costofGoodsAndServicesSold": "230686000", "operatingIncome": "422175000", "sellingGeneralAndAdministrative": "6652000", "researchAndDevelopment": "None", "operatingExpenses": "1546594000", "investmentIncomeNet": "None", "netInterestIncome": "-7631000", "interestIncome": "7631000", "interestExpense": "7631000", "nonInterestIncome": "None", "otherNonOperatingIncome": "3231000", "depreciation": "None", "depreciationAndAmortization": "-422475000", "incomeBeforeTax": "408791000", "incomeTaxExpense": "59891000", "interestAndDebtExpense": "None", "netIncomeFromContinuingOperations": "468682000", "comprehensiveIncomeNetOfTax": "None", "ebit": "850549000", "ebitda": "428074000", "netIncome": "348900000"}, {"fiscalDateEnding": "2018-12-31", "reportedCurrency": "USD", "grossProfit": "1794697000", "totalRevenue": "1794697000", "costOfRevenue": "-34455000", "costofGoodsAndServicesSold": "-34455000", "operatingIncome": "-697435000", "sellingGeneralAndAdministrative": "7153000", "researchAndDevelopment": "0", "operatingExpenses": "2492338000", "investmentIncomeNet": "None", "netInterestIncome": "None", "interestIncome": "None", "interestExpense": "7984000", "nonInterestIncome": "None", "otherNonOperatingIncome": "-4965000", "depreciation": "None", "depreciationAndAmortization": "4468000", "incomeBeforeTax": "-702298000", "incomeTaxExpense": "-320024000", "interestAndDebtExpense": "None", "netIncomeFromContinuingOperations": "-1022322000", "comprehensiveIncomeNetOfTax": "None", "ebit": "-702882000", "ebitda": "-698414000", "netIncome": "-382274000"}, {"fiscalDateEnding": "2018-09-30", "reportedCurrency": "USD", "grossProfit": "1718100000", "totalRevenue": "1944413000", "costOfRevenue": "226313000", "costofGoodsAndServicesSold": "226313000", "operatingIncome": "197401000", "sellingGeneralAndAdministrative": "7890000", "researchAndDevelopment": "0", "operatingExpenses": "1742900000", "investmentIncomeNet": "None", "netInterestIncome": "None", "interestIncome": "None", "interestExpense": "7901000", "nonInterestIncome": "None", "otherNonOperatingIncome": "2225000", "depreciation": "None", "depreciationAndAmortization": "7127000", "incomeBeforeTax": "197421000", "incomeTaxExpense": "-8192000", "interestAndDebtExpense": "None", "netIncomeFromContinuingOperations": "189229000", "comprehensiveIncomeNetOfTax": "None", "ebit": "191395000", "ebitda": "198522000", "netIncome": "205613000"}, {"fiscalDateEnding": "2018-06-30", "reportedCurrency": "USD", "grossProfit": "1728200000", "totalRevenue": "1892939000", "costOfRevenue": "164739000", "costofGoodsAndServicesSold": "164739000", "operatingIncome": "63928000", "sellingGeneralAndAdministrative": "6633000", "researchAndDevelopment": "0", "operatingExpenses": "1825300000", "investmentIncomeNet": "None", "netInterestIncome": "None", "interestIncome": "None", "interestExpense": "7728000", "nonInterestIncome": "None", "otherNonOperatingIncome": "2987000", "depreciation": "None", "depreciationAndAmortization": "8727000", "incomeBeforeTax": "60763000", "incomeTaxExpense": "-9132000", "interestAndDebtExpense": "None", "netIncomeFromContinuingOperations": "51631000", "comprehensiveIncomeNetOfTax": "None", "ebit": "78864000", "ebitda": "87591000", "netIncome": "69895000"}, {"fiscalDateEnding": "2018-03-31", "reportedCurrency": "USD", "grossProfit": "1631500000", "totalRevenue": "1745157000", "costOfRevenue": "113657000", "costofGoodsAndServicesSold": "113657000", "operatingIncome": "225018000", "sellingGeneralAndAdministrative": "8996000", "researchAndDevelopment": "0", "operatingExpenses": "1520200000", "investmentIncomeNet": "None", "netInterestIncome": "None", "interestIncome": "None", "interestExpense": "7418000", "nonInterestIncome": "None", "otherNonOperatingIncome": "273000", "depreciation": "None", "depreciationAndAmortization": "8950000", "incomeBeforeTax": "217643000", "incomeTaxExpense": "7325000", "interestAndDebtExpense": "None", "netIncomeFromContinuingOperations": "224968000", "comprehensiveIncomeNetOfTax": "None", "ebit": "226011000", "ebitda": "234961000", "netIncome": "210318000"}, {"fiscalDateEnding": "2017-12-31", "reportedCurrency": "USD", "grossProfit": "1680900000", "totalRevenue": "1867211000", "costOfRevenue": "186311000", "costofGoodsAndServicesSold": "186311000", "operatingIncome": "694314000", "sellingGeneralAndAdministrative": "4615000", "researchAndDevelopment": "0", "operatingExpenses": "1166500000", "investmentIncomeNet": "None", "netInterestIncome": "None", "interestIncome": "None", "interestExpense": "7314000", "nonInterestIncome": "None", "otherNonOperatingIncome": "3529000", "depreciation": "None", "depreciationAndAmortization": "11210000", "incomeBeforeTax": "695305000", "incomeTaxExpense": "124280000", "interestAndDebtExpense": "None", "netIncomeFromContinuingOperations": "819585000", "comprehensiveIncomeNetOfTax": "None", "ebit": "709109000", "ebitda": "720319000", "netIncome": "571025000"}, {"fiscalDateEnding": "2017-09-30", "reportedCurrency": "USD", "grossProfit": "1544300000", "totalRevenue": "1725471000", "costOfRevenue": "181171000", "costofGoodsAndServicesSold": "181171000", "operatingIncome": "-896834000", "sellingGeneralAndAdministrative": "5932000", "researchAndDevelopment": "0", "operatingExpenses": "2623800000", "investmentIncomeNet": "None", "netInterestIncome": "None", "interestIncome": "None", "interestExpense": "7266000", "nonInterestIncome": "None", "otherNonOperatingIncome": "2656000", "depreciation": "None", "depreciationAndAmortization": "12182000", "incomeBeforeTax": "-904067000", "incomeTaxExpense": "-264693000", "interestAndDebtExpense": "None", "netIncomeFromContinuingOperations": "-1168760000", "comprehensiveIncomeNetOfTax": "None", "ebit": "-907083000", "ebitda": "-894901000", "netIncome": "-639374000"}, {"fiscalDateEnding": "2017-06-30", "reportedCurrency": "USD", "grossProfit": "1370100000", "totalRevenue": "1530611000", "costOfRevenue": "160511000", "costofGoodsAndServicesSold": "160511000", "operatingIncome": "283659000", "sellingGeneralAndAdministrative": "6919000", "researchAndDevelopment": "0", "operatingExpenses": "1249500000", "investmentIncomeNet": "None", "netInterestIncome": "None", "interestIncome": "None", "interestExpense": "8059000", "nonInterestIncome": "None", "otherNonOperatingIncome": "766000", "depreciation": "None", "depreciationAndAmortization": "10729000", "incomeBeforeTax": "275533000", "incomeTaxExpense": "29859000", "interestAndDebtExpense": "None", "netIncomeFromContinuingOperations": "305392000", "comprehensiveIncomeNetOfTax": "None", "ebit": "272863000", "ebitda": "283592000", "netIncome": "245674000"}, {"fiscalDateEnding": "2017-03-31", "reportedCurrency": "USD", "grossProfit": "1307100000", "totalRevenue": "1484778000", "costOfRevenue": "177678000", "costofGoodsAndServicesSold": "177678000", "operatingIncome": "347364000", "sellingGeneralAndAdministrative": "8457000", "researchAndDevelopment": "0", "operatingExpenses": "1138600000", "investmentIncomeNet": "None", "netInterestIncome": "None", "interestIncome": "None", "interestExpense": "8964000", "nonInterestIncome": "None", "otherNonOperatingIncome": "2630000", "depreciation": "None", "depreciationAndAmortization": "11746000", "incomeBeforeTax": "338413000", "incomeTaxExpense": "46770000", "interestAndDebtExpense": "None", "netIncomeFromContinuingOperations": "385183000", "comprehensiveIncomeNetOfTax": "None", "ebit": "335631000", "ebitda": "347377000", "netIncome": "291643000"}, {"fiscalDateEnding": "2016-12-31", "reportedCurrency": "USD", "grossProfit": "1451600000", "totalRevenue": "1613960000", "costOfRevenue": "162360000", "costofGoodsAndServicesSold": "162360000", "operatingIncome": "424634000", "sellingGeneralAndAdministrative": "5828000", "researchAndDevelopment": "0", "operatingExpenses": "1189800000", "investmentIncomeNet": "None", "netInterestIncome": "None", "interestIncome": "None", "interestExpense": "9034000", "nonInterestIncome": "None", "otherNonOperatingIncome": "13161000", "depreciation": "None", "depreciationAndAmortization": "11016000", "incomeBeforeTax": "415591000", "incomeTaxExpense": "42019000", "interestAndDebtExpense": "None", "netIncomeFromContinuingOperations": "457610000", "comprehensiveIncomeNetOfTax": "None", "ebit": "413609000", "ebitda": "424625000", "netIncome": "373572000"}, {"fiscalDateEnding": "2016-09-30", "reportedCurrency": "USD", "grossProfit": "1380900000", "totalRevenue": "1510456000", "costOfRevenue": "129556000", "costofGoodsAndServicesSold": "129556000", "operatingIncome": "329793000", "sellingGeneralAndAdministrative": "6400000", "researchAndDevelopment": "0", "operatingExpenses": "1181500000", "investmentIncomeNet": "None", "netInterestIncome": "None", "interestIncome": "None", "interestExpense": "8893000", "nonInterestIncome": "None", "otherNonOperatingIncome": "6510000", "depreciation": "None", "depreciationAndAmortization": "14026000", "incomeBeforeTax": "320887000", "incomeTaxExpense": "25493000", "interestAndDebtExpense": "None", "netIncomeFromContinuingOperations": "346380000", "comprehensiveIncomeNetOfTax": "None", "ebit": "315754000", "ebitda": "329780000", "netIncome": "295394000"}, {"fiscalDateEnding": "2016-06-30", "reportedCurrency": "USD", "grossProfit": "1260500000", "totalRevenue": "1427884000", "costOfRevenue": "167384000", "costofGoodsAndServicesSold": "167384000", "operatingIncome": "195373000", "sellingGeneralAndAdministrative": "7117000", "researchAndDevelopment": "0", "operatingExpenses": "1234000000", "investmentIncomeNet": "None", "netInterestIncome": "None", "interestIncome": "None", "interestExpense": "9073000", "nonInterestIncome": "None", "otherNonOperatingIncome": "1996000", "depreciation": "None", "depreciationAndAmortization": "11771000", "incomeBeforeTax": "186299000", "incomeTaxExpense": "30607000", "interestAndDebtExpense": "None", "netIncomeFromContinuingOperations": "216906000", "comprehensiveIncomeNetOfTax": "None", "ebit": "195373000", "ebitda": "207144000", "netIncome": "155692000"}, {"fiscalDateEnding": "2016-03-31", "reportedCurrency": "USD", "grossProfit": "1216800000", "totalRevenue": "1242046000", "costOfRevenue": "25246000", "costofGoodsAndServicesSold": "25246000", "operatingIncome": "186328000", "sellingGeneralAndAdministrative": "7886000", "researchAndDevelopment": "0", "operatingExpenses": "1084500000", "investmentIncomeNet": "None", "netInterestIncome": "None", "interestIncome": "None", "interestExpense": "9228000", "nonInterestIncome": "None", "otherNonOperatingIncome": "-3020000", "depreciation": "None", "depreciationAndAmortization": "12354000", "incomeBeforeTax": "177067000", "incomeTaxExpense": "5381000", "interestAndDebtExpense": "None", "netIncomeFromContinuingOperations": "171686000", "comprehensiveIncomeNetOfTax": "None", "ebit": "186328000", "ebitda": "198682000", "netIncome": "171686000"}, {"fiscalDateEnding": "2015-12-31", "reportedCurrency": "USD", "grossProfit": "1429200000", "totalRevenue": "1561952000", "costOfRevenue": "132752000", "costofGoodsAndServicesSold": "132752000", "operatingIncome": "429685000", "sellingGeneralAndAdministrative": "5942000", "researchAndDevelopment": "0", "operatingExpenses": "1136700000", "investmentIncomeNet": "None", "netInterestIncome": "None", "interestIncome": "None", "interestExpense": "9185000", "nonInterestIncome": "None", "otherNonOperatingIncome": "11542000", "depreciation": "None", "depreciationAndAmortization": "12131000", "incomeBeforeTax": "455527000", "incomeTaxExpense": "63153000", "interestAndDebtExpense": "None", "netIncomeFromContinuingOperations": "518680000", "comprehensiveIncomeNetOfTax": "None", "ebit": "429685000", "ebitda": "441816000", "netIncome": "357281000"}, {"fiscalDateEnding": "2015-09-30", "reportedCurrency": "USD", "grossProfit": "1375165000", "totalRevenue": "1375165000", "costOfRevenue": "-55935000", "costofGoodsAndServicesSold": "-55935000", "operatingIncome": "91490000", "sellingGeneralAndAdministrative": "5924000", "researchAndDevelopment": "0", "operatingExpenses": "1285200000", "investmentIncomeNet": "None", "netInterestIncome": "None", "interestIncome": "None", "interestExpense": "8990000", "nonInterestIncome": "None", "otherNonOperatingIncome": "-11428000", "depreciation": "None", "depreciationAndAmortization": "13256000", "incomeBeforeTax": "101439000", "incomeTaxExpense": "-6133000", "interestAndDebtExpense": "None", "netIncomeFromContinuingOperations": "95306000", "comprehensiveIncomeNetOfTax": "None", "ebit": "91490000", "ebitda": "104746000", "netIncome": "88553000"}, {"fiscalDateEnding": "2015-06-30", "reportedCurrency": "USD", "grossProfit": "1283200000", "totalRevenue": "1435786000", "costOfRevenue": "152586000", "costofGoodsAndServicesSold": "152586000", "operatingIncome": "253926000", "sellingGeneralAndAdministrative": "5925000", "researchAndDevelopment": "0", "operatingExpenses": "1152800000", "investmentIncomeNet": "None", "netInterestIncome": "None", "interestIncome": "None", "interestExpense": "9026000", "nonInterestIncome": "None", "otherNonOperatingIncome": "6445000", "depreciation": "None", "depreciationAndAmortization": "12181000", "incomeBeforeTax": "271306000", "incomeTaxExpense": "35834000", "interestAndDebtExpense": "None", "netIncomeFromContinuingOperations": "307140000", "comprehensiveIncomeNetOfTax": "None", "ebit": "253926000", "ebitda": "266107000", "netIncome": "209057000"}, {"fiscalDateEnding": "2015-03-31", "reportedCurrency": "USD", "grossProfit": "1323800000", "totalRevenue": "1464986000", "costOfRevenue": "141186000", "costofGoodsAndServicesSold": "141186000", "operatingIncome": "373190000", "sellingGeneralAndAdministrative": "5463000", "researchAndDevelopment": "0", "operatingExpenses": "1088500000", "investmentIncomeNet": "None", "netInterestIncome": "None", "interestIncome": "None", "interestExpense": "8990000", "nonInterestIncome": "None", "otherNonOperatingIncome": "-242000", "depreciation": "None", "depreciationAndAmortization": "13333000", "incomeBeforeTax": "380237000", "incomeTaxExpense": "41167000", "interestAndDebtExpense": "None", "netIncomeFromContinuingOperations": "421404000", "comprehensiveIncomeNetOfTax": "None", "ebit": "373190000", "ebitda": "386523000", "netIncome": "322978000"}, {"fiscalDateEnding": "2014-12-31", "reportedCurrency": "USD", "grossProfit": "1386600000", "totalRevenue": "1518433000", "costOfRevenue": "131833000", "costofGoodsAndServicesSold": "131833000", "operatingIncome": "399363000", "sellingGeneralAndAdministrative": "4619000", "researchAndDevelopment": "0", "operatingExpenses": "1140900000", "investmentIncomeNet": "None", "netInterestIncome": "None", "interestIncome": "None", "interestExpense": "9563000", "nonInterestIncome": "None", "otherNonOperatingIncome": "-17228000", "depreciation": "None", "depreciationAndAmortization": "11204000", "incomeBeforeTax": "406967000", "incomeTaxExpense": "49704000", "interestAndDebtExpense": "None", "netIncomeFromContinuingOperations": "456671000", "comprehensiveIncomeNetOfTax": "None", "ebit": "399363000", "ebitda": "410567000", "netIncome": "340123000"}, {"fiscalDateEnding": "2014-09-30", "reportedCurrency": "USD", "grossProfit": "1401300000", "totalRevenue": "1535880000", "costOfRevenue": "134580000", "costofGoodsAndServicesSold": "134580000", "operatingIncome": "308224000", "sellingGeneralAndAdministrative": "9958000", "researchAndDevelopment": "0", "operatingExpenses": "1201500000", "investmentIncomeNet": "None", "netInterestIncome": "None", "interestIncome": "None", "interestExpense": "12424000", "nonInterestIncome": "None", "otherNonOperatingIncome": "1855000", "depreciation": "None", "depreciationAndAmortization": "10942000", "incomeBeforeTax": "322109000", "incomeTaxExpense": "20856000", "interestAndDebtExpense": "None", "netIncomeFromContinuingOperations": "342965000", "comprehensiveIncomeNetOfTax": "None", "ebit": "308224000", "ebitda": "319166000", "netIncome": "274916000"}, {"fiscalDateEnding": "2014-06-30", "reportedCurrency": "USD", "grossProfit": "1258400000", "totalRevenue": "1452460000", "costOfRevenue": "194060000", "costofGoodsAndServicesSold": "194060000", "operatingIncome": "363078000", "sellingGeneralAndAdministrative": "3899000", "researchAndDevelopment": "0", "operatingExpenses": "1082100000", "investmentIncomeNet": "None", "netInterestIncome": "None", "interestIncome": "None", "interestExpense": "8978000", "nonInterestIncome": "None", "otherNonOperatingIncome": "3774000", "depreciation": "None", "depreciationAndAmortization": "13496000", "incomeBeforeTax": "361785000", "incomeTaxExpense": "63860000", "interestAndDebtExpense": "None", "netIncomeFromContinuingOperations": "425645000", "comprehensiveIncomeNetOfTax": "None", "ebit": "363078000", "ebitda": "376574000", "netIncome": "290184000"}, {"fiscalDateEnding": "2014-03-31", "reportedCurrency": "USD", "grossProfit": "1141200000", "totalRevenue": "1283816000", "costOfRevenue": "142616000", "costofGoodsAndServicesSold": "142616000", "operatingIncome": "354668000", "sellingGeneralAndAdministrative": "4945000", "researchAndDevelopment": "0", "operatingExpenses": "921000000", "investmentIncomeNet": "None", "netInterestIncome": "None", "interestIncome": "None", "interestExpense": "7568000", "nonInterestIncome": "None", "otherNonOperatingIncome": "None", "depreciation": "None", "depreciationAndAmortization": "13572000", "incomeBeforeTax": "355254000", "incomeTaxExpense": "53232000", "interestAndDebtExpense": "None", "netIncomeFromContinuingOperations": "408486000", "comprehensiveIncomeNetOfTax": "None", "ebit": "354668000", "ebitda": "368240000", "netIncome": "293933000"}, {"fiscalDateEnding": "2013-12-31", "reportedCurrency": "USD", "grossProfit": "1285300000", "totalRevenue": "1517122000", "costOfRevenue": "231822000", "costofGoodsAndServicesSold": "231822000", "operatingIncome": "457638000", "sellingGeneralAndAdministrative": "8174000", "researchAndDevelopment": "0", "operatingExpenses": "1058200000", "investmentIncomeNet": "None", "netInterestIncome": "None", "interestIncome": "None", "interestExpense": "7638000", "nonInterestIncome": "None", "otherNonOperatingIncome": "None", "depreciation": "None", "depreciationAndAmortization": "16181000", "incomeBeforeTax": "452118000", "incomeTaxExpense": "85370000", "interestAndDebtExpense": "None", "netIncomeFromContinuingOperations": "537488000", "comprehensiveIncomeNetOfTax": "None", "ebit": "457638000", "ebitda": "473819000", "netIncome": "364638000"}, {"fiscalDateEnding": "2013-09-30", "reportedCurrency": "USD", "grossProfit": "1223000000", "totalRevenue": "1401498000", "costOfRevenue": "178498000", "costofGoodsAndServicesSold": "178498000", "operatingIncome": "314437000", "sellingGeneralAndAdministrative": "4758000", "researchAndDevelopment": "0", "operatingExpenses": "1083300000", "investmentIncomeNet": "None", "netInterestIncome": "None", "interestIncome": "None", "interestExpense": "7637000", "nonInterestIncome": "None", "otherNonOperatingIncome": "None", "depreciation": "None", "depreciationAndAmortization": "14773000", "incomeBeforeTax": "310554000", "incomeTaxExpense": "72027000", "interestAndDebtExpense": "None", "netIncomeFromContinuingOperations": "382581000", "comprehensiveIncomeNetOfTax": "None", "ebit": "314437000", "ebitda": "329210000", "netIncome": "234759000"}, {"fiscalDateEnding": "2013-06-30", "reportedCurrency": "USD", "grossProfit": "1159800000", "totalRevenue": "1354543000", "costOfRevenue": "194743000", "costofGoodsAndServicesSold": "194743000", "operatingIncome": "339762000", "sellingGeneralAndAdministrative": "6168000", "researchAndDevelopment": "0", "operatingExpenses": "1014700000", "investmentIncomeNet": "None", "netInterestIncome": "None", "interestIncome": "None", "interestExpense": "17362000", "nonInterestIncome": "None", "otherNonOperatingIncome": "None", "depreciation": "None", "depreciationAndAmortization": "16900000", "incomeBeforeTax": "322455000", "incomeTaxExpense": "46813000", "interestAndDebtExpense": "None", "netIncomeFromContinuingOperations": "369268000", "comprehensiveIncomeNetOfTax": "None", "ebit": "339762000", "ebitda": "356662000", "netIncome": "275642000"}, {"fiscalDateEnding": "2013-03-31", "reportedCurrency": "USD", "grossProfit": "1079900000", "totalRevenue": "1367673000", "costOfRevenue": "287773000", "costofGoodsAndServicesSold": "287773000", "operatingIncome": "483281000", "sellingGeneralAndAdministrative": "5717000", "researchAndDevelopment": "0", "operatingExpenses": "884500000", "investmentIncomeNet": "None", "netInterestIncome": "None", "interestIncome": "None", "interestExpense": "13481000", "nonInterestIncome": "None", "otherNonOperatingIncome": "None", "depreciation": "None", "depreciationAndAmortization": "18607000", "incomeBeforeTax": "469839000", "incomeTaxExpense": "85496000", "interestAndDebtExpense": "None", "netIncomeFromContinuingOperations": "555335000", "comprehensiveIncomeNetOfTax": "None", "ebit": "483281000", "ebitda": "501888000", "netIncome": "384343000"}, {"fiscalDateEnding": "2012-12-31", "reportedCurrency": "USD", "grossProfit": "1107000000", "totalRevenue": "1272650000", "costOfRevenue": "165650000", "costofGoodsAndServicesSold": "165650000", "operatingIncome": "52030000", "sellingGeneralAndAdministrative": "7293000", "researchAndDevelopment": "0", "operatingExpenses": "1220700000", "investmentIncomeNet": "None", "netInterestIncome": "None", "interestIncome": "None", "interestExpense": "13930000", "nonInterestIncome": "None", "otherNonOperatingIncome": "None", "depreciation": "None", "depreciationAndAmortization": "16049000", "incomeBeforeTax": "38098000", "incomeTaxExpense": "-20679000", "interestAndDebtExpense": "None", "netIncomeFromContinuingOperations": "93653000", "comprehensiveIncomeNetOfTax": "None", "ebit": "52030000", "ebitda": "68079000", "netIncome": "58777000"}, {"fiscalDateEnding": "2012-09-30", "reportedCurrency": "USD", "grossProfit": "1003500000", "totalRevenue": "1218981000", "costOfRevenue": "215481000", "costofGoodsAndServicesSold": "215481000", "operatingIncome": "332531000", "sellingGeneralAndAdministrative": "5947000", "researchAndDevelopment": "0", "operatingExpenses": "890000000", "investmentIncomeNet": "None", "netInterestIncome": "None", "interestIncome": "None", "interestExpense": "13331000", "nonInterestIncome": "None", "otherNonOperatingIncome": "None", "depreciation": "None", "depreciationAndAmortization": "14829000", "incomeBeforeTax": "319205000", "incomeTaxExpense": "68283000", "interestAndDebtExpense": "None", "netIncomeFromContinuingOperations": "387488000", "comprehensiveIncomeNetOfTax": "None", "ebit": "332531000", "ebitda": "347360000", "netIncome": "250922000"}, {"fiscalDateEnding": "2012-06-30", "reportedCurrency": "USD", "grossProfit": "1065600000", "totalRevenue": "1182055000", "costOfRevenue": "116455000", "costofGoodsAndServicesSold": "116455000", "operatingIncome": "252744000", "sellingGeneralAndAdministrative": "6075000", "researchAndDevelopment": "0", "operatingExpenses": "929900000", "investmentIncomeNet": "None", "netInterestIncome": "None", "interestIncome": "None", "interestExpense": "13244000", "nonInterestIncome": "None", "otherNonOperatingIncome": "None", "depreciation": "None", "depreciationAndAmortization": "16200000", "incomeBeforeTax": "239402000", "incomeTaxExpense": "24851000", "interestAndDebtExpense": "None", "netIncomeFromContinuingOperations": "264253000", "comprehensiveIncomeNetOfTax": "None", "ebit": "252744000", "ebitda": "268944000", "netIncome": "214551000"}, {"fiscalDateEnding": "2012-03-31", "reportedCurrency": "USD", "grossProfit": "991800000", "totalRevenue": "1249124000", "costOfRevenue": "257324000", "costofGoodsAndServicesSold": "257324000", "operatingIncome": "355978000", "sellingGeneralAndAdministrative": "4661000", "researchAndDevelopment": "0", "operatingExpenses": "899000000", "investmentIncomeNet": "None", "netInterestIncome": "None", "interestIncome": "None", "interestExpense": "13178000", "nonInterestIncome": "None", "otherNonOperatingIncome": "None", "depreciation": "None", "depreciationAndAmortization": "14766000", "incomeBeforeTax": "342821000", "incomeTaxExpense": "38117000", "interestAndDebtExpense": "None", "netIncomeFromContinuingOperations": "304704000", "comprehensiveIncomeNetOfTax": "None", "ebit": "355978000", "ebitda": "370744000", "netIncome": "304704000"}, {"fiscalDateEnding": "2011-12-31", "reportedCurrency": "USD", "grossProfit": "1014400000", "totalRevenue": "1285931000", "costOfRevenue": "271531000", "costofGoodsAndServicesSold": "271531000", "operatingIncome": "-29380000", "sellingGeneralAndAdministrative": "4539000", "researchAndDevelopment": "0", "operatingExpenses": "1315700000", "investmentIncomeNet": "None", "netInterestIncome": "None", "interestIncome": "None", "interestExpense": "13120000", "nonInterestIncome": "None", "otherNonOperatingIncome": "None", "depreciation": "None", "depreciationAndAmortization": "13488000", "incomeBeforeTax": "-42490000", "incomeTaxExpense": "-83532000", "interestAndDebtExpense": "None", "netIncomeFromContinuingOperations": "41042000", "comprehensiveIncomeNetOfTax": "None", "ebit": "-29380000", "ebitda": "-15892000", "netIncome": "41042000"}, {"fiscalDateEnding": "2011-09-30", "reportedCurrency": "USD", "grossProfit": "1024794000", "totalRevenue": "1024794000", "costOfRevenue": "-4606000", "costofGoodsAndServicesSold": "-4606000", "operatingIncome": "22485000", "sellingGeneralAndAdministrative": "4204000", "researchAndDevelopment": "0", "operatingExpenses": "1003400000", "investmentIncomeNet": "None", "netInterestIncome": "None", "interestIncome": "None", "interestExpense": "13085000", "nonInterestIncome": "None", "otherNonOperatingIncome": "None", "depreciation": "None", "depreciationAndAmortization": "8814000", "incomeBeforeTax": "9388000", "incomeTaxExpense": "-53666000", "interestAndDebtExpense": "None", "netIncomeFromContinuingOperations": "63054000", "comprehensiveIncomeNetOfTax": "None", "ebit": "22485000", "ebitda": "31299000", "netIncome": "63054000"}, {"fiscalDateEnding": "2011-06-30", "reportedCurrency": "USD", "grossProfit": "1026400000", "totalRevenue": "1176791000", "costOfRevenue": "150391000", "costofGoodsAndServicesSold": "150391000", "operatingIncome": "153916000", "sellingGeneralAndAdministrative": "3790000", "researchAndDevelopment": "0", "operatingExpenses": "1022900000", "investmentIncomeNet": "None", "netInterestIncome": "None", "interestIncome": "None", "interestExpense": "13116000", "nonInterestIncome": "None", "otherNonOperatingIncome": "None", "depreciation": "None", "depreciationAndAmortization": "12818000", "incomeBeforeTax": "140825000", "incomeTaxExpense": "9513000", "interestAndDebtExpense": "None", "netIncomeFromContinuingOperations": "131312000", "comprehensiveIncomeNetOfTax": "None", "ebit": "153916000", "ebitda": "166734000", "netIncome": "131312000"}, {"fiscalDateEnding": "2011-03-31", "reportedCurrency": "USD", "grossProfit": "1008100000", "totalRevenue": "1206445000", "costOfRevenue": "198345000", "costofGoodsAndServicesSold": "198345000", "operatingIncome": "-328702000", "sellingGeneralAndAdministrative": "3928000", "researchAndDevelopment": "0", "operatingExpenses": "1549900000", "investmentIncomeNet": "None", "netInterestIncome": "None", "interestIncome": "None", "interestExpense": "12998000", "nonInterestIncome": "None", "otherNonOperatingIncome": "None", "depreciation": "None", "depreciationAndAmortization": "12752000", "incomeBeforeTax": "-341670000", "incomeTaxExpense": "-25776000", "interestAndDebtExpense": "None", "netIncomeFromContinuingOperations": "-315894000", "comprehensiveIncomeNetOfTax": "None", "ebit": "-328702000", "ebitda": "-315950000", "netIncome": "-315894000"}, {"fiscalDateEnding": "2010-12-31", "reportedCurrency": "USD", "grossProfit": "1022200000", "totalRevenue": "1258374000", "costOfRevenue": "236174000", "costofGoodsAndServicesSold": "236174000", "operatingIncome": "249234000", "sellingGeneralAndAdministrative": "2535000", "researchAndDevelopment": "0", "operatingExpenses": "1009200000", "investmentIncomeNet": "None", "netInterestIncome": "None", "interestIncome": "None", "interestExpense": "13034000", "nonInterestIncome": "None", "otherNonOperatingIncome": "None", "depreciation": "None", "depreciationAndAmortization": "9906000", "incomeBeforeTax": "236227000", "incomeTaxExpense": "-66306000", "interestAndDebtExpense": "None", "netIncomeFromContinuingOperations": "0", "comprehensiveIncomeNetOfTax": "None", "ebit": "249234000", "ebitda": "259140000", "netIncome": "302533000"}, {"fiscalDateEnding": "2010-09-30", "reportedCurrency": "USD", "grossProfit": "999000000", "totalRevenue": "1178090000", "costOfRevenue": "179090000", "costofGoodsAndServicesSold": "179090000", "operatingIncome": "217538000", "sellingGeneralAndAdministrative": "3917000", "researchAndDevelopment": "0", "operatingExpenses": "963400000", "investmentIncomeNet": "None", "netInterestIncome": "None", "interestIncome": "None", "interestExpense": "13138000", "nonInterestIncome": "None", "otherNonOperatingIncome": "None", "depreciation": "None", "depreciationAndAmortization": "14850000", "incomeBeforeTax": "204438000", "incomeTaxExpense": "30238000", "interestAndDebtExpense": "None", "netIncomeFromContinuingOperations": "174200000", "comprehensiveIncomeNetOfTax": "None", "ebit": "217538000", "ebitda": "232388000", "netIncome": "174200000"}, {"fiscalDateEnding": "2010-06-30", "reportedCurrency": "USD", "grossProfit": "997700000", "totalRevenue": "1099431000", "costOfRevenue": "101731000", "costofGoodsAndServicesSold": "101731000", "operatingIncome": "173416000", "sellingGeneralAndAdministrative": "3887000", "researchAndDevelopment": "0", "operatingExpenses": "926100000", "investmentIncomeNet": "None", "netInterestIncome": "None", "interestIncome": "None", "interestExpense": "13016000", "nonInterestIncome": "None", "otherNonOperatingIncome": "None", "depreciation": "None", "depreciationAndAmortization": "10454000", "incomeBeforeTax": "160340000", "incomeTaxExpense": "3667000", "interestAndDebtExpense": "None", "netIncomeFromContinuingOperations": "156673000", "comprehensiveIncomeNetOfTax": "None", "ebit": "173416000", "ebitda": "183870000", "netIncome": "156673000"}, {"fiscalDateEnding": "2010-03-31", "reportedCurrency": "USD", "grossProfit": "932600000", "totalRevenue": "1169912000", "costOfRevenue": "237312000", "costofGoodsAndServicesSold": "237312000", "operatingIncome": "6842000", "sellingGeneralAndAdministrative": "217200000", "researchAndDevelopment": "0", "operatingExpenses": "1163000000", "investmentIncomeNet": "None", "netInterestIncome": "None", "interestIncome": "None", "interestExpense": "16642000", "nonInterestIncome": "None", "otherNonOperatingIncome": "None", "depreciation": "None", "depreciationAndAmortization": "10885000", "incomeBeforeTax": "-9767000", "incomeTaxExpense": "12885000", "interestAndDebtExpense": "None", "netIncomeFromContinuingOperations": "0", "comprehensiveIncomeNetOfTax": "None", "ebit": "6842000", "ebitda": "17727000", "netIncome": "-22652000"}, {"fiscalDateEnding": "2009-12-31", "reportedCurrency": "USD", "grossProfit": "1023000000", "totalRevenue": "1181456000", "costOfRevenue": "158456000", "costofGoodsAndServicesSold": "158456000", "operatingIncome": "237147000", "sellingGeneralAndAdministrative": "248900000", "researchAndDevelopment": "0", "operatingExpenses": "944300000", "investmentIncomeNet": "None", "netInterestIncome": "None", "interestIncome": "None", "interestExpense": "17447000", "nonInterestIncome": "None", "otherNonOperatingIncome": "None", "depreciation": "None", "depreciationAndAmortization": "19379000", "incomeBeforeTax": "219688000", "incomeTaxExpense": "22461000", "interestAndDebtExpense": "None", "netIncomeFromContinuingOperations": "0", "comprehensiveIncomeNetOfTax": "None", "ebit": "237147000", "ebitda": "256526000", "netIncome": "197227000"}, {"fiscalDateEnding": "2009-09-30", "reportedCurrency": "USD", "grossProfit": "962200000", "totalRevenue": "1156508000", "costOfRevenue": "194308000", "costofGoodsAndServicesSold": "194308000", "operatingIncome": "291076000", "sellingGeneralAndAdministrative": "233700000", "researchAndDevelopment": "0", "operatingExpenses": "865400000", "investmentIncomeNet": "None", "netInterestIncome": "None", "interestIncome": "None", "interestExpense": "17376000", "nonInterestIncome": "None", "otherNonOperatingIncome": "None", "depreciation": "None", "depreciationAndAmortization": "5912000", "incomeBeforeTax": "273691000", "incomeTaxExpense": "45073000", "interestAndDebtExpense": "None", "netIncomeFromContinuingOperations": "0", "comprehensiveIncomeNetOfTax": "None", "ebit": "291076000", "ebitda": "296988000", "netIncome": "228618000"}, {"fiscalDateEnding": "2009-06-30", "reportedCurrency": "USD", "grossProfit": "959300000", "totalRevenue": "1171319000", "costOfRevenue": "212019000", "costofGoodsAndServicesSold": "212019000", "operatingIncome": "330016000", "sellingGeneralAndAdministrative": "233600000", "researchAndDevelopment": "0", "operatingExpenses": "854500000", "investmentIncomeNet": "None", "netInterestIncome": "None", "interestIncome": "None", "interestExpense": "17116000", "nonInterestIncome": "None", "otherNonOperatingIncome": "None", "depreciation": "None", "depreciationAndAmortization": "4391000", "incomeBeforeTax": "312867000", "incomeTaxExpense": "40279000", "interestAndDebtExpense": "None", "netIncomeFromContinuingOperations": "0", "comprehensiveIncomeNetOfTax": "None", "ebit": "330016000", "ebitda": "334407000", "netIncome": "272588000"}, {"fiscalDateEnding": "2009-03-31", "reportedCurrency": "USD", "grossProfit": "927100000", "totalRevenue": "989295000", "costOfRevenue": "62195000", "costofGoodsAndServicesSold": "62195000", "operatingIncome": "153242000", "sellingGeneralAndAdministrative": "229800000", "researchAndDevelopment": "0", "operatingExpenses": "757800000", "investmentIncomeNet": "None", "netInterestIncome": "None", "interestIncome": "None", "interestExpense": "20142000", "nonInterestIncome": "None", "otherNonOperatingIncome": "None", "depreciation": "None", "depreciationAndAmortization": "2490000", "incomeBeforeTax": "133075000", "incomeTaxExpense": "24519000", "interestAndDebtExpense": "None", "netIncomeFromContinuingOperations": "0", "comprehensiveIncomeNetOfTax": "None", "ebit": "153242000", "ebitda": "155732000", "netIncome": "108556000"}, {"fiscalDateEnding": "2008-12-31", "reportedCurrency": "USD", "grossProfit": "722781000", "totalRevenue": "722781000", "costOfRevenue": "-193319000", "costofGoodsAndServicesSold": "-193319000", "operatingIncome": "-35305000", "sellingGeneralAndAdministrative": "240800000", "researchAndDevelopment": "0", "operatingExpenses": "758000000", "investmentIncomeNet": "None", "netInterestIncome": "None", "interestIncome": "None", "interestExpense": "19795000", "nonInterestIncome": "None", "otherNonOperatingIncome": "None", "depreciation": "None", "depreciationAndAmortization": "5875000", "incomeBeforeTax": "-55057000", "incomeTaxExpense": "-38466000", "interestAndDebtExpense": "None", "netIncomeFromContinuingOperations": "0", "comprehensiveIncomeNetOfTax": "None", "ebit": "-35305000", "ebitda": "-29430000", "netIncome": "-16591000"}, {"fiscalDateEnding": "2008-09-30", "reportedCurrency": "USD", "grossProfit": "809672000", "totalRevenue": "809672000", "costOfRevenue": "-113928000", "costofGoodsAndServicesSold": "-113928000", "operatingIncome": "-262305000", "sellingGeneralAndAdministrative": "218000000", "researchAndDevelopment": "0", "operatingExpenses": "1072000000", "investmentIncomeNet": "None", "netInterestIncome": "None", "interestIncome": "None", "interestExpense": "19795000", "nonInterestIncome": "None", "otherNonOperatingIncome": "None", "depreciation": "None", "depreciationAndAmortization": "4905000000", "incomeBeforeTax": "-282171000", "incomeTaxExpense": "-49044000", "interestAndDebtExpense": "None", "netIncomeFromContinuingOperations": "0", "comprehensiveIncomeNetOfTax": "None", "ebit": "-262305000", "ebitda": "4642695000", "netIncome": "-233127000"}, {"fiscalDateEnding": "2008-06-30", "reportedCurrency": "USD", "grossProfit": "931900000", "totalRevenue": "1078360000", "costOfRevenue": "146460000", "costofGoodsAndServicesSold": "146460000", "operatingIncome": "189194000", "sellingGeneralAndAdministrative": "244700000", "researchAndDevelopment": "0", "operatingExpenses": "889200000", "investmentIncomeNet": "None", "netInterestIncome": "None", "interestIncome": "None", "interestExpense": "19794000", "nonInterestIncome": "None", "otherNonOperatingIncome": "None", "depreciation": "None", "depreciationAndAmortization": "4023000000", "incomeBeforeTax": "169383000", "incomeTaxExpense": "16356000", "interestAndDebtExpense": "None", "netIncomeFromContinuingOperations": "0", "comprehensiveIncomeNetOfTax": "None", "ebit": "189194000", "ebitda": "4212194000", "netIncome": "153027000"}, {"fiscalDateEnding": "2008-03-31", "reportedCurrency": "USD", "grossProfit": "906800000", "totalRevenue": "916766000", "costOfRevenue": "9966000", "costofGoodsAndServicesSold": "9966000", "operatingIncome": "103987000", "sellingGeneralAndAdministrative": "227100000", "researchAndDevelopment": "0", "operatingExpenses": "812700000", "investmentIncomeNet": "None", "netInterestIncome": "None", "interestIncome": "None", "interestExpense": "19787000", "nonInterestIncome": "None", "otherNonOperatingIncome": "None", "depreciation": "None", "depreciationAndAmortization": "496000", "incomeBeforeTax": "84238000", "incomeTaxExpense": "6305000", "interestAndDebtExpense": "None", "netIncomeFromContinuingOperations": "0", "comprehensiveIncomeNetOfTax": "None", "ebit": "103987000", "ebitda": "104483000", "netIncome": "77933000"}, {"fiscalDateEnding": "2007-12-31", "reportedCurrency": "USD", "grossProfit": "1003600000", "totalRevenue": "1108985000", "costOfRevenue": "105385000", "costofGoodsAndServicesSold": "105385000", "operatingIncome": "27085000", "sellingGeneralAndAdministrative": "261600000", "researchAndDevelopment": "0", "operatingExpenses": "1103300000", "investmentIncomeNet": "None", "netInterestIncome": "None", "interestIncome": "None", "interestExpense": "21485000", "nonInterestIncome": "None", "otherNonOperatingIncome": "None", "depreciation": "None", "depreciationAndAmortization": "-1839000", "incomeBeforeTax": "5685000", "incomeTaxExpense": "-6553000", "interestAndDebtExpense": "None", "netIncomeFromContinuingOperations": "0", "comprehensiveIncomeNetOfTax": "None", "ebit": "27085000", "ebitda": "25246000", "netIncome": "12238000"}, {"fiscalDateEnding": "2007-09-30", "reportedCurrency": "USD", "grossProfit": "1012200000", "totalRevenue": "1202010000", "costOfRevenue": "189810000", "costofGoodsAndServicesSold": "189810000", "operatingIncome": "335254000", "sellingGeneralAndAdministrative": "240100000", "researchAndDevelopment": "0", "operatingExpenses": "890500000", "investmentIncomeNet": "None", "netInterestIncome": "None", "interestIncome": "None", "interestExpense": "23754000", "nonInterestIncome": "None", "otherNonOperatingIncome": "None", "depreciation": "None", "depreciationAndAmortization": "-5845000", "incomeBeforeTax": "311486000", "incomeTaxExpense": "64899000", "interestAndDebtExpense": "None", "netIncomeFromContinuingOperations": "0", "comprehensiveIncomeNetOfTax": "None", "ebit": "335254000", "ebitda": "329409000", "netIncome": "246587000"}, {"fiscalDateEnding": "2007-06-30", "reportedCurrency": "USD", "grossProfit": "1268738000", "totalRevenue": "1268738000", "costOfRevenue": "277438000", "costofGoodsAndServicesSold": "277438000", "operatingIncome": "374879000", "sellingGeneralAndAdministrative": "234400000", "researchAndDevelopment": "0", "operatingExpenses": "915300000", "investmentIncomeNet": "None", "netInterestIncome": "None", "interestIncome": "None", "interestExpense": "21479000", "nonInterestIncome": "None", "otherNonOperatingIncome": "None", "depreciation": "None", "depreciationAndAmortization": "-2083000", "incomeBeforeTax": "353417000", "incomeTaxExpense": "70549000", "interestAndDebtExpense": "None", "netIncomeFromContinuingOperations": "0", "comprehensiveIncomeNetOfTax": "None", "ebit": "374879000", "ebitda": "372796000", "netIncome": "282868000"}, {"fiscalDateEnding": "2007-03-31", "reportedCurrency": "USD", "grossProfit": "1202314000", "totalRevenue": "1202314000", "costOfRevenue": "193914000", "costofGoodsAndServicesSold": "193914000", "operatingIncome": "374551000", "sellingGeneralAndAdministrative": "225700000", "researchAndDevelopment": "0", "operatingExpenses": "844900000", "investmentIncomeNet": "None", "netInterestIncome": "None", "interestIncome": "None", "interestExpense": "17151000", "nonInterestIncome": "None", "otherNonOperatingIncome": "None", "depreciation": "None", "depreciationAndAmortization": "1337000", "incomeBeforeTax": "357368000", "incomeTaxExpense": "59786000", "interestAndDebtExpense": "None", "netIncomeFromContinuingOperations": "0", "comprehensiveIncomeNetOfTax": "None", "ebit": "374551000", "ebitda": "375888000", "netIncome": "297582000"}, {"fiscalDateEnding": "2006-12-31", "reportedCurrency": "USD", "grossProfit": "978500000", "totalRevenue": "1172994000", "costOfRevenue": "194494000", "costofGoodsAndServicesSold": "194494000", "operatingIncome": "262951000", "sellingGeneralAndAdministrative": "223400000", "researchAndDevelopment": "0", "operatingExpenses": "927200000", "investmentIncomeNet": "None", "netInterestIncome": "None", "interestIncome": "None", "interestExpense": "17151000", "nonInterestIncome": "None", "otherNonOperatingIncome": "None", "depreciation": "None", "depreciationAndAmortization": "2605000", "incomeBeforeTax": "245783000", "incomeTaxExpense": "39432000", "interestAndDebtExpense": "None", "netIncomeFromContinuingOperations": "0", "comprehensiveIncomeNetOfTax": "None", "ebit": "262951000", "ebitda": "265556000", "netIncome": "206351000"}, {"fiscalDateEnding": "2006-09-30", "reportedCurrency": "USD", "grossProfit": "964000000", "totalRevenue": "1113889000", "costOfRevenue": "149889000", "costofGoodsAndServicesSold": "149889000", "operatingIncome": "316850000", "sellingGeneralAndAdministrative": "216000000", "researchAndDevelopment": "0", "operatingExpenses": "814200000", "investmentIncomeNet": "None", "netInterestIncome": "None", "interestIncome": "None", "interestExpense": "17150000", "nonInterestIncome": "None", "otherNonOperatingIncome": "None", "depreciation": "None", "depreciationAndAmortization": "6053000", "incomeBeforeTax": "299655000", "incomeTaxExpense": "53977000", "interestAndDebtExpense": "None", "netIncomeFromContinuingOperations": "0", "comprehensiveIncomeNetOfTax": "None", "ebit": "316850000", "ebitda": "322903000", "netIncome": "245678000"}, {"fiscalDateEnding": "2006-06-30", "reportedCurrency": "USD", "grossProfit": "895600000", "totalRevenue": "1052728000", "costOfRevenue": "157128000", "costofGoodsAndServicesSold": "157128000", "operatingIncome": "268749000", "sellingGeneralAndAdministrative": "206400000", "researchAndDevelopment": "0", "operatingExpenses": "801200000", "investmentIncomeNet": "None", "netInterestIncome": "None", "interestIncome": "None", "interestExpense": "17149000", "nonInterestIncome": "None", "otherNonOperatingIncome": "None", "depreciation": "None", "depreciationAndAmortization": "5948000", "incomeBeforeTax": "251562000", "incomeTaxExpense": "31159000", "interestAndDebtExpense": "None", "netIncomeFromContinuingOperations": "0", "comprehensiveIncomeNetOfTax": "None", "ebit": "268749000", "ebitda": "274697000", "netIncome": "220403000"}, {"fiscalDateEnding": "2006-03-31", "reportedCurrency": "USD", "grossProfit": "1015200000", "totalRevenue": "1177689000", "costOfRevenue": "162489000", "costofGoodsAndServicesSold": "162489000", "operatingIncome": "211948000", "sellingGeneralAndAdministrative": "237500000", "researchAndDevelopment": "0", "operatingExpenses": "982900000", "investmentIncomeNet": "None", "netInterestIncome": "None", "interestIncome": "None", "interestExpense": "17148000", "nonInterestIncome": "None", "otherNonOperatingIncome": "None", "depreciation": "None", "depreciationAndAmortization": "7340000", "incomeBeforeTax": "194750000", "incomeTaxExpense": "26354000", "interestAndDebtExpense": "None", "netIncomeFromContinuingOperations": "0", "comprehensiveIncomeNetOfTax": "None", "ebit": "211948000", "ebitda": "219288000", "netIncome": "168396000"}, {"fiscalDateEnding": "2005-12-31", "reportedCurrency": "USD", "grossProfit": "903000000", "totalRevenue": "1068628000", "costOfRevenue": "165628000", "costofGoodsAndServicesSold": "165628000", "operatingIncome": "-221752000", "sellingGeneralAndAdministrative": "211300000", "researchAndDevelopment": "0", "operatingExpenses": "1310000000", "investmentIncomeNet": "None", "netInterestIncome": "None", "interestIncome": "None", "interestExpense": "17148000", "nonInterestIncome": "None", "otherNonOperatingIncome": "None", "depreciation": "None", "depreciationAndAmortization": "7795000", "incomeBeforeTax": "-238849000", "incomeTaxExpense": "-76652000", "interestAndDebtExpense": "None", "netIncomeFromContinuingOperations": "0", "comprehensiveIncomeNetOfTax": "None", "ebit": "-221752000", "ebitda": "-213957000", "netIncome": "-162197000"}, {"fiscalDateEnding": "2005-09-30", "reportedCurrency": "USD", "grossProfit": "953500000", "totalRevenue": "1102248000", "costOfRevenue": "148748000", "costofGoodsAndServicesSold": "148748000", "operatingIncome": "-453553000", "sellingGeneralAndAdministrative": "204700000", "researchAndDevelopment": "0", "operatingExpenses": "1574400000", "investmentIncomeNet": "None", "netInterestIncome": "None", "interestIncome": "None", "interestExpense": "17147000", "nonInterestIncome": "None", "otherNonOperatingIncome": "None", "depreciation": "None", "depreciationAndAmortization": "8297000", "incomeBeforeTax": "-470736000", "incomeTaxExpense": "-52991000", "interestAndDebtExpense": "None", "netIncomeFromContinuingOperations": "0", "comprehensiveIncomeNetOfTax": "None", "ebit": "-453553000", "ebitda": "-445256000", "netIncome": "-417745000"}, {"fiscalDateEnding": "2005-06-30", "reportedCurrency": "USD", "grossProfit": "1093000000", "totalRevenue": "1249556000", "costOfRevenue": "156556000", "costofGoodsAndServicesSold": "156556000", "operatingIncome": "252269000", "sellingGeneralAndAdministrative": "276600000", "researchAndDevelopment": "0", "operatingExpenses": "1015900000", "investmentIncomeNet": "None", "netInterestIncome": "None", "interestIncome": "None", "interestExpense": "17169000", "nonInterestIncome": "None", "otherNonOperatingIncome": "None", "depreciation": "None", "depreciationAndAmortization": "3666000", "incomeBeforeTax": "235036000", "incomeTaxExpense": "40856000", "interestAndDebtExpense": "None", "netIncomeFromContinuingOperations": "0", "comprehensiveIncomeNetOfTax": "None", "ebit": "252269000", "ebitda": "255935000", "netIncome": "194180000"}, {"fiscalDateEnding": "2005-03-31", "reportedCurrency": "USD", "grossProfit": "1002500000", "totalRevenue": "1134667000", "costOfRevenue": "132167000", "costofGoodsAndServicesSold": "132167000", "operatingIncome": "215307000", "sellingGeneralAndAdministrative": "222300000", "researchAndDevelopment": "0", "operatingExpenses": "943000000", "investmentIncomeNet": "None", "netInterestIncome": "None", "interestIncome": "None", "interestExpense": "21707000", "nonInterestIncome": "None", "otherNonOperatingIncome": "None", "depreciation": "None", "depreciationAndAmortization": "7702000", "incomeBeforeTax": "193628000", "incomeTaxExpense": "26533000", "interestAndDebtExpense": "None", "netIncomeFromContinuingOperations": "0", "comprehensiveIncomeNetOfTax": "None", "ebit": "215307000", "ebitda": "223009000", "netIncome": "167095000"}, {"fiscalDateEnding": "2004-12-31", "reportedCurrency": "USD", "grossProfit": "1226800000", "totalRevenue": "1362212000", "costOfRevenue": "135412000", "costofGoodsAndServicesSold": "135412000", "operatingIncome": "101803000", "sellingGeneralAndAdministrative": "289400000", "researchAndDevelopment": "0", "operatingExpenses": "1282700000", "investmentIncomeNet": "None", "netInterestIncome": "None", "interestIncome": "None", "interestExpense": "22303000", "nonInterestIncome": "None", "otherNonOperatingIncome": "None", "depreciation": "None", "depreciationAndAmortization": "6971000", "incomeBeforeTax": "79534000", "incomeTaxExpense": "-13793000", "interestAndDebtExpense": "None", "netIncomeFromContinuingOperations": "0", "comprehensiveIncomeNetOfTax": "None", "ebit": "101803000", "ebitda": "108774000", "netIncome": "93327000"}]}