{"symbol": "NTAP", "annualReports": [{"fiscalDateEnding": "2024-04-30", "reportedCurrency": "USD", "grossProfit": "4433000000", "totalRevenue": "6268000000", "costOfRevenue": "1835000000", "costofGoodsAndServicesSold": "1835000000", "operatingIncome": "1214000000", "sellingGeneralAndAdministrative": "308000000", "researchAndDevelopment": "1029000000", "operatingExpenses": "3165000000", "investmentIncomeNet": "None", "netInterestIncome": "48000000", "interestIncome": "112000000", "interestExpense": "64000000", "nonInterestIncome": "None", "otherNonOperatingIncome": "None", "depreciation": "None", "depreciationAndAmortization": "255000000", "incomeBeforeTax": "1263000000", "incomeTaxExpense": "277000000", "interestAndDebtExpense": "None", "netIncomeFromContinuingOperations": "986000000", "comprehensiveIncomeNetOfTax": "None", "ebit": "1327000000", "ebitda": "1582000000", "netIncome": "986000000"}, {"fiscalDateEnding": "2023-04-30", "reportedCurrency": "USD", "grossProfit": "4209000000", "totalRevenue": "6362000000", "costOfRevenue": "2153000000", "costofGoodsAndServicesSold": "2153000000", "operatingIncome": "1018000000", "sellingGeneralAndAdministrative": "265000000", "researchAndDevelopment": "956000000", "operatingExpenses": "3050000000", "investmentIncomeNet": "None", "netInterestIncome": "2000000", "interestIncome": "69000000", "interestExpense": "234000000", "nonInterestIncome": "None", "otherNonOperatingIncome": "48000000", "depreciation": "None", "depreciationAndAmortization": "301000000", "incomeBeforeTax": "1066000000", "incomeTaxExpense": "-208000000", "interestAndDebtExpense": "None", "netIncomeFromContinuingOperations": "1274000000", "comprehensiveIncomeNetOfTax": "None", "ebit": "1133000000", "ebitda": "1434000000", "netIncome": "1274000000"}, {"fiscalDateEnding": "2022-04-30", "reportedCurrency": "USD", "grossProfit": "4220000000", "totalRevenue": "6318000000", "costOfRevenue": "2098000000", "costofGoodsAndServicesSold": "2098000000", "operatingIncome": "1157000000", "sellingGeneralAndAdministrative": "279000000", "researchAndDevelopment": "881000000", "operatingExpenses": "3017000000", "investmentIncomeNet": "None", "netInterestIncome": "-66000000", "interestIncome": "7000000", "interestExpense": "73000000", "nonInterestIncome": "None", "otherNonOperatingIncome": "-62000000", "depreciation": "None", "depreciationAndAmortization": "249000000", "incomeBeforeTax": "1095000000", "incomeTaxExpense": "158000000", "interestAndDebtExpense": "None", "netIncomeFromContinuingOperations": "937000000", "comprehensiveIncomeNetOfTax": "None", "ebit": "1115000000", "ebitda": "1364000000", "netIncome": "937000000"}, {"fiscalDateEnding": "2021-04-30", "reportedCurrency": "USD", "grossProfit": "3815000000", "totalRevenue": "5744000000", "costOfRevenue": "1929000000", "costofGoodsAndServicesSold": "1929000000", "operatingIncome": "1031000000", "sellingGeneralAndAdministrative": "257000000", "researchAndDevelopment": "881000000", "operatingExpenses": "2882000000", "investmentIncomeNet": "None", "netInterestIncome": "-65000000", "interestIncome": "9000000", "interestExpense": "74000000", "nonInterestIncome": "None", "otherNonOperatingIncome": "-69000000", "depreciation": "None", "depreciationAndAmortization": "259000000", "incomeBeforeTax": "962000000", "incomeTaxExpense": "232000000", "interestAndDebtExpense": "None", "netIncomeFromContinuingOperations": "730000000", "comprehensiveIncomeNetOfTax": "None", "ebit": "1036000000", "ebitda": "1295000000", "netIncome": "730000000"}, {"fiscalDateEnding": "2020-04-30", "reportedCurrency": "USD", "grossProfit": "3623000000", "totalRevenue": "5412000000", "costOfRevenue": "1789000000", "costofGoodsAndServicesSold": "1789000000", "operatingIncome": "945000000", "sellingGeneralAndAdministrative": "263000000", "researchAndDevelopment": "847000000", "operatingExpenses": "2695000000", "investmentIncomeNet": "None", "netInterestIncome": "-7000000", "interestIncome": "48000000", "interestExpense": "55000000", "nonInterestIncome": "None", "otherNonOperatingIncome": "-1000000", "depreciation": "None", "depreciationAndAmortization": "244000000", "incomeBeforeTax": "944000000", "incomeTaxExpense": "125000000", "interestAndDebtExpense": "None", "netIncomeFromContinuingOperations": "819000000", "comprehensiveIncomeNetOfTax": "None", "ebit": "999000000", "ebitda": "1243000000", "netIncome": "819000000"}, {"fiscalDateEnding": "2019-04-30", "reportedCurrency": "USD", "grossProfit": "3945000000", "totalRevenue": "6146000000", "costOfRevenue": "2201000000", "costofGoodsAndServicesSold": "2201000000", "operatingIncome": "1221000000", "sellingGeneralAndAdministrative": "278000000", "researchAndDevelopment": "827000000", "operatingExpenses": "2762000000", "investmentIncomeNet": "None", "netInterestIncome": "30000000", "interestIncome": "88000000", "interestExpense": "58000000", "nonInterestIncome": "None", "otherNonOperatingIncome": "47000000", "depreciation": "None", "depreciationAndAmortization": "197000000", "incomeBeforeTax": "1268000000", "incomeTaxExpense": "99000000", "interestAndDebtExpense": "None", "netIncomeFromContinuingOperations": "1169000000", "comprehensiveIncomeNetOfTax": "None", "ebit": "1326000000", "ebitda": "1523000000", "netIncome": "1169000000"}, {"fiscalDateEnding": "2018-04-30", "reportedCurrency": "USD", "grossProfit": "3699000000", "totalRevenue": "5911000000", "costOfRevenue": "2212000000", "costofGoodsAndServicesSold": "2212000000", "operatingIncome": "1125000000", "sellingGeneralAndAdministrative": "280000000", "researchAndDevelopment": "783000000", "operatingExpenses": "2792000000", "investmentIncomeNet": "None", "netInterestIncome": "17000000", "interestIncome": "79000000", "interestExpense": "62000000", "nonInterestIncome": "None", "otherNonOperatingIncome": "41000000", "depreciation": "None", "depreciationAndAmortization": "198000000", "incomeBeforeTax": "1166000000", "incomeTaxExpense": "1090000000", "interestAndDebtExpense": "None", "netIncomeFromContinuingOperations": "76000000", "comprehensiveIncomeNetOfTax": "None", "ebit": "1261000000", "ebitda": "1459000000", "netIncome": "76000000"}, {"fiscalDateEnding": "2017-04-30", "reportedCurrency": "USD", "grossProfit": "3390000000", "totalRevenue": "5519000000", "costOfRevenue": "2129000000", "costofGoodsAndServicesSold": "2129000000", "operatingIncome": "665000000", "sellingGeneralAndAdministrative": "271000000", "researchAndDevelopment": "779000000", "operatingExpenses": "2683000000", "investmentIncomeNet": "None", "netInterestIncome": "-8000000", "interestIncome": "44000000", "interestExpense": "52000000", "nonInterestIncome": "None", "otherNonOperatingIncome": "None", "depreciation": "None", "depreciationAndAmortization": "226000000", "incomeBeforeTax": "665000000", "incomeTaxExpense": "156000000", "interestAndDebtExpense": "None", "netIncomeFromContinuingOperations": "509000000", "comprehensiveIncomeNetOfTax": "None", "ebit": "717000000", "ebitda": "943000000", "netIncome": "509000000"}, {"fiscalDateEnding": "2016-04-30", "reportedCurrency": "USD", "grossProfit": "3373000000", "totalRevenue": "5546000000", "costOfRevenue": "2173000000", "costofGoodsAndServicesSold": "2173000000", "operatingIncome": "348000000", "sellingGeneralAndAdministrative": "307000000", "researchAndDevelopment": "861000000", "operatingExpenses": "2960000000", "investmentIncomeNet": "None", "netInterestIncome": "None", "interestIncome": "None", "interestExpense": "49000000", "nonInterestIncome": "None", "otherNonOperatingIncome": "-3000000", "depreciation": "None", "depreciationAndAmortization": "268000000", "incomeBeforeTax": "345000000", "incomeTaxExpense": "116000000", "interestAndDebtExpense": "None", "netIncomeFromContinuingOperations": "229000000", "comprehensiveIncomeNetOfTax": "None", "ebit": "394000000", "ebitda": "662000000", "netIncome": "229000000"}, {"fiscalDateEnding": "2015-04-30", "reportedCurrency": "USD", "grossProfit": "3833200000", "totalRevenue": "6122700000", "costOfRevenue": "2289500000", "costofGoodsAndServicesSold": "2289500000", "operatingIncome": "716500000", "sellingGeneralAndAdministrative": "284200000", "researchAndDevelopment": "919300000", "operatingExpenses": "3116700000", "investmentIncomeNet": "None", "netInterestIncome": "None", "interestIncome": "None", "interestExpense": "42000000", "nonInterestIncome": "None", "otherNonOperatingIncome": "-3700000", "depreciation": "None", "depreciationAndAmortization": "307200000", "incomeBeforeTax": "712800000", "incomeTaxExpense": "152900000", "interestAndDebtExpense": "None", "netIncomeFromContinuingOperations": "559900000", "comprehensiveIncomeNetOfTax": "None", "ebit": "716500000", "ebitda": "1023700000", "netIncome": "559900000"}, {"fiscalDateEnding": "2014-04-30", "reportedCurrency": "USD", "grossProfit": "3919100000", "totalRevenue": "6325100000", "costOfRevenue": "2406000000", "costofGoodsAndServicesSold": "2406000000", "operatingIncome": "734300000", "sellingGeneralAndAdministrative": "281000000", "researchAndDevelopment": "917300000", "operatingExpenses": "3096500000", "investmentIncomeNet": "None", "netInterestIncome": "None", "interestIncome": "None", "interestExpense": "36100000", "nonInterestIncome": "None", "otherNonOperatingIncome": "42500000", "depreciation": "None", "depreciationAndAmortization": "334100000", "incomeBeforeTax": "740700000", "incomeTaxExpense": "103200000", "interestAndDebtExpense": "None", "netIncomeFromContinuingOperations": "637500000", "comprehensiveIncomeNetOfTax": "None", "ebit": "776800000", "ebitda": "1110900000", "netIncome": "637500000"}, {"fiscalDateEnding": "2013-04-30", "reportedCurrency": "USD", "grossProfit": "3761100000", "totalRevenue": "6332400000", "costOfRevenue": "2571300000", "costofGoodsAndServicesSold": "2571300000", "operatingIncome": "607800000", "sellingGeneralAndAdministrative": "272600000", "researchAndDevelopment": "904200000", "operatingExpenses": "3151600000", "investmentIncomeNet": "None", "netInterestIncome": "None", "interestIncome": "None", "interestExpense": "91700000", "nonInterestIncome": "None", "otherNonOperatingIncome": "50500000", "depreciation": "None", "depreciationAndAmortization": "344600000", "incomeBeforeTax": "566600000", "incomeTaxExpense": "61300000", "interestAndDebtExpense": "None", "netIncomeFromContinuingOperations": "505300000", "comprehensiveIncomeNetOfTax": "None", "ebit": "658300000", "ebitda": "1002900000", "netIncome": "505300000"}, {"fiscalDateEnding": "2012-04-30", "reportedCurrency": "USD", "grossProfit": "3713400000", "totalRevenue": "6233200000", "costOfRevenue": "2519800000", "costofGoodsAndServicesSold": "2519800000", "operatingIncome": "746500000", "sellingGeneralAndAdministrative": "264900000", "researchAndDevelopment": "828200000", "operatingExpenses": "2957100000", "investmentIncomeNet": "None", "netInterestIncome": "None", "interestIncome": "None", "interestExpense": "74700000", "nonInterestIncome": "None", "otherNonOperatingIncome": "40600000", "depreciation": "None", "depreciationAndAmortization": "293100000", "incomeBeforeTax": "712400000", "incomeTaxExpense": "107000000", "interestAndDebtExpense": "None", "netIncomeFromContinuingOperations": "605400000", "comprehensiveIncomeNetOfTax": "None", "ebit": "787100000", "ebitda": "1080200000", "netIncome": "605400000"}, {"fiscalDateEnding": "2011-04-30", "reportedCurrency": "USD", "grossProfit": "3328700000", "totalRevenue": "5122600000", "costOfRevenue": "1793900000", "costofGoodsAndServicesSold": "1793900000", "operatingIncome": "824300000", "sellingGeneralAndAdministrative": "251300000", "researchAndDevelopment": "648600000", "operatingExpenses": "2496900000", "investmentIncomeNet": "None", "netInterestIncome": "None", "interestIncome": "None", "interestExpense": "75900000", "nonInterestIncome": "None", "otherNonOperatingIncome": "45700000", "depreciation": "None", "depreciationAndAmortization": "165600000", "incomeBeforeTax": "794100000", "incomeTaxExpense": "121000000", "interestAndDebtExpense": "None", "netIncomeFromContinuingOperations": "673100000", "comprehensiveIncomeNetOfTax": "None", "ebit": "870000000", "ebitda": "1035600000", "netIncome": "673100000"}, {"fiscalDateEnding": "2010-04-30", "reportedCurrency": "USD", "grossProfit": "2519200000", "totalRevenue": "3931400000", "costOfRevenue": "1412200000", "costofGoodsAndServicesSold": "1412200000", "operatingIncome": "488400000", "sellingGeneralAndAdministrative": "238800000", "researchAndDevelopment": "535700000", "operatingExpenses": "2068200000", "investmentIncomeNet": "None", "netInterestIncome": "None", "interestIncome": "None", "interestExpense": "74100000", "nonInterestIncome": "None", "otherNonOperatingIncome": "None", "depreciation": "None", "depreciationAndAmortization": "166000000", "incomeBeforeTax": "447000000", "incomeTaxExpense": "46600000", "interestAndDebtExpense": "None", "netIncomeFromContinuingOperations": "None", "comprehensiveIncomeNetOfTax": "None", "ebit": "521100000", "ebitda": "687100000", "netIncome": "400400000"}, {"fiscalDateEnding": "2009-04-30", "reportedCurrency": "USD", "grossProfit": "1989915000", "totalRevenue": "3406393000", "costOfRevenue": "1416478000", "costofGoodsAndServicesSold": "1416478000", "operatingIncome": "47175000", "sellingGeneralAndAdministrative": "203698000", "researchAndDevelopment": "498495000", "operatingExpenses": "1888334000", "investmentIncomeNet": "None", "netInterestIncome": "None", "interestIncome": "None", "interestExpense": "26865000", "nonInterestIncome": "None", "otherNonOperatingIncome": "None", "depreciation": "None", "depreciationAndAmortization": "170538000", "incomeBeforeTax": "44829000", "incomeTaxExpense": "-41716000", "interestAndDebtExpense": "None", "netIncomeFromContinuingOperations": "None", "comprehensiveIncomeNetOfTax": "None", "ebit": "71694000", "ebitda": "242232000", "netIncome": "86545000"}, {"fiscalDateEnding": "2008-04-30", "reportedCurrency": "USD", "grossProfit": "2013376000", "totalRevenue": "3303167000", "costOfRevenue": "1289791000", "costofGoodsAndServicesSold": "1289791000", "operatingIncome": "313600000", "sellingGeneralAndAdministrative": "171536000", "researchAndDevelopment": "452205000", "operatingExpenses": "1699329000", "investmentIncomeNet": "None", "netInterestIncome": "None", "interestIncome": "None", "interestExpense": "7990000", "nonInterestIncome": "None", "otherNonOperatingIncome": "None", "depreciation": "None", "depreciationAndAmortization": "144184000", "incomeBeforeTax": "382699000", "incomeTaxExpense": "72961000", "interestAndDebtExpense": "None", "netIncomeFromContinuingOperations": "None", "comprehensiveIncomeNetOfTax": "None", "ebit": "390689000", "ebitda": "534873000", "netIncome": "309738000"}, {"fiscalDateEnding": "2007-04-30", "reportedCurrency": "USD", "grossProfit": "1704500000", "totalRevenue": "2804282000", "costOfRevenue": "1099782000", "costofGoodsAndServicesSold": "1099782000", "operatingIncome": "301242000", "sellingGeneralAndAdministrative": "147501000", "researchAndDevelopment": "385357000", "operatingExpenses": "1403332000", "investmentIncomeNet": "None", "netInterestIncome": "None", "interestIncome": "None", "interestExpense": "11642000", "nonInterestIncome": "None", "otherNonOperatingIncome": "None", "depreciation": "None", "depreciationAndAmortization": "110833000", "incomeBeforeTax": "359728000", "incomeTaxExpense": "61993000", "interestAndDebtExpense": "None", "netIncomeFromContinuingOperations": "None", "comprehensiveIncomeNetOfTax": "None", "ebit": "371370000", "ebitda": "482203000", "netIncome": "297735000"}, {"fiscalDateEnding": "2006-04-30", "reportedCurrency": "USD", "grossProfit": "1256461000", "totalRevenue": "2066456000", "costOfRevenue": "809995000", "costofGoodsAndServicesSold": "809995000", "operatingIncome": "308291000", "sellingGeneralAndAdministrative": "91852000", "researchAndDevelopment": "242988000", "operatingExpenses": "943287000", "investmentIncomeNet": "None", "netInterestIncome": "None", "interestIncome": "None", "interestExpense": "1283000", "nonInterestIncome": "None", "otherNonOperatingIncome": "None", "depreciation": "None", "depreciationAndAmortization": "81797000", "incomeBeforeTax": "350272000", "incomeTaxExpense": "83820000", "interestAndDebtExpense": "None", "netIncomeFromContinuingOperations": "None", "comprehensiveIncomeNetOfTax": "None", "ebit": "313174000", "ebitda": "394971000", "netIncome": "266452000"}, {"fiscalDateEnding": "2005-04-30", "reportedCurrency": "USD", "grossProfit": "975048000", "totalRevenue": "1598131000", "costOfRevenue": "623083000", "costofGoodsAndServicesSold": "623083000", "operatingIncome": "253187000", "sellingGeneralAndAdministrative": "76903000", "researchAndDevelopment": "171049000", "operatingExpenses": "722132000", "investmentIncomeNet": "None", "netInterestIncome": "None", "interestIncome": "None", "interestExpense": "0", "nonInterestIncome": "None", "otherNonOperatingIncome": "None", "depreciation": "None", "depreciationAndAmortization": "65624000", "incomeBeforeTax": "276228000", "incomeTaxExpense": "50474000", "interestAndDebtExpense": "None", "netIncomeFromContinuingOperations": "None", "comprehensiveIncomeNetOfTax": "None", "ebit": "276228000", "ebitda": "341852000", "netIncome": "225754000"}], "quarterlyReports": [{"fiscalDateEnding": "2025-01-31", "reportedCurrency": "USD", "grossProfit": "1145000000", "totalRevenue": "1641000000", "costOfRevenue": "496000000", "costofGoodsAndServicesSold": "496000000", "operatingIncome": "362000000", "sellingGeneralAndAdministrative": "74000000", "researchAndDevelopment": "247000000", "operatingExpenses": "783000000", "investmentIncomeNet": "None", "netInterestIncome": "8000000", "interestIncome": "20000000", "interestExpense": "12000000", "nonInterestIncome": "None", "otherNonOperatingIncome": "None", "depreciation": "None", "depreciationAndAmortization": "64000000", "incomeBeforeTax": "370000000", "incomeTaxExpense": "71000000", "interestAndDebtExpense": "None", "netIncomeFromContinuingOperations": "299000000", "comprehensiveIncomeNetOfTax": "None", "ebit": "382000000", "ebitda": "446000000", "netIncome": "299000000"}, {"fiscalDateEnding": "2024-10-31", "reportedCurrency": "USD", "grossProfit": "1177000000", "totalRevenue": "1658000000", "costOfRevenue": "481000000", "costofGoodsAndServicesSold": "481000000", "operatingIncome": "345000000", "sellingGeneralAndAdministrative": "77000000", "researchAndDevelopment": "257000000", "operatingExpenses": "832000000", "investmentIncomeNet": "None", "netInterestIncome": "12000000", "interestIncome": "27000000", "interestExpense": "15000000", "nonInterestIncome": "None", "otherNonOperatingIncome": "None", "depreciation": "None", "depreciationAndAmortization": "63000000", "incomeBeforeTax": "360000000", "incomeTaxExpense": "61000000", "interestAndDebtExpense": "None", "netIncomeFromContinuingOperations": "299000000", "comprehensiveIncomeNetOfTax": "None", "ebit": "375000000", "ebitda": "438000000", "netIncome": "299000000"}, {"fiscalDateEnding": "2024-07-31", "reportedCurrency": "USD", "grossProfit": "1098000000", "totalRevenue": "1541000000", "costOfRevenue": "443000000", "costofGoodsAndServicesSold": "443000000", "operatingIncome": "282000000", "sellingGeneralAndAdministrative": "75000000", "researchAndDevelopment": "252000000", "operatingExpenses": "798000000", "investmentIncomeNet": "None", "netInterestIncome": "20000000", "interestIncome": "36000000", "interestExpense": "16000000", "nonInterestIncome": "None", "otherNonOperatingIncome": "None", "depreciation": "None", "depreciationAndAmortization": "63000000", "incomeBeforeTax": "299000000", "incomeTaxExpense": "51000000", "interestAndDebtExpense": "None", "netIncomeFromContinuingOperations": "248000000", "comprehensiveIncomeNetOfTax": "None", "ebit": "300000000", "ebitda": "363000000", "netIncome": "248000000"}, {"fiscalDateEnding": "2024-04-30", "reportedCurrency": "USD", "grossProfit": "1169000000", "totalRevenue": "1667000000", "costOfRevenue": "498000000", "costofGoodsAndServicesSold": "498000000", "operatingIncome": "366000000", "sellingGeneralAndAdministrative": "78000000", "researchAndDevelopment": "271000000", "operatingExpenses": "803000000", "investmentIncomeNet": "None", "netInterestIncome": "16000000", "interestIncome": "32000000", "interestExpense": "16000000", "nonInterestIncome": "None", "otherNonOperatingIncome": "None", "depreciation": "None", "depreciationAndAmortization": "64000000", "incomeBeforeTax": "380000000", "incomeTaxExpense": "89000000", "interestAndDebtExpense": "None", "netIncomeFromContinuingOperations": "291000000", "comprehensiveIncomeNetOfTax": "None", "ebit": "396000000", "ebitda": "460000000", "netIncome": "291000000"}, {"fiscalDateEnding": "2024-01-31", "reportedCurrency": "USD", "grossProfit": "1151000000", "totalRevenue": "1606000000", "costOfRevenue": "455000000", "costofGoodsAndServicesSold": "455000000", "operatingIncome": "366000000", "sellingGeneralAndAdministrative": "81000000", "researchAndDevelopment": "249000000", "operatingExpenses": "769000000", "investmentIncomeNet": "None", "netInterestIncome": "10000000", "interestIncome": "27000000", "interestExpense": "17000000", "nonInterestIncome": "None", "otherNonOperatingIncome": "None", "depreciation": "None", "depreciationAndAmortization": "63000000", "incomeBeforeTax": "382000000", "incomeTaxExpense": "69000000", "interestAndDebtExpense": "None", "netIncomeFromContinuingOperations": "313000000", "comprehensiveIncomeNetOfTax": "None", "ebit": "399000000", "ebitda": "462000000", "netIncome": "313000000"}, {"fiscalDateEnding": "2023-10-31", "reportedCurrency": "USD", "grossProfit": "1110000000", "totalRevenue": "1562000000", "costOfRevenue": "452000000", "costofGoodsAndServicesSold": "452000000", "operatingIncome": "304000000", "sellingGeneralAndAdministrative": "75000000", "researchAndDevelopment": "262000000", "operatingExpenses": "798000000", "investmentIncomeNet": "None", "netInterestIncome": "10000000", "interestIncome": "25000000", "interestExpense": "15000000", "nonInterestIncome": "None", "otherNonOperatingIncome": "None", "depreciation": "None", "depreciationAndAmortization": "64000000", "incomeBeforeTax": "315000000", "incomeTaxExpense": "82000000", "interestAndDebtExpense": "None", "netIncomeFromContinuingOperations": "233000000", "comprehensiveIncomeNetOfTax": "None", "ebit": "316000000", "ebitda": "380000000", "netIncome": "233000000"}, {"fiscalDateEnding": "2023-07-31", "reportedCurrency": "USD", "grossProfit": "996000000", "totalRevenue": "1432000000", "costOfRevenue": "436000000", "costofGoodsAndServicesSold": "436000000", "operatingIncome": "178000000", "sellingGeneralAndAdministrative": "74000000", "researchAndDevelopment": "247000000", "operatingExpenses": "789000000", "investmentIncomeNet": "None", "netInterestIncome": "12000000", "interestIncome": "28000000", "interestExpense": "16000000", "nonInterestIncome": "None", "otherNonOperatingIncome": "None", "depreciation": "None", "depreciationAndAmortization": "75000000", "incomeBeforeTax": "186000000", "incomeTaxExpense": "37000000", "interestAndDebtExpense": "None", "netIncomeFromContinuingOperations": "149000000", "comprehensiveIncomeNetOfTax": "None", "ebit": "202000000", "ebitda": "277000000", "netIncome": "149000000"}, {"fiscalDateEnding": "2023-04-30", "reportedCurrency": "USD", "grossProfit": "1075000000", "totalRevenue": "1581000000", "costOfRevenue": "506000000", "costofGoodsAndServicesSold": "506000000", "operatingIncome": "309000000", "sellingGeneralAndAdministrative": "67000000", "researchAndDevelopment": "243000000", "operatingExpenses": "752000000", "investmentIncomeNet": "None", "netInterestIncome": "11000000", "interestIncome": "27000000", "interestExpense": "23000000", "nonInterestIncome": "None", "otherNonOperatingIncome": "None", "depreciation": "None", "depreciationAndAmortization": "79000000", "incomeBeforeTax": "314000000", "incomeTaxExpense": "69000000", "interestAndDebtExpense": "None", "netIncomeFromContinuingOperations": "245000000", "comprehensiveIncomeNetOfTax": "None", "ebit": "330000000", "ebitda": "409000000", "netIncome": "245000000"}, {"fiscalDateEnding": "2023-01-31", "reportedCurrency": "USD", "grossProfit": "1001000000", "totalRevenue": "1526000000", "costOfRevenue": "525000000", "costofGoodsAndServicesSold": "525000000", "operatingIncome": "172000000", "sellingGeneralAndAdministrative": "59000000", "researchAndDevelopment": "230000000", "operatingExpenses": "829000000", "investmentIncomeNet": "None", "netInterestIncome": "5000000", "interestIncome": "21000000", "interestExpense": "16000000", "nonInterestIncome": "None", "otherNonOperatingIncome": "5000000", "depreciation": "None", "depreciationAndAmortization": "65000000", "incomeBeforeTax": "177000000", "incomeTaxExpense": "112000000", "interestAndDebtExpense": "None", "netIncomeFromContinuingOperations": "65000000", "comprehensiveIncomeNetOfTax": "None", "ebit": "193000000", "ebitda": "258000000", "netIncome": "65000000"}, {"fiscalDateEnding": "2022-10-31", "reportedCurrency": "USD", "grossProfit": "1087000000", "totalRevenue": "1663000000", "costOfRevenue": "576000000", "costofGoodsAndServicesSold": "576000000", "operatingIncome": "282000000", "sellingGeneralAndAdministrative": "67000000", "researchAndDevelopment": "243000000", "operatingExpenses": "789000000", "investmentIncomeNet": "None", "netInterestIncome": "-3000000", "interestIncome": "14000000", "interestExpense": "17000000", "nonInterestIncome": "None", "otherNonOperatingIncome": "23000000", "depreciation": "None", "depreciationAndAmortization": "59000000", "incomeBeforeTax": "305000000", "incomeTaxExpense": "-445000000", "interestAndDebtExpense": "None", "netIncomeFromContinuingOperations": "750000000", "comprehensiveIncomeNetOfTax": "None", "ebit": "335000000", "ebitda": "394000000", "netIncome": "750000000"}, {"fiscalDateEnding": "2022-07-31", "reportedCurrency": "USD", "grossProfit": "1046000000", "totalRevenue": "1592000000", "costOfRevenue": "546000000", "costofGoodsAndServicesSold": "546000000", "operatingIncome": "255000000", "sellingGeneralAndAdministrative": "72000000", "researchAndDevelopment": "240000000", "operatingExpenses": "770000000", "investmentIncomeNet": "None", "netInterestIncome": "-11000000", "interestIncome": "7000000", "interestExpense": "18000000", "nonInterestIncome": "None", "otherNonOperatingIncome": "None", "depreciation": "None", "depreciationAndAmortization": "58000000", "incomeBeforeTax": "270000000", "incomeTaxExpense": "56000000", "interestAndDebtExpense": "None", "netIncomeFromContinuingOperations": "214000000", "comprehensiveIncomeNetOfTax": "None", "ebit": "302000000", "ebitda": "360000000", "netIncome": "214000000"}, {"fiscalDateEnding": "2022-04-30", "reportedCurrency": "USD", "grossProfit": "1087000000", "totalRevenue": "1682000000", "costOfRevenue": "595000000", "costofGoodsAndServicesSold": "595000000", "operatingIncome": "304000000", "sellingGeneralAndAdministrative": "72000000", "researchAndDevelopment": "235000000", "operatingExpenses": "783000000", "investmentIncomeNet": "None", "netInterestIncome": "-16000000", "interestIncome": "2000000", "interestExpense": "18000000", "nonInterestIncome": "None", "otherNonOperatingIncome": "-21000000", "depreciation": "None", "depreciationAndAmortization": "66000000", "incomeBeforeTax": "272000000", "incomeTaxExpense": "13000000", "interestAndDebtExpense": "None", "netIncomeFromContinuingOperations": "259000000", "comprehensiveIncomeNetOfTax": "None", "ebit": "290000000", "ebitda": "356000000", "netIncome": "259000000"}, {"fiscalDateEnding": "2022-01-31", "reportedCurrency": "USD", "grossProfit": "1073000000", "totalRevenue": "1614000000", "costOfRevenue": "541000000", "costofGoodsAndServicesSold": "541000000", "operatingIncome": "321000000", "sellingGeneralAndAdministrative": "65000000", "researchAndDevelopment": "220000000", "operatingExpenses": "746000000", "investmentIncomeNet": "None", "netInterestIncome": "-17000000", "interestIncome": "2000000", "interestExpense": "19000000", "nonInterestIncome": "None", "otherNonOperatingIncome": "-15000000", "depreciation": "None", "depreciationAndAmortization": "63000000", "incomeBeforeTax": "306000000", "incomeTaxExpense": "54000000", "interestAndDebtExpense": "None", "netIncomeFromContinuingOperations": "252000000", "comprehensiveIncomeNetOfTax": "None", "ebit": "325000000", "ebitda": "388000000", "netIncome": "252000000"}, {"fiscalDateEnding": "2021-10-31", "reportedCurrency": "USD", "grossProfit": "1059000000", "totalRevenue": "1566000000", "costOfRevenue": "507000000", "costofGoodsAndServicesSold": "507000000", "operatingIncome": "294000000", "sellingGeneralAndAdministrative": "76000000", "researchAndDevelopment": "216000000", "operatingExpenses": "757000000", "investmentIncomeNet": "None", "netInterestIncome": "-17000000", "interestIncome": "1000000", "interestExpense": "18000000", "nonInterestIncome": "None", "otherNonOperatingIncome": "-14000000", "depreciation": "None", "depreciationAndAmortization": "61000000", "incomeBeforeTax": "280000000", "incomeTaxExpense": "56000000", "interestAndDebtExpense": "None", "netIncomeFromContinuingOperations": "224000000", "comprehensiveIncomeNetOfTax": "None", "ebit": "298000000", "ebitda": "359000000", "netIncome": "224000000"}, {"fiscalDateEnding": "2021-07-31", "reportedCurrency": "USD", "grossProfit": "999000000", "totalRevenue": "1458000000", "costOfRevenue": "459000000", "costofGoodsAndServicesSold": "459000000", "operatingIncome": "249000000", "sellingGeneralAndAdministrative": "66000000", "researchAndDevelopment": "210000000", "operatingExpenses": "727000000", "investmentIncomeNet": "None", "netInterestIncome": "-16000000", "interestIncome": "2000000", "interestExpense": "18000000", "nonInterestIncome": "None", "otherNonOperatingIncome": "-12000000", "depreciation": "None", "depreciationAndAmortization": "59000000", "incomeBeforeTax": "237000000", "incomeTaxExpense": "35000000", "interestAndDebtExpense": "None", "netIncomeFromContinuingOperations": "202000000", "comprehensiveIncomeNetOfTax": "None", "ebit": "255000000", "ebitda": "314000000", "netIncome": "202000000"}, {"fiscalDateEnding": "2021-04-30", "reportedCurrency": "USD", "grossProfit": "1035000000", "totalRevenue": "1555000000", "costOfRevenue": "520000000", "costofGoodsAndServicesSold": "520000000", "operatingIncome": "455000000", "sellingGeneralAndAdministrative": "66000000", "researchAndDevelopment": "221000000", "operatingExpenses": "734000000", "investmentIncomeNet": "None", "netInterestIncome": "-17000000", "interestIncome": "2000000", "interestExpense": "19000000", "nonInterestIncome": "None", "otherNonOperatingIncome": "-19000000", "depreciation": "None", "depreciationAndAmortization": "62000000", "incomeBeforeTax": "436000000", "incomeTaxExpense": "102000000", "interestAndDebtExpense": "None", "netIncomeFromContinuingOperations": "334000000", "comprehensiveIncomeNetOfTax": "None", "ebit": "455000000", "ebitda": "517000000", "netIncome": "334000000"}, {"fiscalDateEnding": "2021-01-31", "reportedCurrency": "USD", "grossProfit": "975000000", "totalRevenue": "1470000000", "costOfRevenue": "495000000", "costofGoodsAndServicesSold": "495000000", "operatingIncome": "258000000", "sellingGeneralAndAdministrative": "63000000", "researchAndDevelopment": "215000000", "operatingExpenses": "714000000", "investmentIncomeNet": "None", "netInterestIncome": "-17000000", "interestIncome": "2000000", "interestExpense": "19000000", "nonInterestIncome": "None", "otherNonOperatingIncome": "-11000000", "depreciation": "None", "depreciationAndAmortization": "54000000", "incomeBeforeTax": "247000000", "incomeTaxExpense": "65000000", "interestAndDebtExpense": "None", "netIncomeFromContinuingOperations": "182000000", "comprehensiveIncomeNetOfTax": "None", "ebit": "278000000", "ebitda": "332000000", "netIncome": "182000000"}, {"fiscalDateEnding": "2020-10-31", "reportedCurrency": "USD", "grossProfit": "933000000", "totalRevenue": "1416000000", "costOfRevenue": "483000000", "costofGoodsAndServicesSold": "483000000", "operatingIncome": "182000000", "sellingGeneralAndAdministrative": "67000000", "researchAndDevelopment": "212000000", "operatingExpenses": "711000000", "investmentIncomeNet": "None", "netInterestIncome": "-16000000", "interestIncome": "2000000", "interestExpense": "18000000", "nonInterestIncome": "None", "otherNonOperatingIncome": "-7000000", "depreciation": "None", "depreciationAndAmortization": "56000000", "incomeBeforeTax": "175000000", "incomeTaxExpense": "38000000", "interestAndDebtExpense": "None", "netIncomeFromContinuingOperations": "137000000", "comprehensiveIncomeNetOfTax": "None", "ebit": "206000000", "ebitda": "262000000", "netIncome": "137000000"}, {"fiscalDateEnding": "2020-07-31", "reportedCurrency": "USD", "grossProfit": "872000000", "totalRevenue": "1303000000", "costOfRevenue": "431000000", "costofGoodsAndServicesSold": "431000000", "operatingIncome": "136000000", "sellingGeneralAndAdministrative": "61000000", "researchAndDevelopment": "233000000", "operatingExpenses": "723000000", "investmentIncomeNet": "None", "netInterestIncome": "-15000000", "interestIncome": "3000000", "interestExpense": "18000000", "nonInterestIncome": "None", "otherNonOperatingIncome": "-32000000", "depreciation": "None", "depreciationAndAmortization": "49000000", "incomeBeforeTax": "104000000", "incomeTaxExpense": "27000000", "interestAndDebtExpense": "None", "netIncomeFromContinuingOperations": "77000000", "comprehensiveIncomeNetOfTax": "None", "ebit": "135000000", "ebitda": "184000000", "netIncome": "77000000"}, {"fiscalDateEnding": "2020-04-30", "reportedCurrency": "USD", "grossProfit": "941000000", "totalRevenue": "1401000000", "costOfRevenue": "460000000", "costofGoodsAndServicesSold": "460000000", "operatingIncome": "277000000", "sellingGeneralAndAdministrative": "63000000", "researchAndDevelopment": "212000000", "operatingExpenses": "664000000", "investmentIncomeNet": "None", "netInterestIncome": "-7000000", "interestIncome": "7000000", "interestExpense": "14000000", "nonInterestIncome": "None", "otherNonOperatingIncome": "-27000000", "depreciation": "None", "depreciationAndAmortization": "47000000", "incomeBeforeTax": "250000000", "incomeTaxExpense": "54000000", "interestAndDebtExpense": "None", "netIncomeFromContinuingOperations": "196000000", "comprehensiveIncomeNetOfTax": "None", "ebit": "276000000", "ebitda": "323000000", "netIncome": "196000000"}, {"fiscalDateEnding": "2020-01-31", "reportedCurrency": "USD", "grossProfit": "941000000", "totalRevenue": "1404000000", "costOfRevenue": "463000000", "costofGoodsAndServicesSold": "463000000", "operatingIncome": "268000000", "sellingGeneralAndAdministrative": "60000000", "researchAndDevelopment": "211000000", "operatingExpenses": "673000000", "investmentIncomeNet": "None", "netInterestIncome": "-4000000", "interestIncome": "10000000", "interestExpense": "14000000", "nonInterestIncome": "None", "otherNonOperatingIncome": "8000000", "depreciation": "None", "depreciationAndAmortization": "47000000", "incomeBeforeTax": "276000000", "incomeTaxExpense": "-1000000", "interestAndDebtExpense": "None", "netIncomeFromContinuingOperations": "277000000", "comprehensiveIncomeNetOfTax": "None", "ebit": "268000000", "ebitda": "315000000", "netIncome": "277000000"}, {"fiscalDateEnding": "2019-10-31", "reportedCurrency": "USD", "grossProfit": "925000000", "totalRevenue": "1371000000", "costOfRevenue": "446000000", "costofGoodsAndServicesSold": "446000000", "operatingIncome": "296000000", "sellingGeneralAndAdministrative": "69000000", "researchAndDevelopment": "209000000", "operatingExpenses": "667000000", "investmentIncomeNet": "None", "netInterestIncome": "0", "interestIncome": "12000000", "interestExpense": "12000000", "nonInterestIncome": "None", "otherNonOperatingIncome": "3000000", "depreciation": "None", "depreciationAndAmortization": "50000000", "incomeBeforeTax": "299000000", "incomeTaxExpense": "56000000", "interestAndDebtExpense": "None", "netIncomeFromContinuingOperations": "243000000", "comprehensiveIncomeNetOfTax": "None", "ebit": "311000000", "ebitda": "361000000", "netIncome": "243000000"}, {"fiscalDateEnding": "2019-07-31", "reportedCurrency": "USD", "grossProfit": "816000000", "totalRevenue": "1236000000", "costOfRevenue": "420000000", "costofGoodsAndServicesSold": "420000000", "operatingIncome": "104000000", "sellingGeneralAndAdministrative": "71000000", "researchAndDevelopment": "215000000", "operatingExpenses": "691000000", "investmentIncomeNet": "None", "netInterestIncome": "4000000", "interestIncome": "19000000", "interestExpense": "15000000", "nonInterestIncome": "None", "otherNonOperatingIncome": "15000000", "depreciation": "None", "depreciationAndAmortization": "49000000", "incomeBeforeTax": "119000000", "incomeTaxExpense": "16000000", "interestAndDebtExpense": "None", "netIncomeFromContinuingOperations": "103000000", "comprehensiveIncomeNetOfTax": "None", "ebit": "134000000", "ebitda": "183000000", "netIncome": "103000000"}, {"fiscalDateEnding": "2019-04-30", "reportedCurrency": "USD", "grossProfit": "1026000000", "totalRevenue": "1592000000", "costOfRevenue": "566000000", "costofGoodsAndServicesSold": "566000000", "operatingIncome": "370000000", "sellingGeneralAndAdministrative": "69000000", "researchAndDevelopment": "205000000", "operatingExpenses": "713000000", "investmentIncomeNet": "None", "netInterestIncome": "6000000", "interestIncome": "20000000", "interestExpense": "14000000", "nonInterestIncome": "None", "otherNonOperatingIncome": "14000000", "depreciation": "None", "depreciationAndAmortization": "48000000", "incomeBeforeTax": "384000000", "incomeTaxExpense": "-12000000", "interestAndDebtExpense": "None", "netIncomeFromContinuingOperations": "396000000", "comprehensiveIncomeNetOfTax": "None", "ebit": "398000000", "ebitda": "446000000", "netIncome": "396000000"}, {"fiscalDateEnding": "2019-01-31", "reportedCurrency": "USD", "grossProfit": "982000000", "totalRevenue": "1563000000", "costOfRevenue": "581000000", "costofGoodsAndServicesSold": "581000000", "operatingIncome": "311000000", "sellingGeneralAndAdministrative": "67000000", "researchAndDevelopment": "203000000", "operatingExpenses": "671000000", "investmentIncomeNet": "None", "netInterestIncome": "None", "interestIncome": "None", "interestExpense": "16000000", "nonInterestIncome": "None", "otherNonOperatingIncome": "8000000", "depreciation": "None", "depreciationAndAmortization": "51000000", "incomeBeforeTax": "319000000", "incomeTaxExpense": "70000000", "interestAndDebtExpense": "None", "netIncomeFromContinuingOperations": "249000000", "comprehensiveIncomeNetOfTax": "None", "ebit": "311000000", "ebitda": "362000000", "netIncome": "249000000"}, {"fiscalDateEnding": "2018-10-31", "reportedCurrency": "USD", "grossProfit": "974000000", "totalRevenue": "1517000000", "costOfRevenue": "543000000", "costofGoodsAndServicesSold": "543000000", "operatingIncome": "286000000", "sellingGeneralAndAdministrative": "69000000", "researchAndDevelopment": "211000000", "operatingExpenses": "688000000", "investmentIncomeNet": "None", "netInterestIncome": "None", "interestIncome": "None", "interestExpense": "14000000", "nonInterestIncome": "None", "otherNonOperatingIncome": "7000000", "depreciation": "None", "depreciationAndAmortization": "49000000", "incomeBeforeTax": "293000000", "incomeTaxExpense": "52000000", "interestAndDebtExpense": "None", "netIncomeFromContinuingOperations": "241000000", "comprehensiveIncomeNetOfTax": "None", "ebit": "286000000", "ebitda": "335000000", "netIncome": "241000000"}, {"fiscalDateEnding": "2018-07-31", "reportedCurrency": "USD", "grossProfit": "963000000", "totalRevenue": "1474000000", "costOfRevenue": "511000000", "costofGoodsAndServicesSold": "511000000", "operatingIncome": "254000000", "sellingGeneralAndAdministrative": "73000000", "researchAndDevelopment": "208000000", "operatingExpenses": "690000000", "investmentIncomeNet": "None", "netInterestIncome": "None", "interestIncome": "None", "interestExpense": "14000000", "nonInterestIncome": "None", "otherNonOperatingIncome": "18000000", "depreciation": "None", "depreciationAndAmortization": "49000000", "incomeBeforeTax": "272000000", "incomeTaxExpense": "-11000000", "interestAndDebtExpense": "None", "netIncomeFromContinuingOperations": "283000000", "comprehensiveIncomeNetOfTax": "None", "ebit": "286000000", "ebitda": "335000000", "netIncome": "283000000"}, {"fiscalDateEnding": "2018-04-30", "reportedCurrency": "USD", "grossProfit": "1022000000", "totalRevenue": "1641000000", "costOfRevenue": "619000000", "costofGoodsAndServicesSold": "619000000", "operatingIncome": "287000000", "sellingGeneralAndAdministrative": "71000000", "researchAndDevelopment": "203000000", "operatingExpenses": "735000000", "investmentIncomeNet": "None", "netInterestIncome": "None", "interestIncome": "None", "interestExpense": "15000000", "nonInterestIncome": "None", "otherNonOperatingIncome": "16000000", "depreciation": "None", "depreciationAndAmortization": "48000000", "incomeBeforeTax": "303000000", "incomeTaxExpense": "32000000", "interestAndDebtExpense": "None", "netIncomeFromContinuingOperations": "271000000", "comprehensiveIncomeNetOfTax": "None", "ebit": "287000000", "ebitda": "335000000", "netIncome": "271000000"}, {"fiscalDateEnding": "2018-01-31", "reportedCurrency": "USD", "grossProfit": "941000000", "totalRevenue": "1523000000", "costOfRevenue": "582000000", "costofGoodsAndServicesSold": "582000000", "operatingIncome": "470000000", "sellingGeneralAndAdministrative": "72000000", "researchAndDevelopment": "193000000", "operatingExpenses": "688000000", "investmentIncomeNet": "None", "netInterestIncome": "None", "interestIncome": "None", "interestExpense": "17000000", "nonInterestIncome": "None", "otherNonOperatingIncome": "14000000", "depreciation": "None", "depreciationAndAmortization": "48000000", "incomeBeforeTax": "485000000", "incomeTaxExpense": "991000000", "interestAndDebtExpense": "None", "netIncomeFromContinuingOperations": "-506000000", "comprehensiveIncomeNetOfTax": "None", "ebit": "35000000", "ebitda": "83000000", "netIncome": "-506000000"}, {"fiscalDateEnding": "2017-10-31", "reportedCurrency": "USD", "grossProfit": "902000000", "totalRevenue": "1422000000", "costOfRevenue": "520000000", "costofGoodsAndServicesSold": "520000000", "operatingIncome": "219000000", "sellingGeneralAndAdministrative": "69000000", "researchAndDevelopment": "194000000", "operatingExpenses": "683000000", "investmentIncomeNet": "None", "netInterestIncome": "None", "interestIncome": "None", "interestExpense": "17000000", "nonInterestIncome": "None", "otherNonOperatingIncome": "6000000", "depreciation": "None", "depreciationAndAmortization": "51000000", "incomeBeforeTax": "225000000", "incomeTaxExpense": "50000000", "interestAndDebtExpense": "None", "netIncomeFromContinuingOperations": "175000000", "comprehensiveIncomeNetOfTax": "None", "ebit": "219000000", "ebitda": "270000000", "netIncome": "175000000"}, {"fiscalDateEnding": "2017-07-31", "reportedCurrency": "USD", "grossProfit": "834000000", "totalRevenue": "1325000000", "costOfRevenue": "491000000", "costofGoodsAndServicesSold": "491000000", "operatingIncome": "148000000", "sellingGeneralAndAdministrative": "68000000", "researchAndDevelopment": "193000000", "operatingExpenses": "686000000", "investmentIncomeNet": "None", "netInterestIncome": "None", "interestIncome": "None", "interestExpense": "13000000", "nonInterestIncome": "None", "otherNonOperatingIncome": "5000000", "depreciation": "None", "depreciationAndAmortization": "51000000", "incomeBeforeTax": "153000000", "incomeTaxExpense": "17000000", "interestAndDebtExpense": "None", "netIncomeFromContinuingOperations": "136000000", "comprehensiveIncomeNetOfTax": "None", "ebit": "148000000", "ebitda": "199000000", "netIncome": "136000000"}, {"fiscalDateEnding": "2017-04-30", "reportedCurrency": "USD", "grossProfit": "913000000", "totalRevenue": "1481000000", "costOfRevenue": "568000000", "costofGoodsAndServicesSold": "568000000", "operatingIncome": "247000000", "sellingGeneralAndAdministrative": "70000000", "researchAndDevelopment": "191000000", "operatingExpenses": "666000000", "investmentIncomeNet": "None", "netInterestIncome": "None", "interestIncome": "None", "interestExpense": "13000000", "nonInterestIncome": "None", "otherNonOperatingIncome": "None", "depreciation": "None", "depreciationAndAmortization": "53000000", "incomeBeforeTax": "248000000", "incomeTaxExpense": "58000000", "interestAndDebtExpense": "None", "netIncomeFromContinuingOperations": "268000000", "comprehensiveIncomeNetOfTax": "None", "ebit": "247000000", "ebitda": "300000000", "netIncome": "190000000"}, {"fiscalDateEnding": "2017-01-31", "reportedCurrency": "USD", "grossProfit": "851000000", "totalRevenue": "1404000000", "costOfRevenue": "553000000", "costofGoodsAndServicesSold": "553000000", "operatingIncome": "183000000", "sellingGeneralAndAdministrative": "64000000", "researchAndDevelopment": "181000000", "operatingExpenses": "626000000", "investmentIncomeNet": "None", "netInterestIncome": "None", "interestIncome": "None", "interestExpense": "12000000", "nonInterestIncome": "None", "otherNonOperatingIncome": "None", "depreciation": "None", "depreciationAndAmortization": "56000000", "incomeBeforeTax": "183000000", "incomeTaxExpense": "37000000", "interestAndDebtExpense": "None", "netIncomeFromContinuingOperations": "146000000", "comprehensiveIncomeNetOfTax": "None", "ebit": "195000000", "ebitda": "251000000", "netIncome": "146000000"}, {"fiscalDateEnding": "2016-10-31", "reportedCurrency": "USD", "grossProfit": "829000000", "totalRevenue": "1340000000", "costOfRevenue": "511000000", "costofGoodsAndServicesSold": "511000000", "operatingIncome": "142000000", "sellingGeneralAndAdministrative": "69000000", "researchAndDevelopment": "200000000", "operatingExpenses": "687000000", "investmentIncomeNet": "None", "netInterestIncome": "None", "interestIncome": "None", "interestExpense": "12000000", "nonInterestIncome": "None", "otherNonOperatingIncome": "None", "depreciation": "None", "depreciationAndAmortization": "57000000", "incomeBeforeTax": "142000000", "incomeTaxExpense": "33000000", "interestAndDebtExpense": "None", "netIncomeFromContinuingOperations": "109000000", "comprehensiveIncomeNetOfTax": "None", "ebit": "142000000", "ebitda": "199000000", "netIncome": "109000000"}, {"fiscalDateEnding": "2016-07-31", "reportedCurrency": "USD", "grossProfit": "797000000", "totalRevenue": "1294000000", "costOfRevenue": "497000000", "costofGoodsAndServicesSold": "497000000", "operatingIncome": "93000000", "sellingGeneralAndAdministrative": "68000000", "researchAndDevelopment": "207000000", "operatingExpenses": "704000000", "investmentIncomeNet": "None", "netInterestIncome": "None", "interestIncome": "None", "interestExpense": "15000000", "nonInterestIncome": "None", "otherNonOperatingIncome": "-1000000", "depreciation": "None", "depreciationAndAmortization": "60000000", "incomeBeforeTax": "92000000", "incomeTaxExpense": "28000000", "interestAndDebtExpense": "None", "netIncomeFromContinuingOperations": "64000000", "comprehensiveIncomeNetOfTax": "None", "ebit": "93000000", "ebitda": "153000000", "netIncome": "64000000"}, {"fiscalDateEnding": "2016-04-30", "reportedCurrency": "USD", "grossProfit": "818000000", "totalRevenue": "1380000000", "costOfRevenue": "562000000", "costofGoodsAndServicesSold": "562000000", "operatingIncome": "64000000", "sellingGeneralAndAdministrative": "84000000", "researchAndDevelopment": "201000000", "operatingExpenses": "719000000", "investmentIncomeNet": "None", "netInterestIncome": "None", "interestIncome": "None", "interestExpense": "15000000", "nonInterestIncome": "None", "otherNonOperatingIncome": "-4000000", "depreciation": "None", "depreciationAndAmortization": "77000000", "incomeBeforeTax": "60000000", "incomeTaxExpense": "68000000", "interestAndDebtExpense": "None", "netIncomeFromContinuingOperations": "-8000000", "comprehensiveIncomeNetOfTax": "None", "ebit": "75000000", "ebitda": "152000000", "netIncome": "-8000000"}, {"fiscalDateEnding": "2016-01-31", "reportedCurrency": "USD", "grossProfit": "855000000", "totalRevenue": "1386000000", "costOfRevenue": "531000000", "costofGoodsAndServicesSold": "531000000", "operatingIncome": "165000000", "sellingGeneralAndAdministrative": "70000000", "researchAndDevelopment": "200000000", "operatingExpenses": "688000000", "investmentIncomeNet": "None", "netInterestIncome": "None", "interestIncome": "None", "interestExpense": "11000000", "nonInterestIncome": "None", "otherNonOperatingIncome": "-2000000", "depreciation": "None", "depreciationAndAmortization": "66000000", "incomeBeforeTax": "163000000", "incomeTaxExpense": "10000000", "interestAndDebtExpense": "None", "netIncomeFromContinuingOperations": "153000000", "comprehensiveIncomeNetOfTax": "None", "ebit": "174000000", "ebitda": "240000000", "netIncome": "153000000"}, {"fiscalDateEnding": "2015-10-31", "reportedCurrency": "USD", "grossProfit": "884000000", "totalRevenue": "1445000000", "costOfRevenue": "561000000", "costofGoodsAndServicesSold": "561000000", "operatingIncome": "145000000", "sellingGeneralAndAdministrative": "74000000", "researchAndDevelopment": "216000000", "operatingExpenses": "738000000", "investmentIncomeNet": "None", "netInterestIncome": "None", "interestIncome": "None", "interestExpense": "12000000", "nonInterestIncome": "None", "otherNonOperatingIncome": "-1000000", "depreciation": "None", "depreciationAndAmortization": "67000000", "incomeBeforeTax": "144000000", "incomeTaxExpense": "30000000", "interestAndDebtExpense": "None", "netIncomeFromContinuingOperations": "114000000", "comprehensiveIncomeNetOfTax": "None", "ebit": "156000000", "ebitda": "223000000", "netIncome": "114000000"}, {"fiscalDateEnding": "2015-07-31", "reportedCurrency": "USD", "grossProfit": "816000000", "totalRevenue": "1335000000", "costOfRevenue": "519000000", "costofGoodsAndServicesSold": "519000000", "operatingIncome": "-26000000", "sellingGeneralAndAdministrative": "79000000", "researchAndDevelopment": "244000000", "operatingExpenses": "815000000", "investmentIncomeNet": "None", "netInterestIncome": "None", "interestIncome": "None", "interestExpense": "11000000", "nonInterestIncome": "None", "otherNonOperatingIncome": "4000000", "depreciation": "None", "depreciationAndAmortization": "69000000", "incomeBeforeTax": "-22000000", "incomeTaxExpense": "8000000", "interestAndDebtExpense": "None", "netIncomeFromContinuingOperations": "-30000000", "comprehensiveIncomeNetOfTax": "None", "ebit": "-11000000", "ebitda": "58000000", "netIncome": "-30000000"}, {"fiscalDateEnding": "2015-04-30", "reportedCurrency": "USD", "grossProfit": "935200000", "totalRevenue": "1539700000", "costOfRevenue": "604500000", "costofGoodsAndServicesSold": "604500000", "operatingIncome": "161600000", "sellingGeneralAndAdministrative": "71000000", "researchAndDevelopment": "232400000", "operatingExpenses": "773600000", "investmentIncomeNet": "None", "netInterestIncome": "None", "interestIncome": "None", "interestExpense": "11000000", "nonInterestIncome": "None", "otherNonOperatingIncome": "-28500000", "depreciation": "None", "depreciationAndAmortization": "72600000", "incomeBeforeTax": "164100000", "incomeTaxExpense": "29200000", "interestAndDebtExpense": "None", "netIncomeFromContinuingOperations": "134900000", "comprehensiveIncomeNetOfTax": "None", "ebit": "161600000", "ebitda": "234200000", "netIncome": "134900000"}, {"fiscalDateEnding": "2015-01-31", "reportedCurrency": "USD", "grossProfit": "977400000", "totalRevenue": "1551300000", "costOfRevenue": "573900000", "costofGoodsAndServicesSold": "573900000", "operatingIncome": "202500000", "sellingGeneralAndAdministrative": "70200000", "researchAndDevelopment": "229900000", "operatingExpenses": "774900000", "investmentIncomeNet": "None", "netInterestIncome": "None", "interestIncome": "None", "interestExpense": "11100000", "nonInterestIncome": "None", "otherNonOperatingIncome": "8700000", "depreciation": "None", "depreciationAndAmortization": "79500000", "incomeBeforeTax": "200100000", "incomeTaxExpense": "23300000", "interestAndDebtExpense": "None", "netIncomeFromContinuingOperations": "176800000", "comprehensiveIncomeNetOfTax": "None", "ebit": "211500000", "ebitda": "291000000", "netIncome": "176800000"}, {"fiscalDateEnding": "2014-10-31", "reportedCurrency": "USD", "grossProfit": "982500000", "totalRevenue": "1542500000", "costOfRevenue": "560000000", "costofGoodsAndServicesSold": "560000000", "operatingIncome": "192500000", "sellingGeneralAndAdministrative": "73000000", "researchAndDevelopment": "229000000", "operatingExpenses": "790000000", "investmentIncomeNet": "None", "netInterestIncome": "None", "interestIncome": "None", "interestExpense": "10900000", "nonInterestIncome": "None", "otherNonOperatingIncome": "7300000", "depreciation": "None", "depreciationAndAmortization": "77600000", "incomeBeforeTax": "188900000", "incomeTaxExpense": "29100000", "interestAndDebtExpense": "None", "netIncomeFromContinuingOperations": "159800000", "comprehensiveIncomeNetOfTax": "None", "ebit": "199400000", "ebitda": "277000000", "netIncome": "159800000"}, {"fiscalDateEnding": "2014-07-31", "reportedCurrency": "USD", "grossProfit": "938100000", "totalRevenue": "1489200000", "costOfRevenue": "551100000", "costofGoodsAndServicesSold": "551100000", "operatingIncome": "159900000", "sellingGeneralAndAdministrative": "70000000", "researchAndDevelopment": "228000000", "operatingExpenses": "778200000", "investmentIncomeNet": "None", "netInterestIncome": "None", "interestIncome": "None", "interestExpense": "9000000", "nonInterestIncome": "None", "otherNonOperatingIncome": "8800000", "depreciation": "None", "depreciationAndAmortization": "77500000", "incomeBeforeTax": "159700000", "incomeTaxExpense": "71300000", "interestAndDebtExpense": "None", "netIncomeFromContinuingOperations": "88400000", "comprehensiveIncomeNetOfTax": "None", "ebit": "169500000", "ebitda": "247000000", "netIncome": "88400000"}, {"fiscalDateEnding": "2014-04-30", "reportedCurrency": "USD", "grossProfit": "1042000000", "totalRevenue": "1649000000", "costOfRevenue": "607000000", "costofGoodsAndServicesSold": "607000000", "operatingIncome": "223800000", "sellingGeneralAndAdministrative": "73700000", "researchAndDevelopment": "230700000", "operatingExpenses": "779400000", "investmentIncomeNet": "None", "netInterestIncome": "None", "interestIncome": "None", "interestExpense": "6400000", "nonInterestIncome": "None", "otherNonOperatingIncome": "9200000", "depreciation": "None", "depreciationAndAmortization": "82100000", "incomeBeforeTax": "226600000", "incomeTaxExpense": "29600000", "interestAndDebtExpense": "None", "netIncomeFromContinuingOperations": "197000000", "comprehensiveIncomeNetOfTax": "None", "ebit": "262600000", "ebitda": "344700000", "netIncome": "197000000"}, {"fiscalDateEnding": "2014-01-31", "reportedCurrency": "USD", "grossProfit": "1002300000", "totalRevenue": "1610000000", "costOfRevenue": "607700000", "costofGoodsAndServicesSold": "607700000", "operatingIncome": "226700000", "sellingGeneralAndAdministrative": "69400000", "researchAndDevelopment": "230300000", "operatingExpenses": "775600000", "investmentIncomeNet": "None", "netInterestIncome": "None", "interestIncome": "None", "interestExpense": "6700000", "nonInterestIncome": "None", "otherNonOperatingIncome": "9600000", "depreciation": "None", "depreciationAndAmortization": "83600000", "incomeBeforeTax": "229600000", "incomeTaxExpense": "37500000", "interestAndDebtExpense": "None", "netIncomeFromContinuingOperations": "192100000", "comprehensiveIncomeNetOfTax": "None", "ebit": "236300000", "ebitda": "319900000", "netIncome": "192100000"}, {"fiscalDateEnding": "2013-10-31", "reportedCurrency": "USD", "grossProfit": "965200000", "totalRevenue": "1549900000", "costOfRevenue": "584700000", "costofGoodsAndServicesSold": "584700000", "operatingIncome": "186900000", "sellingGeneralAndAdministrative": "69500000", "researchAndDevelopment": "228200000", "operatingExpenses": "777200000", "investmentIncomeNet": "None", "netInterestIncome": "None", "interestIncome": "None", "interestExpense": "6500000", "nonInterestIncome": "None", "otherNonOperatingIncome": "11800000", "depreciation": "None", "depreciationAndAmortization": "82500000", "incomeBeforeTax": "192200000", "incomeTaxExpense": "25400000", "interestAndDebtExpense": "None", "netIncomeFromContinuingOperations": "166800000", "comprehensiveIncomeNetOfTax": "None", "ebit": "198700000", "ebitda": "281200000", "netIncome": "166800000"}, {"fiscalDateEnding": "2013-07-31", "reportedCurrency": "USD", "grossProfit": "909600000", "totalRevenue": "1516200000", "costOfRevenue": "606600000", "costofGoodsAndServicesSold": "606600000", "operatingIncome": "96900000", "sellingGeneralAndAdministrative": "68400000", "researchAndDevelopment": "228100000", "operatingExpenses": "764300000", "investmentIncomeNet": "None", "netInterestIncome": "None", "interestIncome": "None", "interestExpense": "16500000", "nonInterestIncome": "None", "otherNonOperatingIncome": "11900000", "depreciation": "None", "depreciationAndAmortization": "85900000", "incomeBeforeTax": "92300000", "incomeTaxExpense": "10700000", "interestAndDebtExpense": "None", "netIncomeFromContinuingOperations": "81600000", "comprehensiveIncomeNetOfTax": "None", "ebit": "108800000", "ebitda": "194700000", "netIncome": "81600000"}, {"fiscalDateEnding": "2013-04-30", "reportedCurrency": "USD", "grossProfit": "1032200000", "totalRevenue": "1716500000", "costOfRevenue": "684300000", "costofGoodsAndServicesSold": "684300000", "operatingIncome": "204400000", "sellingGeneralAndAdministrative": "74200000", "researchAndDevelopment": "243400000", "operatingExpenses": "827800000", "investmentIncomeNet": "None", "netInterestIncome": "None", "interestIncome": "None", "interestExpense": "28000000", "nonInterestIncome": "None", "otherNonOperatingIncome": "12500000", "depreciation": "None", "depreciationAndAmortization": "89100000", "incomeBeforeTax": "188900000", "incomeTaxExpense": "15100000", "interestAndDebtExpense": "None", "netIncomeFromContinuingOperations": "173800000", "comprehensiveIncomeNetOfTax": "None", "ebit": "216900000", "ebitda": "306000000", "netIncome": "173800000"}, {"fiscalDateEnding": "2013-01-31", "reportedCurrency": "USD", "grossProfit": "964900000", "totalRevenue": "1630100000", "costOfRevenue": "665200000", "costofGoodsAndServicesSold": "665200000", "operatingIncome": "187900000", "sellingGeneralAndAdministrative": "66200000", "researchAndDevelopment": "215600000", "operatingExpenses": "775300000", "investmentIncomeNet": "None", "netInterestIncome": "None", "interestIncome": "None", "interestExpense": "24000000", "nonInterestIncome": "None", "otherNonOperatingIncome": "11900000", "depreciation": "None", "depreciationAndAmortization": "86400000", "incomeBeforeTax": "175800000", "incomeTaxExpense": "17700000", "interestAndDebtExpense": "None", "netIncomeFromContinuingOperations": "158100000", "comprehensiveIncomeNetOfTax": "None", "ebit": "199800000", "ebitda": "286200000", "netIncome": "158100000"}, {"fiscalDateEnding": "2012-10-31", "reportedCurrency": "USD", "grossProfit": "913900000", "totalRevenue": "1541200000", "costOfRevenue": "627300000", "costofGoodsAndServicesSold": "627300000", "operatingIncome": "135300000", "sellingGeneralAndAdministrative": "66600000", "researchAndDevelopment": "223800000", "operatingExpenses": "778600000", "investmentIncomeNet": "None", "netInterestIncome": "None", "interestIncome": "None", "interestExpense": "19800000", "nonInterestIncome": "None", "otherNonOperatingIncome": "12200000", "depreciation": "None", "depreciationAndAmortization": "86700000", "incomeBeforeTax": "127700000", "incomeTaxExpense": "18100000", "interestAndDebtExpense": "None", "netIncomeFromContinuingOperations": "109600000", "comprehensiveIncomeNetOfTax": "None", "ebit": "147500000", "ebitda": "234200000", "netIncome": "109600000"}, {"fiscalDateEnding": "2012-07-31", "reportedCurrency": "USD", "grossProfit": "850100000", "totalRevenue": "1444600000", "costOfRevenue": "594500000", "costofGoodsAndServicesSold": "594500000", "operatingIncome": "80200000", "sellingGeneralAndAdministrative": "65600000", "researchAndDevelopment": "221400000", "operatingExpenses": "769900000", "investmentIncomeNet": "None", "netInterestIncome": "None", "interestIncome": "None", "interestExpense": "19900000", "nonInterestIncome": "None", "otherNonOperatingIncome": "13900000", "depreciation": "None", "depreciationAndAmortization": "82400000", "incomeBeforeTax": "74200000", "incomeTaxExpense": "10400000", "interestAndDebtExpense": "None", "netIncomeFromContinuingOperations": "63800000", "comprehensiveIncomeNetOfTax": "None", "ebit": "94100000", "ebitda": "176500000", "netIncome": "63800000"}, {"fiscalDateEnding": "2012-04-30", "reportedCurrency": "USD", "grossProfit": "995000000", "totalRevenue": "1702500000", "costOfRevenue": "707500000", "costofGoodsAndServicesSold": "707500000", "operatingIncome": "221400000", "sellingGeneralAndAdministrative": "71500000", "researchAndDevelopment": "221600000", "operatingExpenses": "771200000", "investmentIncomeNet": "None", "netInterestIncome": "None", "interestIncome": "None", "interestExpense": "20000000", "nonInterestIncome": "None", "otherNonOperatingIncome": "13100000", "depreciation": "None", "depreciationAndAmortization": "82600000", "incomeBeforeTax": "214500000", "incomeTaxExpense": "33800000", "interestAndDebtExpense": "None", "netIncomeFromContinuingOperations": "180700000", "comprehensiveIncomeNetOfTax": "None", "ebit": "234500000", "ebitda": "317100000", "netIncome": "180700000"}, {"fiscalDateEnding": "2012-01-31", "reportedCurrency": "USD", "grossProfit": "908500000", "totalRevenue": "1565500000", "costOfRevenue": "657000000", "costofGoodsAndServicesSold": "657000000", "operatingIncome": "156500000", "sellingGeneralAndAdministrative": "63200000", "researchAndDevelopment": "208300000", "operatingExpenses": "748500000", "investmentIncomeNet": "None", "netInterestIncome": "None", "interestIncome": "None", "interestExpense": "18900000", "nonInterestIncome": "None", "otherNonOperatingIncome": "9300000", "depreciation": "None", "depreciationAndAmortization": "73600000", "incomeBeforeTax": "146900000", "incomeTaxExpense": "27300000", "interestAndDebtExpense": "None", "netIncomeFromContinuingOperations": "119600000", "comprehensiveIncomeNetOfTax": "None", "ebit": "165800000", "ebitda": "239400000", "netIncome": "119600000"}, {"fiscalDateEnding": "2011-10-31", "reportedCurrency": "USD", "grossProfit": "913000000", "totalRevenue": "1507000000", "costOfRevenue": "594000000", "costofGoodsAndServicesSold": "594000000", "operatingIncome": "192400000", "sellingGeneralAndAdministrative": "65100000", "researchAndDevelopment": "199700000", "operatingExpenses": "718900000", "investmentIncomeNet": "None", "netInterestIncome": "None", "interestIncome": "None", "interestExpense": "16400000", "nonInterestIncome": "None", "otherNonOperatingIncome": "7900000", "depreciation": "None", "depreciationAndAmortization": "68400000", "incomeBeforeTax": "183900000", "incomeTaxExpense": "18300000", "interestAndDebtExpense": "None", "netIncomeFromContinuingOperations": "165600000", "comprehensiveIncomeNetOfTax": "None", "ebit": "200300000", "ebitda": "268700000", "netIncome": "165600000"}, {"fiscalDateEnding": "2011-07-31", "reportedCurrency": "USD", "grossProfit": "896900000", "totalRevenue": "1458200000", "costOfRevenue": "561300000", "costofGoodsAndServicesSold": "561300000", "operatingIncome": "176200000", "sellingGeneralAndAdministrative": "65100000", "researchAndDevelopment": "198600000", "operatingExpenses": "720700000", "investmentIncomeNet": "None", "netInterestIncome": "None", "interestIncome": "None", "interestExpense": "19400000", "nonInterestIncome": "None", "otherNonOperatingIncome": "10300000", "depreciation": "None", "depreciationAndAmortization": "68500000", "incomeBeforeTax": "167100000", "incomeTaxExpense": "27600000", "interestAndDebtExpense": "None", "netIncomeFromContinuingOperations": "139500000", "comprehensiveIncomeNetOfTax": "None", "ebit": "186500000", "ebitda": "255000000", "netIncome": "139500000"}, {"fiscalDateEnding": "2011-04-30", "reportedCurrency": "USD", "grossProfit": "928200000", "totalRevenue": "1428300000", "costOfRevenue": "500100000", "costofGoodsAndServicesSold": "500100000", "operatingIncome": "212900000", "sellingGeneralAndAdministrative": "69000000", "researchAndDevelopment": "176500000", "operatingExpenses": "708100000", "investmentIncomeNet": "None", "netInterestIncome": "None", "interestIncome": "None", "interestExpense": "19700000", "nonInterestIncome": "None", "otherNonOperatingIncome": "14900000", "depreciation": "None", "depreciationAndAmortization": "42300000", "incomeBeforeTax": "208100000", "incomeTaxExpense": "47500000", "interestAndDebtExpense": "None", "netIncomeFromContinuingOperations": "194200000", "comprehensiveIncomeNetOfTax": "None", "ebit": "279000000", "ebitda": "321300000", "netIncome": "160600000"}, {"fiscalDateEnding": "2011-01-31", "reportedCurrency": "USD", "grossProfit": "823800000", "totalRevenue": "1268100000", "costOfRevenue": "444300000", "costofGoodsAndServicesSold": "444300000", "operatingIncome": "198600000", "sellingGeneralAndAdministrative": "61900000", "researchAndDevelopment": "166000000", "operatingExpenses": "625300000", "investmentIncomeNet": "None", "netInterestIncome": "None", "interestIncome": "None", "interestExpense": "19000000", "nonInterestIncome": "None", "otherNonOperatingIncome": "10700000", "depreciation": "None", "depreciationAndAmortization": "41000000", "incomeBeforeTax": "190300000", "incomeTaxExpense": "17800000", "interestAndDebtExpense": "None", "netIncomeFromContinuingOperations": "172500000", "comprehensiveIncomeNetOfTax": "None", "ebit": "208800000", "ebitda": "249800000", "netIncome": "172500000"}, {"fiscalDateEnding": "2010-10-31", "reportedCurrency": "USD", "grossProfit": "801100000", "totalRevenue": "1207400000", "costOfRevenue": "406300000", "costofGoodsAndServicesSold": "406300000", "operatingIncome": "197400000", "sellingGeneralAndAdministrative": "64200000", "researchAndDevelopment": "156600000", "operatingExpenses": "603600000", "investmentIncomeNet": "None", "netInterestIncome": "None", "interestIncome": "None", "interestExpense": "18600000", "nonInterestIncome": "None", "otherNonOperatingIncome": "8100000", "depreciation": "None", "depreciationAndAmortization": "41600000", "incomeBeforeTax": "186900000", "incomeTaxExpense": "22300000", "interestAndDebtExpense": "None", "netIncomeFromContinuingOperations": "164600000", "comprehensiveIncomeNetOfTax": "None", "ebit": "220900000", "ebitda": "262500000", "netIncome": "164600000"}, {"fiscalDateEnding": "2010-07-31", "reportedCurrency": "USD", "grossProfit": "724400000", "totalRevenue": "1137800000", "costOfRevenue": "413400000", "costofGoodsAndServicesSold": "413400000", "operatingIncome": "164200000", "sellingGeneralAndAdministrative": "56200000", "researchAndDevelopment": "149500000", "operatingExpenses": "559900000", "investmentIncomeNet": "None", "netInterestIncome": "None", "interestIncome": "None", "interestExpense": "18600000", "nonInterestIncome": "None", "otherNonOperatingIncome": "12000000", "depreciation": "None", "depreciationAndAmortization": "40700000", "incomeBeforeTax": "157600000", "incomeTaxExpense": "15800000", "interestAndDebtExpense": "None", "netIncomeFromContinuingOperations": "141800000", "comprehensiveIncomeNetOfTax": "None", "ebit": "189600000", "ebitda": "230300000", "netIncome": "141800000"}, {"fiscalDateEnding": "2010-04-30", "reportedCurrency": "USD", "grossProfit": "748486000", "totalRevenue": "1171762000", "costOfRevenue": "423276000", "costofGoodsAndServicesSold": "423276000", "operatingIncome": "172914000", "sellingGeneralAndAdministrative": "64231000", "researchAndDevelopment": "143700000", "operatingExpenses": "574595000", "investmentIncomeNet": "None", "netInterestIncome": "None", "interestIncome": "None", "interestExpense": "18757000", "nonInterestIncome": "None", "otherNonOperatingIncome": "None", "depreciation": "None", "depreciationAndAmortization": "40037000", "incomeBeforeTax": "163938000", "incomeTaxExpense": "18759000", "interestAndDebtExpense": "None", "netIncomeFromContinuingOperations": "0", "comprehensiveIncomeNetOfTax": "None", "ebit": "182695000", "ebitda": "222732000", "netIncome": "145179000"}, {"fiscalDateEnding": "2010-01-31", "reportedCurrency": "USD", "grossProfit": "641540000", "totalRevenue": "1011650000", "costOfRevenue": "370110000", "costofGoodsAndServicesSold": "370110000", "operatingIncome": "129296000", "sellingGeneralAndAdministrative": "58079000", "researchAndDevelopment": "129329000", "operatingExpenses": "512176000", "investmentIncomeNet": "None", "netInterestIncome": "None", "interestIncome": "None", "interestExpense": "18226000", "nonInterestIncome": "None", "otherNonOperatingIncome": "None", "depreciation": "None", "depreciationAndAmortization": "40774000", "incomeBeforeTax": "117898000", "incomeTaxExpense": "10018000", "interestAndDebtExpense": "None", "netIncomeFromContinuingOperations": "0", "comprehensiveIncomeNetOfTax": "None", "ebit": "136126000", "ebitda": "176900000", "netIncome": "107880000"}, {"fiscalDateEnding": "2009-10-31", "reportedCurrency": "USD", "grossProfit": "606681000", "totalRevenue": "910027000", "costOfRevenue": "303346000", "costofGoodsAndServicesSold": "303346000", "operatingIncome": "115374000", "sellingGeneralAndAdministrative": "56939000", "researchAndDevelopment": "132354000", "operatingExpenses": "490128000", "investmentIncomeNet": "None", "netInterestIncome": "None", "interestIncome": "None", "interestExpense": "17916000", "nonInterestIncome": "None", "otherNonOperatingIncome": "None", "depreciation": "None", "depreciationAndAmortization": "42148000", "incomeBeforeTax": "105972000", "incomeTaxExpense": "10295000", "interestAndDebtExpense": "None", "netIncomeFromContinuingOperations": "0", "comprehensiveIncomeNetOfTax": "None", "ebit": "123952000", "ebitda": "166100000", "netIncome": "95677000"}, {"fiscalDateEnding": "2009-07-31", "reportedCurrency": "USD", "grossProfit": "522493000", "totalRevenue": "837961000", "costOfRevenue": "315468000", "costofGoodsAndServicesSold": "315468000", "operatingIncome": "70816000", "sellingGeneralAndAdministrative": "59551000", "researchAndDevelopment": "130317000", "operatingExpenses": "491301000", "investmentIncomeNet": "None", "netInterestIncome": "None", "interestIncome": "None", "interestExpense": "19201000", "nonInterestIncome": "None", "otherNonOperatingIncome": "None", "depreciation": "None", "depreciationAndAmortization": "43041000", "incomeBeforeTax": "59192000", "incomeTaxExpense": "7528000", "interestAndDebtExpense": "None", "netIncomeFromContinuingOperations": "0", "comprehensiveIncomeNetOfTax": "None", "ebit": "39809000", "ebitda": "82850000", "netIncome": "51664000"}, {"fiscalDateEnding": "2009-04-30", "reportedCurrency": "USD", "grossProfit": "533895000", "totalRevenue": "879643000", "costOfRevenue": "345748000", "costofGoodsAndServicesSold": "345748000", "operatingIncome": "33928000", "sellingGeneralAndAdministrative": "203698000", "researchAndDevelopment": "124986000", "operatingExpenses": "464516000", "investmentIncomeNet": "None", "netInterestIncome": "None", "interestIncome": "None", "interestExpense": "26865000", "nonInterestIncome": "None", "otherNonOperatingIncome": "None", "depreciation": "None", "depreciationAndAmortization": "40704000", "incomeBeforeTax": "35686000", "incomeTaxExpense": "-39398000", "interestAndDebtExpense": "None", "netIncomeFromContinuingOperations": "0", "comprehensiveIncomeNetOfTax": "None", "ebit": "39492000", "ebitda": "80196000", "netIncome": "75084000"}, {"fiscalDateEnding": "2009-01-31", "reportedCurrency": "USD", "grossProfit": "393216000", "totalRevenue": "746343000", "costOfRevenue": "353127000", "costofGoodsAndServicesSold": "353127000", "operatingIncome": "-91083000", "sellingGeneralAndAdministrative": "51048000000", "researchAndDevelopment": "122662000", "operatingExpenses": "465344000", "investmentIncomeNet": "None", "netInterestIncome": "None", "interestIncome": "None", "interestExpense": "17674000", "nonInterestIncome": "None", "otherNonOperatingIncome": "None", "depreciation": "None", "depreciationAndAmortization": "44367000", "incomeBeforeTax": "-88462000", "incomeTaxExpense": "-13070000", "interestAndDebtExpense": "None", "netIncomeFromContinuingOperations": "0", "comprehensiveIncomeNetOfTax": "None", "ebit": "-81224000", "ebitda": "-36857000", "netIncome": "-75392000"}, {"fiscalDateEnding": "2008-10-31", "reportedCurrency": "USD", "grossProfit": "546156000", "totalRevenue": "911631000", "costOfRevenue": "365475000", "costofGoodsAndServicesSold": "365475000", "operatingIncome": "65604000", "sellingGeneralAndAdministrative": "51011000000", "researchAndDevelopment": "125496000", "operatingExpenses": "480552000", "investmentIncomeNet": "None", "netInterestIncome": "None", "interestIncome": "None", "interestExpense": "7542000000", "nonInterestIncome": "None", "otherNonOperatingIncome": "None", "depreciation": "None", "depreciationAndAmortization": "43918000", "incomeBeforeTax": "52589000", "incomeTaxExpense": "3407000", "interestAndDebtExpense": "None", "netIncomeFromContinuingOperations": "0", "comprehensiveIncomeNetOfTax": "None", "ebit": "21686000", "ebitda": "65604000", "netIncome": "49182000"}, {"fiscalDateEnding": "2008-07-31", "reportedCurrency": "USD", "grossProfit": "516648000", "totalRevenue": "868776000", "costOfRevenue": "352128000", "costofGoodsAndServicesSold": "352128000", "operatingIncome": "38725000", "sellingGeneralAndAdministrative": "49463000", "researchAndDevelopment": "125352000", "operatingExpenses": "477923000", "investmentIncomeNet": "None", "netInterestIncome": "None", "interestIncome": "None", "interestExpense": "4575000", "nonInterestIncome": "None", "otherNonOperatingIncome": "None", "depreciation": "None", "depreciationAndAmortization": "41549000", "incomeBeforeTax": "45016000", "incomeTaxExpense": "7344000", "interestAndDebtExpense": "None", "netIncomeFromContinuingOperations": "0", "comprehensiveIncomeNetOfTax": "None", "ebit": "-2824000", "ebitda": "38725000", "netIncome": "37672000"}, {"fiscalDateEnding": "2008-04-30", "reportedCurrency": "USD", "grossProfit": "572872000", "totalRevenue": "937731000", "costOfRevenue": "364859000", "costofGoodsAndServicesSold": "364859000", "operatingIncome": "103207000", "sellingGeneralAndAdministrative": "47792000", "researchAndDevelopment": "124968000", "operatingExpenses": "469218000", "investmentIncomeNet": "None", "netInterestIncome": "None", "interestIncome": "None", "interestExpense": "1860000", "nonInterestIncome": "None", "otherNonOperatingIncome": "None", "depreciation": "None", "depreciationAndAmortization": "39832000", "incomeBeforeTax": "115084000", "incomeTaxExpense": "25264000", "interestAndDebtExpense": "None", "netIncomeFromContinuingOperations": "0", "comprehensiveIncomeNetOfTax": "None", "ebit": "103654000", "ebitda": "143486000", "netIncome": "89820000"}, {"fiscalDateEnding": "2008-01-31", "reportedCurrency": "USD", "grossProfit": "539302000", "totalRevenue": "884003000", "costOfRevenue": "344701000", "costofGoodsAndServicesSold": "344701000", "operatingIncome": "105684000", "sellingGeneralAndAdministrative": "42787000", "researchAndDevelopment": "111717000", "operatingExpenses": "433618000", "investmentIncomeNet": "None", "netInterestIncome": "None", "interestIncome": "None", "interestExpense": "3639000", "nonInterestIncome": "None", "otherNonOperatingIncome": "None", "depreciation": "None", "depreciationAndAmortization": "35648000", "incomeBeforeTax": "117385000", "incomeTaxExpense": "15562000", "interestAndDebtExpense": "None", "netIncomeFromContinuingOperations": "0", "comprehensiveIncomeNetOfTax": "None", "ebit": "70036000", "ebitda": "105684000", "netIncome": "101823000"}, {"fiscalDateEnding": "2007-10-31", "reportedCurrency": "USD", "grossProfit": "484005000", "totalRevenue": "792198000", "costOfRevenue": "308193000", "costofGoodsAndServicesSold": "308193000", "operatingIncome": "80160000", "sellingGeneralAndAdministrative": "39507000", "researchAndDevelopment": "108964000", "operatingExpenses": "403845000", "investmentIncomeNet": "None", "netInterestIncome": "None", "interestIncome": "None", "interestExpense": "1410000", "nonInterestIncome": "None", "otherNonOperatingIncome": "None", "depreciation": "None", "depreciationAndAmortization": "35077000", "incomeBeforeTax": "108896000", "incomeTaxExpense": "25138000", "interestAndDebtExpense": "None", "netIncomeFromContinuingOperations": "0", "comprehensiveIncomeNetOfTax": "None", "ebit": "45083000", "ebitda": "80160000", "netIncome": "83758000"}, {"fiscalDateEnding": "2007-07-31", "reportedCurrency": "USD", "grossProfit": "417197000", "totalRevenue": "689235000", "costOfRevenue": "272038000", "costofGoodsAndServicesSold": "272038000", "operatingIncome": "24548000", "sellingGeneralAndAdministrative": "41450000", "researchAndDevelopment": "106556000", "operatingExpenses": "392649000", "investmentIncomeNet": "None", "netInterestIncome": "None", "interestIncome": "None", "interestExpense": "1081000", "nonInterestIncome": "None", "otherNonOperatingIncome": "None", "depreciation": "None", "depreciationAndAmortization": "33627000", "incomeBeforeTax": "41334000", "incomeTaxExpense": "6997000", "interestAndDebtExpense": "None", "netIncomeFromContinuingOperations": "0", "comprehensiveIncomeNetOfTax": "None", "ebit": "-9079000", "ebitda": "24548000", "netIncome": "34337000"}, {"fiscalDateEnding": "2007-04-30", "reportedCurrency": "USD", "grossProfit": "486014000", "totalRevenue": "801193000", "costOfRevenue": "315179000", "costofGoodsAndServicesSold": "315179000", "operatingIncome": "75449000", "sellingGeneralAndAdministrative": "147501000", "researchAndDevelopment": "108802000", "operatingExpenses": "410565000", "investmentIncomeNet": "None", "netInterestIncome": "None", "interestIncome": "None", "interestExpense": "11642000", "nonInterestIncome": "None", "otherNonOperatingIncome": "None", "depreciation": "None", "depreciationAndAmortization": "32061000", "incomeBeforeTax": "92017000", "incomeTaxExpense": "2396000", "interestAndDebtExpense": "None", "netIncomeFromContinuingOperations": "0", "comprehensiveIncomeNetOfTax": "None", "ebit": "75449000", "ebitda": "107510000", "netIncome": "89621000"}, {"fiscalDateEnding": "2007-01-31", "reportedCurrency": "USD", "grossProfit": "444109000", "totalRevenue": "729278000", "costOfRevenue": "285169000", "costofGoodsAndServicesSold": "285169000", "operatingIncome": "72436000", "sellingGeneralAndAdministrative": "37724000", "researchAndDevelopment": "97516000", "operatingExpenses": "371673000", "investmentIncomeNet": "None", "netInterestIncome": "None", "interestIncome": "None", "interestExpense": "2335000", "nonInterestIncome": "None", "otherNonOperatingIncome": "None", "depreciation": "None", "depreciationAndAmortization": "29028000", "incomeBeforeTax": "88604000", "incomeTaxExpense": "22090000", "interestAndDebtExpense": "None", "netIncomeFromContinuingOperations": "0", "comprehensiveIncomeNetOfTax": "None", "ebit": "43408000", "ebitda": "72436000", "netIncome": "66514000"}, {"fiscalDateEnding": "2006-10-31", "reportedCurrency": "USD", "grossProfit": "401307000", "totalRevenue": "652523000", "costOfRevenue": "251216000", "costofGoodsAndServicesSold": "251216000", "operatingIncome": "96805000", "sellingGeneralAndAdministrative": "35217000", "researchAndDevelopment": "90360000", "operatingExpenses": "304502000", "investmentIncomeNet": "None", "netInterestIncome": "None", "interestIncome": "None", "interestExpense": "5170000", "nonInterestIncome": "None", "otherNonOperatingIncome": "None", "depreciation": "None", "depreciationAndAmortization": "25849000", "incomeBeforeTax": "108991000", "incomeTaxExpense": "22060000", "interestAndDebtExpense": "None", "netIncomeFromContinuingOperations": "0", "comprehensiveIncomeNetOfTax": "None", "ebit": "70956000", "ebitda": "96805000", "netIncome": "86931000"}, {"fiscalDateEnding": "2006-07-31", "reportedCurrency": "USD", "grossProfit": "373070000", "totalRevenue": "621288000", "costOfRevenue": "248218000", "costofGoodsAndServicesSold": "248218000", "operatingIncome": "56552000", "sellingGeneralAndAdministrative": "32396000", "researchAndDevelopment": "88678000", "operatingExpenses": "316592000", "investmentIncomeNet": "None", "netInterestIncome": "None", "interestIncome": "None", "interestExpense": "3871000", "nonInterestIncome": "None", "otherNonOperatingIncome": "None", "depreciation": "None", "depreciationAndAmortization": "23895000", "incomeBeforeTax": "70116000", "incomeTaxExpense": "15446000", "interestAndDebtExpense": "None", "netIncomeFromContinuingOperations": "0", "comprehensiveIncomeNetOfTax": "None", "ebit": "56478000", "ebitda": "80373000", "netIncome": "54670000"}, {"fiscalDateEnding": "2006-04-30", "reportedCurrency": "USD", "grossProfit": "356859000", "totalRevenue": "597961000", "costOfRevenue": "241102000", "costofGoodsAndServicesSold": "241102000", "operatingIncome": "86973000", "sellingGeneralAndAdministrative": "24503000", "researchAndDevelopment": "73526000", "operatingExpenses": "269508000", "investmentIncomeNet": "None", "netInterestIncome": "None", "interestIncome": "None", "interestExpense": "1283000", "nonInterestIncome": "None", "otherNonOperatingIncome": "None", "depreciation": "None", "depreciationAndAmortization": "22806000", "incomeBeforeTax": "99810000", "incomeTaxExpense": "40589000", "interestAndDebtExpense": "None", "netIncomeFromContinuingOperations": "0", "comprehensiveIncomeNetOfTax": "None", "ebit": "87351000", "ebitda": "110157000", "netIncome": "59221000"}, {"fiscalDateEnding": "2006-01-31", "reportedCurrency": "USD", "grossProfit": "327024000", "totalRevenue": "537031000", "costOfRevenue": "210007000", "costofGoodsAndServicesSold": "210007000", "operatingIncome": "83465000", "sellingGeneralAndAdministrative": "24742000", "researchAndDevelopment": "62622000", "operatingExpenses": "243442000", "investmentIncomeNet": "None", "netInterestIncome": "None", "interestIncome": "None", "interestExpense": "9900000", "nonInterestIncome": "None", "otherNonOperatingIncome": "None", "depreciation": "None", "depreciationAndAmortization": "21393000", "incomeBeforeTax": "94357000", "incomeTaxExpense": "17964000", "interestAndDebtExpense": "None", "netIncomeFromContinuingOperations": "0", "comprehensiveIncomeNetOfTax": "None", "ebit": "83582000", "ebitda": "104975000", "netIncome": "76393000"}, {"fiscalDateEnding": "2005-10-31", "reportedCurrency": "USD", "grossProfit": "299092000", "totalRevenue": "483062000", "costOfRevenue": "183970000", "costofGoodsAndServicesSold": "183970000", "operatingIncome": "74282000", "sellingGeneralAndAdministrative": "21566000", "researchAndDevelopment": "56037000", "operatingExpenses": "219165000", "investmentIncomeNet": "None", "netInterestIncome": "None", "interestIncome": "None", "interestExpense": "9700000", "nonInterestIncome": "None", "otherNonOperatingIncome": "None", "depreciation": "None", "depreciationAndAmortization": "19676000", "incomeBeforeTax": "83724000", "incomeTaxExpense": "13006000", "interestAndDebtExpense": "None", "netIncomeFromContinuingOperations": "0", "comprehensiveIncomeNetOfTax": "None", "ebit": "79927000", "ebitda": "99603000", "netIncome": "70718000"}, {"fiscalDateEnding": "2005-07-31", "reportedCurrency": "USD", "grossProfit": "273486000", "totalRevenue": "448403000", "costOfRevenue": "174917000", "costofGoodsAndServicesSold": "174917000", "operatingIncome": "63572000", "sellingGeneralAndAdministrative": "21041000", "researchAndDevelopment": "50802000", "operatingExpenses": "211170000", "investmentIncomeNet": "None", "netInterestIncome": "None", "interestIncome": "None", "interestExpense": "8000000", "nonInterestIncome": "None", "otherNonOperatingIncome": "None", "depreciation": "None", "depreciationAndAmortization": "17922000", "incomeBeforeTax": "72381000", "incomeTaxExpense": "12261000", "interestAndDebtExpense": "None", "netIncomeFromContinuingOperations": "0", "comprehensiveIncomeNetOfTax": "None", "ebit": "62316000", "ebitda": "80238000", "netIncome": "60120000"}, {"fiscalDateEnding": "2005-04-30", "reportedCurrency": "USD", "grossProfit": "276795000", "totalRevenue": "451828000", "costOfRevenue": "175033000", "costofGoodsAndServicesSold": "175033000", "operatingIncome": "70028000", "sellingGeneralAndAdministrative": "39885000", "researchAndDevelopment": "48092000", "operatingExpenses": "206768000", "investmentIncomeNet": "None", "netInterestIncome": "None", "interestIncome": "None", "interestExpense": "8000000", "nonInterestIncome": "None", "otherNonOperatingIncome": "None", "depreciation": "None", "depreciationAndAmortization": "17512000", "incomeBeforeTax": "78134000", "incomeTaxExpense": "14698000", "interestAndDebtExpense": "None", "netIncomeFromContinuingOperations": "0", "comprehensiveIncomeNetOfTax": "None", "ebit": "70027000", "ebitda": "87539000", "netIncome": "63436000"}, {"fiscalDateEnding": "2005-01-31", "reportedCurrency": "USD", "grossProfit": "252134000", "totalRevenue": "412706000", "costOfRevenue": "160572000", "costofGoodsAndServicesSold": "160572000", "operatingIncome": "67808000", "sellingGeneralAndAdministrative": "20136000", "researchAndDevelopment": "43603000", "operatingExpenses": "184596000", "investmentIncomeNet": "None", "netInterestIncome": "None", "interestIncome": "None", "interestExpense": "6100000", "nonInterestIncome": "None", "otherNonOperatingIncome": "None", "depreciation": "None", "depreciationAndAmortization": "15905000", "incomeBeforeTax": "73380000", "incomeTaxExpense": "13253000", "interestAndDebtExpense": "None", "netIncomeFromContinuingOperations": "0", "comprehensiveIncomeNetOfTax": "None", "ebit": "67634000", "ebitda": "83539000", "netIncome": "60127000"}]}