{"symbol": "QCOM", "annualReports": [{"fiscalDateEnding": "2024-09-30", "reportedCurrency": "USD", "grossProfit": "21902000000", "totalRevenue": "38962000000", "costOfRevenue": "17060000000", "costofGoodsAndServicesSold": "17060000000", "operatingIncome": "10071000000", "sellingGeneralAndAdministrative": "2759000000", "researchAndDevelopment": "8893000000", "operatingExpenses": "11831000000", "investmentIncomeNet": "None", "netInterestIncome": "-22000000", "interestIncome": "675000000", "interestExpense": "697000000", "nonInterestIncome": "None", "otherNonOperatingIncome": "None", "depreciation": "None", "depreciationAndAmortization": "1706000000", "incomeBeforeTax": "10336000000", "incomeTaxExpense": "226000000", "interestAndDebtExpense": "None", "netIncomeFromContinuingOperations": "10110000000", "comprehensiveIncomeNetOfTax": "None", "ebit": "11033000000", "ebitda": "12739000000", "netIncome": "10142000000"}, {"fiscalDateEnding": "2023-09-30", "reportedCurrency": "USD", "grossProfit": "19951000000", "totalRevenue": "35820000000", "costOfRevenue": "15869000000", "costofGoodsAndServicesSold": "15869000000", "operatingIncome": "7788000000", "sellingGeneralAndAdministrative": "2483000000", "researchAndDevelopment": "8818000000", "operatingExpenses": "12163000000", "investmentIncomeNet": "None", "netInterestIncome": "-694000000", "interestIncome": "313000000", "interestExpense": "694000000", "nonInterestIncome": "None", "otherNonOperatingIncome": "None", "depreciation": "None", "depreciationAndAmortization": "1809000000", "incomeBeforeTax": "7443000000", "incomeTaxExpense": "104000000", "interestAndDebtExpense": "None", "netIncomeFromContinuingOperations": "7339000000", "comprehensiveIncomeNetOfTax": "None", "ebit": "8650000000", "ebitda": "10459000000", "netIncome": "7232000000"}, {"fiscalDateEnding": "2022-09-30", "reportedCurrency": "USD", "grossProfit": "25565000000", "totalRevenue": "44200000000", "costOfRevenue": "18635000000", "costofGoodsAndServicesSold": "18635000000", "operatingIncome": "15860000000", "sellingGeneralAndAdministrative": "2570000000", "researchAndDevelopment": "8194000000", "operatingExpenses": "9705000000", "investmentIncomeNet": "None", "netInterestIncome": "-399000000", "interestIncome": "91000000", "interestExpense": "490000000", "nonInterestIncome": "None", "otherNonOperatingIncome": "-372000000", "depreciation": "None", "depreciationAndAmortization": "1762000000", "incomeBeforeTax": "14998000000", "incomeTaxExpense": "2012000000", "interestAndDebtExpense": "None", "netIncomeFromContinuingOperations": "12986000000", "comprehensiveIncomeNetOfTax": "None", "ebit": "14801000000", "ebitda": "16563000000", "netIncome": "12936000000"}, {"fiscalDateEnding": "2021-09-30", "reportedCurrency": "USD", "grossProfit": "19304000000", "totalRevenue": "33566000000", "costOfRevenue": "14262000000", "costofGoodsAndServicesSold": "14262000000", "operatingIncome": "9789000000", "sellingGeneralAndAdministrative": "2339000000", "researchAndDevelopment": "7176000000", "operatingExpenses": "9515000000", "investmentIncomeNet": "None", "netInterestIncome": "-476000000", "interestIncome": "83000000", "interestExpense": "559000000", "nonInterestIncome": "None", "otherNonOperatingIncome": "1044000000", "depreciation": "None", "depreciationAndAmortization": "1582000000", "incomeBeforeTax": "10274000000", "incomeTaxExpense": "1231000000", "interestAndDebtExpense": "None", "netIncomeFromContinuingOperations": "9043000000", "comprehensiveIncomeNetOfTax": "None", "ebit": "9789000000", "ebitda": "11371000000", "netIncome": "9043000000"}, {"fiscalDateEnding": "2020-09-30", "reportedCurrency": "USD", "grossProfit": "14276000000", "totalRevenue": "23531000000", "costOfRevenue": "9255000000", "costofGoodsAndServicesSold": "9255000000", "operatingIncome": "6255000000", "sellingGeneralAndAdministrative": "2074000000", "researchAndDevelopment": "5975000000", "operatingExpenses": "8021000000", "investmentIncomeNet": "None", "netInterestIncome": "-446000000", "interestIncome": "156000000", "interestExpense": "602000000", "nonInterestIncome": "None", "otherNonOperatingIncome": "66000000", "depreciation": "None", "depreciationAndAmortization": "1393000000", "incomeBeforeTax": "5719000000", "incomeTaxExpense": "521000000", "interestAndDebtExpense": "None", "netIncomeFromContinuingOperations": "5198000000", "comprehensiveIncomeNetOfTax": "None", "ebit": "6255000000", "ebitda": "7648000000", "netIncome": "5198000000"}, {"fiscalDateEnding": "2019-09-30", "reportedCurrency": "USD", "grossProfit": "15674000000", "totalRevenue": "24273000000", "costOfRevenue": "8599000000", "costofGoodsAndServicesSold": "8599000000", "operatingIncome": "7667000000", "sellingGeneralAndAdministrative": "2195000000", "researchAndDevelopment": "5398000000", "operatingExpenses": "8007000000", "investmentIncomeNet": "None", "netInterestIncome": "-311000000", "interestIncome": "316000000", "interestExpense": "627000000", "nonInterestIncome": "None", "otherNonOperatingIncome": "441000000", "depreciation": "None", "depreciationAndAmortization": "1401000000", "incomeBeforeTax": "7481000000", "incomeTaxExpense": "3095000000", "interestAndDebtExpense": "None", "netIncomeFromContinuingOperations": "4386000000", "comprehensiveIncomeNetOfTax": "None", "ebit": "7667000000", "ebitda": "9068000000", "netIncome": "4386000000"}, {"fiscalDateEnding": "2018-09-30", "reportedCurrency": "USD", "grossProfit": "12488000000", "totalRevenue": "22732000000", "costOfRevenue": "10244000000", "costofGoodsAndServicesSold": "10244000000", "operatingIncome": "742000000", "sellingGeneralAndAdministrative": "2986000000", "researchAndDevelopment": "5625000000", "operatingExpenses": "11746000000", "investmentIncomeNet": "None", "netInterestIncome": "-143000000", "interestIncome": "625000000", "interestExpense": "768000000", "nonInterestIncome": "None", "otherNonOperatingIncome": "539000000", "depreciation": "None", "depreciationAndAmortization": "1561000000", "incomeBeforeTax": "513000000", "incomeTaxExpense": "5377000000", "interestAndDebtExpense": "None", "netIncomeFromContinuingOperations": "5890000000", "comprehensiveIncomeNetOfTax": "None", "ebit": "742000000", "ebitda": "2303000000", "netIncome": "-4864000000"}, {"fiscalDateEnding": "2017-09-30", "reportedCurrency": "USD", "grossProfit": "12499000000", "totalRevenue": "22291000000", "costOfRevenue": "9792000000", "costofGoodsAndServicesSold": "9792000000", "operatingIncome": "2614000000", "sellingGeneralAndAdministrative": "2658000000", "researchAndDevelopment": "5485000000", "operatingExpenses": "9885000000", "investmentIncomeNet": "None", "netInterestIncome": "125000000", "interestIncome": "619000000", "interestExpense": "494000000", "nonInterestIncome": "None", "otherNonOperatingIncome": "900000000", "depreciation": "None", "depreciationAndAmortization": "1461000000", "incomeBeforeTax": "3020000000", "incomeTaxExpense": "555000000", "interestAndDebtExpense": "None", "netIncomeFromContinuingOperations": "3575000000", "comprehensiveIncomeNetOfTax": "None", "ebit": "2614000000", "ebitda": "4075000000", "netIncome": "2466000000"}, {"fiscalDateEnding": "2016-09-30", "reportedCurrency": "USD", "grossProfit": "13805000000", "totalRevenue": "23554000000", "costOfRevenue": "9749000000", "costofGoodsAndServicesSold": "9749000000", "operatingIncome": "6495000000", "sellingGeneralAndAdministrative": "2213000000", "researchAndDevelopment": "5151000000", "operatingExpenses": "7310000000", "investmentIncomeNet": "None", "netInterestIncome": "314000000", "interestIncome": "611000000", "interestExpense": "297000000", "nonInterestIncome": "None", "otherNonOperatingIncome": "635000000", "depreciation": "None", "depreciationAndAmortization": "1428000000", "incomeBeforeTax": "6833000000", "incomeTaxExpense": "1131000000", "interestAndDebtExpense": "None", "netIncomeFromContinuingOperations": "5702000000", "comprehensiveIncomeNetOfTax": "None", "ebit": "6495000000", "ebitda": "7923000000", "netIncome": "5705000000"}, {"fiscalDateEnding": "2015-09-30", "reportedCurrency": "USD", "grossProfit": "14903000000", "totalRevenue": "25281000000", "costOfRevenue": "10378000000", "costofGoodsAndServicesSold": "10378000000", "operatingIncome": "5776000000", "sellingGeneralAndAdministrative": "2272000000", "researchAndDevelopment": "5490000000", "operatingExpenses": "9127000000", "investmentIncomeNet": "None", "netInterestIncome": "None", "interestIncome": "891000000", "interestExpense": "104000000", "nonInterestIncome": "None", "otherNonOperatingIncome": "815000000", "depreciation": "None", "depreciationAndAmortization": "1214000000", "incomeBeforeTax": "6487000000", "incomeTaxExpense": "1219000000", "interestAndDebtExpense": "None", "netIncomeFromContinuingOperations": "5268000000", "comprehensiveIncomeNetOfTax": "None", "ebit": "5776000000", "ebitda": "6990000000", "netIncome": "5271000000"}, {"fiscalDateEnding": "2014-09-30", "reportedCurrency": "USD", "grossProfit": "15801000000", "totalRevenue": "26487000000", "costOfRevenue": "10686000000", "costofGoodsAndServicesSold": "10686000000", "operatingIncome": "7550000000", "sellingGeneralAndAdministrative": "2265000000", "researchAndDevelopment": "5477000000", "operatingExpenses": "8251000000", "investmentIncomeNet": "None", "netInterestIncome": "None", "interestIncome": "None", "interestExpense": "5000000", "nonInterestIncome": "None", "otherNonOperatingIncome": "1228000000", "depreciation": "None", "depreciationAndAmortization": "1150000000", "incomeBeforeTax": "8778000000", "incomeTaxExpense": "1244000000", "interestAndDebtExpense": "None", "netIncomeFromContinuingOperations": "7534000000", "comprehensiveIncomeNetOfTax": "None", "ebit": "8126000000", "ebitda": "9276000000", "netIncome": "7967000000"}, {"fiscalDateEnding": "2013-09-30", "reportedCurrency": "USD", "grossProfit": "15046000000", "totalRevenue": "24866000000", "costOfRevenue": "9820000000", "costofGoodsAndServicesSold": "9820000000", "operatingIncome": "7230000000", "sellingGeneralAndAdministrative": "2518000000", "researchAndDevelopment": "4967000000", "operatingExpenses": "7816000000", "investmentIncomeNet": "None", "netInterestIncome": "None", "interestIncome": "None", "interestExpense": "23000000", "nonInterestIncome": "None", "otherNonOperatingIncome": "None", "depreciation": "None", "depreciationAndAmortization": "1017000000", "incomeBeforeTax": "8194000000", "incomeTaxExpense": "1349000000", "interestAndDebtExpense": "None", "netIncomeFromContinuingOperations": "6845000000", "comprehensiveIncomeNetOfTax": "None", "ebit": "7921000000", "ebitda": "8938000000", "netIncome": "6853000000"}, {"fiscalDateEnding": "2012-09-30", "reportedCurrency": "USD", "grossProfit": "12025000000", "totalRevenue": "19121000000", "costOfRevenue": "7096000000", "costofGoodsAndServicesSold": "7096000000", "operatingIncome": "5682000000", "sellingGeneralAndAdministrative": "2324000000", "researchAndDevelopment": "3915000000", "operatingExpenses": "6343000000", "investmentIncomeNet": "None", "netInterestIncome": "None", "interestIncome": "None", "interestExpense": "90000000", "nonInterestIncome": "None", "otherNonOperatingIncome": "None", "depreciation": "None", "depreciationAndAmortization": "897000000", "incomeBeforeTax": "6562000000", "incomeTaxExpense": "1279000000", "interestAndDebtExpense": "None", "netIncomeFromContinuingOperations": "5283000000", "comprehensiveIncomeNetOfTax": "None", "ebit": "4802000000", "ebitda": "5699000000", "netIncome": "6109000000"}, {"fiscalDateEnding": "2011-09-30", "reportedCurrency": "USD", "grossProfit": "10080000000", "totalRevenue": "14957000000", "costOfRevenue": "4877000000", "costofGoodsAndServicesSold": "4877000000", "operatingIncome": "5026000000", "sellingGeneralAndAdministrative": "1945000000", "researchAndDevelopment": "2995000000", "operatingExpenses": "5054000000", "investmentIncomeNet": "None", "netInterestIncome": "None", "interestIncome": "None", "interestExpense": "114000000", "nonInterestIncome": "None", "otherNonOperatingIncome": "None", "depreciation": "None", "depreciationAndAmortization": "1061000000", "incomeBeforeTax": "5687000000", "incomeTaxExpense": "1132000000", "interestAndDebtExpense": "None", "netIncomeFromContinuingOperations": "4555000000", "comprehensiveIncomeNetOfTax": "None", "ebit": "5519000000", "ebitda": "6580000000", "netIncome": "4260000000"}, {"fiscalDateEnding": "2010-09-30", "reportedCurrency": "USD", "grossProfit": "7474000000", "totalRevenue": "10991000000", "costOfRevenue": "3517000000", "costofGoodsAndServicesSold": "3517000000", "operatingIncome": "3283000000", "sellingGeneralAndAdministrative": "1503000000", "researchAndDevelopment": "2549000000", "operatingExpenses": "4191000000", "investmentIncomeNet": "None", "netInterestIncome": "None", "interestIncome": "None", "interestExpense": "58000000", "nonInterestIncome": "None", "otherNonOperatingIncome": "None", "depreciation": "None", "depreciationAndAmortization": "666000000", "incomeBeforeTax": "4034000000", "incomeTaxExpense": "787000000", "interestAndDebtExpense": "None", "netIncomeFromContinuingOperations": "2496000000", "comprehensiveIncomeNetOfTax": "None", "ebit": "2532000000", "ebitda": "3198000000", "netIncome": "3247000000"}, {"fiscalDateEnding": "2009-09-30", "reportedCurrency": "USD", "grossProfit": "7235000000", "totalRevenue": "10416000000", "costOfRevenue": "3181000000", "costofGoodsAndServicesSold": "3181000000", "operatingIncome": "2226000000", "sellingGeneralAndAdministrative": "1462000000", "researchAndDevelopment": "2440000000", "operatingExpenses": "5009000000", "investmentIncomeNet": "None", "netInterestIncome": "None", "interestIncome": "None", "interestExpense": "24000000", "nonInterestIncome": "None", "otherNonOperatingIncome": "None", "depreciation": "None", "depreciationAndAmortization": "635000000", "incomeBeforeTax": "2076000000", "incomeTaxExpense": "484000000", "interestAndDebtExpense": "None", "netIncomeFromContinuingOperations": "1742000000", "comprehensiveIncomeNetOfTax": "None", "ebit": "2376000000", "ebitda": "3011000000", "netIncome": "1592000000"}, {"fiscalDateEnding": "2008-09-30", "reportedCurrency": "USD", "grossProfit": "7728000000", "totalRevenue": "11142000000", "costOfRevenue": "3414000000", "costofGoodsAndServicesSold": "3414000000", "operatingIncome": "3730000000", "sellingGeneralAndAdministrative": "1717000000", "researchAndDevelopment": "2281000000", "operatingExpenses": "3998000000", "investmentIncomeNet": "None", "netInterestIncome": "None", "interestIncome": "None", "interestExpense": "0", "nonInterestIncome": "None", "otherNonOperatingIncome": "None", "depreciation": "None", "depreciationAndAmortization": "456000000", "incomeBeforeTax": "3826000000", "incomeTaxExpense": "666000000", "interestAndDebtExpense": "None", "netIncomeFromContinuingOperations": "None", "comprehensiveIncomeNetOfTax": "None", "ebit": "4104000000", "ebitda": "4560000000", "netIncome": "3160000000"}, {"fiscalDateEnding": "2007-09-30", "reportedCurrency": "USD", "grossProfit": "6190000000", "totalRevenue": "8871000000", "costOfRevenue": "2681000000", "costofGoodsAndServicesSold": "2681000000", "operatingIncome": "2883000000", "sellingGeneralAndAdministrative": "1478000000", "researchAndDevelopment": "1829000000", "operatingExpenses": "3307000000", "investmentIncomeNet": "None", "netInterestIncome": "None", "interestIncome": "None", "interestExpense": "0", "nonInterestIncome": "None", "otherNonOperatingIncome": "None", "depreciation": "None", "depreciationAndAmortization": "383000000", "incomeBeforeTax": "3626000000", "incomeTaxExpense": "323000000", "interestAndDebtExpense": "None", "netIncomeFromContinuingOperations": "None", "comprehensiveIncomeNetOfTax": "None", "ebit": "2686000000", "ebitda": "3069000000", "netIncome": "3303000000"}, {"fiscalDateEnding": "2006-09-30", "reportedCurrency": "USD", "grossProfit": "5344000000", "totalRevenue": "7526000000", "costOfRevenue": "2182000000", "costofGoodsAndServicesSold": "2182000000", "operatingIncome": "2690000000", "sellingGeneralAndAdministrative": "1116000000", "researchAndDevelopment": "1538000000", "operatingExpenses": "2654000000", "investmentIncomeNet": "None", "netInterestIncome": "None", "interestIncome": "None", "interestExpense": "0", "nonInterestIncome": "None", "otherNonOperatingIncome": "None", "depreciation": "None", "depreciationAndAmortization": "272000000", "incomeBeforeTax": "3156000000", "incomeTaxExpense": "686000000", "interestAndDebtExpense": "None", "netIncomeFromContinuingOperations": "None", "comprehensiveIncomeNetOfTax": "None", "ebit": "2607000000", "ebitda": "2879000000", "netIncome": "2470000000"}, {"fiscalDateEnding": "2005-09-30", "reportedCurrency": "USD", "grossProfit": "4028000000", "totalRevenue": "5673000000", "costOfRevenue": "1645000000", "costofGoodsAndServicesSold": "1645000000", "operatingIncome": "2386000000", "sellingGeneralAndAdministrative": "631000000", "researchAndDevelopment": "1011000000", "operatingExpenses": "1642000000", "investmentIncomeNet": "None", "netInterestIncome": "None", "interestIncome": "None", "interestExpense": "0", "nonInterestIncome": "None", "otherNonOperatingIncome": "None", "depreciation": "None", "depreciationAndAmortization": "200000000", "incomeBeforeTax": "2809000000", "incomeTaxExpense": "666000000", "interestAndDebtExpense": "None", "netIncomeFromContinuingOperations": "None", "comprehensiveIncomeNetOfTax": "None", "ebit": "2188000000", "ebitda": "2388000000", "netIncome": "2143000000"}], "quarterlyReports": [{"fiscalDateEnding": "2024-12-31", "reportedCurrency": "USD", "grossProfit": "6508000000", "totalRevenue": "11669000000", "costOfRevenue": "5161000000", "costofGoodsAndServicesSold": "5161000000", "operatingIncome": "3555000000", "sellingGeneralAndAdministrative": "723000000", "researchAndDevelopment": "2230000000", "operatingExpenses": "2953000000", "investmentIncomeNet": "None", "netInterestIncome": "6000000", "interestIncome": "169000000", "interestExpense": "163000000", "nonInterestIncome": "None", "otherNonOperatingIncome": "None", "depreciation": "None", "depreciationAndAmortization": "436000000", "incomeBeforeTax": "3635000000", "incomeTaxExpense": "455000000", "interestAndDebtExpense": "None", "netIncomeFromContinuingOperations": "3180000000", "comprehensiveIncomeNetOfTax": "None", "ebit": "3798000000", "ebitda": "4234000000", "netIncome": "3180000000"}, {"fiscalDateEnding": "2024-09-30", "reportedCurrency": "USD", "grossProfit": "5777000000", "totalRevenue": "10244000000", "costOfRevenue": "4467000000", "costofGoodsAndServicesSold": "4467000000", "operatingIncome": "2582000000", "sellingGeneralAndAdministrative": "761000000", "researchAndDevelopment": "2302000000", "operatingExpenses": "3195000000", "investmentIncomeNet": "None", "netInterestIncome": "5000000", "interestIncome": "185000000", "interestExpense": "180000000", "nonInterestIncome": "None", "otherNonOperatingIncome": "None", "depreciation": "None", "depreciationAndAmortization": "439000000", "incomeBeforeTax": "2596000000", "incomeTaxExpense": "-319000000", "interestAndDebtExpense": "None", "netIncomeFromContinuingOperations": "2915000000", "comprehensiveIncomeNetOfTax": "None", "ebit": "2776000000", "ebitda": "3215000000", "netIncome": "2920000000"}, {"fiscalDateEnding": "2024-06-30", "reportedCurrency": "USD", "grossProfit": "5219000000", "totalRevenue": "9393000000", "costOfRevenue": "4174000000", "costofGoodsAndServicesSold": "4174000000", "operatingIncome": "2296000000", "sellingGeneralAndAdministrative": "664000000", "researchAndDevelopment": "2259000000", "operatingExpenses": "2923000000", "investmentIncomeNet": "None", "netInterestIncome": "14000000", "interestIncome": "182000000", "interestExpense": "168000000", "nonInterestIncome": "None", "otherNonOperatingIncome": "None", "depreciation": "None", "depreciationAndAmortization": "419000000", "incomeBeforeTax": "2279000000", "incomeTaxExpense": "171000000", "interestAndDebtExpense": "None", "netIncomeFromContinuingOperations": "2108000000", "comprehensiveIncomeNetOfTax": "None", "ebit": "2296000000", "ebitda": "2715000000", "netIncome": "2129000000"}, {"fiscalDateEnding": "2024-03-31", "reportedCurrency": "USD", "grossProfit": "5283000000", "totalRevenue": "9389000000", "costOfRevenue": "4106000000", "costofGoodsAndServicesSold": "4106000000", "operatingIncome": "2340000000", "sellingGeneralAndAdministrative": "707000000", "researchAndDevelopment": "2236000000", "operatingExpenses": "2943000000", "investmentIncomeNet": "None", "netInterestIncome": "-12000000", "interestIncome": "160000000", "interestExpense": "172000000", "nonInterestIncome": "None", "otherNonOperatingIncome": "None", "depreciation": "None", "depreciationAndAmortization": "411000000", "incomeBeforeTax": "2498000000", "incomeTaxExpense": "223000000", "interestAndDebtExpense": "None", "netIncomeFromContinuingOperations": "2275000000", "comprehensiveIncomeNetOfTax": "None", "ebit": "2340000000", "ebitda": "2751000000", "netIncome": "2326000000"}, {"fiscalDateEnding": "2023-12-31", "reportedCurrency": "USD", "grossProfit": "5623000000", "totalRevenue": "9935000000", "costOfRevenue": "4312000000", "costofGoodsAndServicesSold": "4312000000", "operatingIncome": "2928000000", "sellingGeneralAndAdministrative": "627000000", "researchAndDevelopment": "2096000000", "operatingExpenses": "2695000000", "investmentIncomeNet": "None", "netInterestIncome": "-29000000", "interestIncome": "149000000", "interestExpense": "178000000", "nonInterestIncome": "None", "otherNonOperatingIncome": "None", "depreciation": "None", "depreciationAndAmortization": "437000000", "incomeBeforeTax": "2962000000", "incomeTaxExpense": "151000000", "interestAndDebtExpense": "None", "netIncomeFromContinuingOperations": "2811000000", "comprehensiveIncomeNetOfTax": "None", "ebit": "2900000000", "ebitda": "3337000000", "netIncome": "2767000000"}, {"fiscalDateEnding": "2023-09-30", "reportedCurrency": "USD", "grossProfit": "4751000000", "totalRevenue": "8631000000", "costOfRevenue": "3880000000", "costofGoodsAndServicesSold": "3880000000", "operatingIncome": "1411000000", "sellingGeneralAndAdministrative": "628000000", "researchAndDevelopment": "2135000000", "operatingExpenses": "3340000000", "investmentIncomeNet": "None", "netInterestIncome": "-174000000", "interestIncome": "120000000", "interestExpense": "174000000", "nonInterestIncome": "None", "otherNonOperatingIncome": "None", "depreciation": "None", "depreciationAndAmortization": "462000000", "incomeBeforeTax": "1420000000", "incomeTaxExpense": "-209000000", "interestAndDebtExpense": "None", "netIncomeFromContinuingOperations": "1629000000", "comprehensiveIncomeNetOfTax": "None", "ebit": "1411000000", "ebitda": "1873000000", "netIncome": "1490000000"}, {"fiscalDateEnding": "2023-06-30", "reportedCurrency": "USD", "grossProfit": "4659000000", "totalRevenue": "8451000000", "costOfRevenue": "3792000000", "costofGoodsAndServicesSold": "3792000000", "operatingIncome": "1823000000", "sellingGeneralAndAdministrative": "618000000", "researchAndDevelopment": "2222000000", "operatingExpenses": "2840000000", "investmentIncomeNet": "None", "netInterestIncome": "-93000000", "interestIncome": "79000000", "interestExpense": "172000000", "nonInterestIncome": "None", "otherNonOperatingIncome": "106000000", "depreciation": "None", "depreciationAndAmortization": "479000000", "incomeBeforeTax": "1757000000", "incomeTaxExpense": "22000000", "interestAndDebtExpense": "None", "netIncomeFromContinuingOperations": "1735000000", "comprehensiveIncomeNetOfTax": "None", "ebit": "1950000000", "ebitda": "2429000000", "netIncome": "1803000000"}, {"fiscalDateEnding": "2023-03-31", "reportedCurrency": "USD", "grossProfit": "5122000000", "totalRevenue": "9275000000", "costOfRevenue": "4153000000", "costofGoodsAndServicesSold": "4153000000", "operatingIncome": "2090000000", "sellingGeneralAndAdministrative": "614000000", "researchAndDevelopment": "2210000000", "operatingExpenses": "3032000000", "investmentIncomeNet": "None", "netInterestIncome": "-179000000", "interestIncome": "59000000", "interestExpense": "179000000", "nonInterestIncome": "None", "otherNonOperatingIncome": "-16000000", "depreciation": "None", "depreciationAndAmortization": "470000000", "incomeBeforeTax": "1895000000", "incomeTaxExpense": "193000000", "interestAndDebtExpense": "None", "netIncomeFromContinuingOperations": "1702000000", "comprehensiveIncomeNetOfTax": "None", "ebit": "2090000000", "ebitda": "2560000000", "netIncome": "1704000000"}, {"fiscalDateEnding": "2022-12-31", "reportedCurrency": "USD", "grossProfit": "5419000000", "totalRevenue": "9463000000", "costOfRevenue": "4044000000", "costofGoodsAndServicesSold": "4044000000", "operatingIncome": "2465000000", "sellingGeneralAndAdministrative": "623000000", "researchAndDevelopment": "2251000000", "operatingExpenses": "2954000000", "investmentIncomeNet": "None", "netInterestIncome": "-115000000", "interestIncome": "55000000", "interestExpense": "170000000", "nonInterestIncome": "None", "otherNonOperatingIncome": "76000000", "depreciation": "None", "depreciationAndAmortization": "398000000", "incomeBeforeTax": "2371000000", "incomeTaxExpense": "98000000", "interestAndDebtExpense": "None", "netIncomeFromContinuingOperations": "2273000000", "comprehensiveIncomeNetOfTax": "None", "ebit": "2465000000", "ebitda": "2863000000", "netIncome": "2235000000"}, {"fiscalDateEnding": "2022-09-30", "reportedCurrency": "USD", "grossProfit": "6527000000", "totalRevenue": "11395000000", "costOfRevenue": "4868000000", "costofGoodsAndServicesSold": "4868000000", "operatingIncome": "3666000000", "sellingGeneralAndAdministrative": "4457000000", "researchAndDevelopment": "2178000000", "operatingExpenses": "1802000000", "investmentIncomeNet": "None", "netInterestIncome": "-113000000", "interestIncome": "32000000", "interestExpense": "145000000", "nonInterestIncome": "None", "otherNonOperatingIncome": "-51000000", "depreciation": "None", "depreciationAndAmortization": "1538000000", "incomeBeforeTax": "3470000000", "incomeTaxExpense": "547000000", "interestAndDebtExpense": "None", "netIncomeFromContinuingOperations": "2923000000", "comprehensiveIncomeNetOfTax": "None", "ebit": "3666000000", "ebitda": "5204000000", "netIncome": "2873000000"}, {"fiscalDateEnding": "2022-06-30", "reportedCurrency": "USD", "grossProfit": "6120000000", "totalRevenue": "10936000000", "costOfRevenue": "4816000000", "costofGoodsAndServicesSold": "4816000000", "operatingIncome": "3413000000", "sellingGeneralAndAdministrative": "655000000", "researchAndDevelopment": "2052000000", "operatingExpenses": "2707000000", "investmentIncomeNet": "None", "netInterestIncome": "-48000000", "interestIncome": "22000000", "interestExpense": "70000000", "nonInterestIncome": "None", "otherNonOperatingIncome": "-163000000", "depreciation": "None", "depreciationAndAmortization": "438000000", "incomeBeforeTax": "4239000000", "incomeTaxExpense": "509000000", "interestAndDebtExpense": "None", "netIncomeFromContinuingOperations": "3730000000", "comprehensiveIncomeNetOfTax": "None", "ebit": "3413000000", "ebitda": "3851000000", "netIncome": "3730000000"}, {"fiscalDateEnding": "2022-03-31", "reportedCurrency": "USD", "grossProfit": "6516000000", "totalRevenue": "11164000000", "costOfRevenue": "4648000000", "costofGoodsAndServicesSold": "4648000000", "operatingIncome": "3858000000", "sellingGeneralAndAdministrative": "624000000", "researchAndDevelopment": "2034000000", "operatingExpenses": "2658000000", "investmentIncomeNet": "None", "netInterestIncome": "-117000000", "interestIncome": "20000000", "interestExpense": "137000000", "nonInterestIncome": "None", "otherNonOperatingIncome": "-298000000", "depreciation": "None", "depreciationAndAmortization": "415000000", "incomeBeforeTax": "3423000000", "incomeTaxExpense": "489000000", "interestAndDebtExpense": "None", "netIncomeFromContinuingOperations": "2934000000", "comprehensiveIncomeNetOfTax": "None", "ebit": "3858000000", "ebitda": "4273000000", "netIncome": "2934000000"}, {"fiscalDateEnding": "2021-12-31", "reportedCurrency": "USD", "grossProfit": "6402000000", "totalRevenue": "10705000000", "costOfRevenue": "4303000000", "costofGoodsAndServicesSold": "4303000000", "operatingIncome": "3864000000", "sellingGeneralAndAdministrative": "608000000", "researchAndDevelopment": "1930000000", "operatingExpenses": "2538000000", "investmentIncomeNet": "None", "netInterestIncome": "-122000000", "interestIncome": "17000000", "interestExpense": "139000000", "nonInterestIncome": "None", "otherNonOperatingIncome": "140000000", "depreciation": "None", "depreciationAndAmortization": "406000000", "incomeBeforeTax": "3865000000", "incomeTaxExpense": "466000000", "interestAndDebtExpense": "None", "netIncomeFromContinuingOperations": "3399000000", "comprehensiveIncomeNetOfTax": "None", "ebit": "3901000000", "ebitda": "4307000000", "netIncome": "3399000000"}, {"fiscalDateEnding": "2021-09-30", "reportedCurrency": "USD", "grossProfit": "5399000000", "totalRevenue": "9336000000", "costOfRevenue": "3937000000", "costofGoodsAndServicesSold": "3937000000", "operatingIncome": "2902000000", "sellingGeneralAndAdministrative": "4060000000", "researchAndDevelopment": "1878000000", "operatingExpenses": "2497000000", "investmentIncomeNet": "None", "netInterestIncome": "-118000000", "interestIncome": "20000000", "interestExpense": "138000000", "nonInterestIncome": "None", "otherNonOperatingIncome": "521000000", "depreciation": "None", "depreciationAndAmortization": "425000000", "incomeBeforeTax": "3285000000", "incomeTaxExpense": "487000000", "interestAndDebtExpense": "None", "netIncomeFromContinuingOperations": "2799000000", "comprehensiveIncomeNetOfTax": "None", "ebit": "2902000000", "ebitda": "3327000000", "netIncome": "2798000000"}, {"fiscalDateEnding": "2021-06-30", "reportedCurrency": "USD", "grossProfit": "4656000000", "totalRevenue": "8060000000", "costOfRevenue": "3404000000", "costofGoodsAndServicesSold": "3404000000", "operatingIncome": "2195000000", "sellingGeneralAndAdministrative": "597000000", "researchAndDevelopment": "1864000000", "operatingExpenses": "2461000000", "investmentIncomeNet": "None", "netInterestIncome": "-117000000", "interestIncome": "21000000", "interestExpense": "138000000", "nonInterestIncome": "None", "otherNonOperatingIncome": "200000000", "depreciation": "None", "depreciationAndAmortization": "406000000", "incomeBeforeTax": "2257000000", "incomeTaxExpense": "230000000", "interestAndDebtExpense": "None", "netIncomeFromContinuingOperations": "2027000000", "comprehensiveIncomeNetOfTax": "None", "ebit": "2255000000", "ebitda": "2661000000", "netIncome": "2027000000"}, {"fiscalDateEnding": "2021-03-31", "reportedCurrency": "USD", "grossProfit": "4503000000", "totalRevenue": "7935000000", "costOfRevenue": "3432000000", "costofGoodsAndServicesSold": "3432000000", "operatingIncome": "2166000000", "sellingGeneralAndAdministrative": "557000000", "researchAndDevelopment": "1780000000", "operatingExpenses": "2337000000", "investmentIncomeNet": "None", "netInterestIncome": "-119000000", "interestIncome": "22000000", "interestExpense": "141000000", "nonInterestIncome": "None", "otherNonOperatingIncome": "104000000", "depreciation": "None", "depreciationAndAmortization": "387000000", "incomeBeforeTax": "2129000000", "incomeTaxExpense": "367000000", "interestAndDebtExpense": "None", "netIncomeFromContinuingOperations": "1762000000", "comprehensiveIncomeNetOfTax": "None", "ebit": "2223000000", "ebitda": "2610000000", "netIncome": "1762000000"}, {"fiscalDateEnding": "2020-12-31", "reportedCurrency": "USD", "grossProfit": "4746000000", "totalRevenue": "8235000000", "costOfRevenue": "3489000000", "costofGoodsAndServicesSold": "3489000000", "operatingIncome": "2526000000", "sellingGeneralAndAdministrative": "567000000", "researchAndDevelopment": "1653000000", "operatingExpenses": "2220000000", "investmentIncomeNet": "None", "netInterestIncome": "-120000000", "interestIncome": "21000000", "interestExpense": "141000000", "nonInterestIncome": "None", "otherNonOperatingIncome": "219000000", "depreciation": "None", "depreciationAndAmortization": "364000000", "incomeBeforeTax": "2604000000", "incomeTaxExpense": "149000000", "interestAndDebtExpense": "None", "netIncomeFromContinuingOperations": "2455000000", "comprehensiveIncomeNetOfTax": "None", "ebit": "2599000000", "ebitda": "2963000000", "netIncome": "2455000000"}, {"fiscalDateEnding": "2020-09-30", "reportedCurrency": "USD", "grossProfit": "5580000000", "totalRevenue": "8346000000", "costOfRevenue": "2766000000", "costofGoodsAndServicesSold": "2766000000", "operatingIncome": "3452000000", "sellingGeneralAndAdministrative": "551000000", "researchAndDevelopment": "1583000000", "operatingExpenses": "2128000000", "investmentIncomeNet": "None", "netInterestIncome": "-145000000", "interestIncome": "21000000", "interestExpense": "166000000", "nonInterestIncome": "None", "otherNonOperatingIncome": "19000000", "depreciation": "None", "depreciationAndAmortization": "339000000", "incomeBeforeTax": "3306000000", "incomeTaxExpense": "346000000", "interestAndDebtExpense": "None", "netIncomeFromContinuingOperations": "2960000000", "comprehensiveIncomeNetOfTax": "None", "ebit": "3452000000", "ebitda": "3791000000", "netIncome": "2960000000"}, {"fiscalDateEnding": "2020-06-30", "reportedCurrency": "USD", "grossProfit": "2813000000", "totalRevenue": "4893000000", "costOfRevenue": "2080000000", "costofGoodsAndServicesSold": "2080000000", "operatingIncome": "782000000", "sellingGeneralAndAdministrative": "511000000", "researchAndDevelopment": "1520000000", "operatingExpenses": "2031000000", "investmentIncomeNet": "None", "netInterestIncome": "-113000000", "interestIncome": "30000000", "interestExpense": "143000000", "nonInterestIncome": "None", "otherNonOperatingIncome": "229000000", "depreciation": "None", "depreciationAndAmortization": "363000000", "incomeBeforeTax": "868000000", "incomeTaxExpense": "23000000", "interestAndDebtExpense": "None", "netIncomeFromContinuingOperations": "845000000", "comprehensiveIncomeNetOfTax": "None", "ebit": "863000000", "ebitda": "1226000000", "netIncome": "845000000"}, {"fiscalDateEnding": "2020-03-31", "reportedCurrency": "USD", "grossProfit": "2919000000", "totalRevenue": "5216000000", "costOfRevenue": "2297000000", "costofGoodsAndServicesSold": "2297000000", "operatingIncome": "991000000", "sellingGeneralAndAdministrative": "483000000", "researchAndDevelopment": "1468000000", "operatingExpenses": "1928000000", "investmentIncomeNet": "None", "netInterestIncome": "-99000000", "interestIncome": "47000000", "interestExpense": "146000000", "nonInterestIncome": "None", "otherNonOperatingIncome": "-247000000", "depreciation": "None", "depreciationAndAmortization": "340000000", "incomeBeforeTax": "598000000", "incomeTaxExpense": "130000000", "interestAndDebtExpense": "None", "netIncomeFromContinuingOperations": "468000000", "comprehensiveIncomeNetOfTax": "None", "ebit": "960000000", "ebitda": "1300000000", "netIncome": "468000000"}, {"fiscalDateEnding": "2019-12-31", "reportedCurrency": "USD", "grossProfit": "2964000000", "totalRevenue": "5077000000", "costOfRevenue": "2113000000", "costofGoodsAndServicesSold": "2113000000", "operatingIncome": "1030000000", "sellingGeneralAndAdministrative": "528000000", "researchAndDevelopment": "1406000000", "operatingExpenses": "1934000000", "investmentIncomeNet": "None", "netInterestIncome": "-79000000", "interestIncome": "69000000", "interestExpense": "148000000", "nonInterestIncome": "None", "otherNonOperatingIncome": "65000000", "depreciation": "None", "depreciationAndAmortization": "351000000", "incomeBeforeTax": "947000000", "incomeTaxExpense": "22000000", "interestAndDebtExpense": "None", "netIncomeFromContinuingOperations": "925000000", "comprehensiveIncomeNetOfTax": "None", "ebit": "1089000000", "ebitda": "1440000000", "netIncome": "925000000"}, {"fiscalDateEnding": "2019-09-30", "reportedCurrency": "USD", "grossProfit": "2696000000", "totalRevenue": "4814000000", "costOfRevenue": "2118000000", "costofGoodsAndServicesSold": "2118000000", "operatingIncome": "701000000", "sellingGeneralAndAdministrative": "549000000", "researchAndDevelopment": "1441000000", "operatingExpenses": "1995000000", "investmentIncomeNet": "None", "netInterestIncome": "-71000000", "interestIncome": "79000000", "interestExpense": "150000000", "nonInterestIncome": "None", "otherNonOperatingIncome": "64000000", "depreciation": "None", "depreciationAndAmortization": "350000000", "incomeBeforeTax": "615000000", "incomeTaxExpense": "109000000", "interestAndDebtExpense": "None", "netIncomeFromContinuingOperations": "-5466000000", "comprehensiveIncomeNetOfTax": "None", "ebit": "701000000", "ebitda": "1051000000", "netIncome": "506000000"}, {"fiscalDateEnding": "2019-06-30", "reportedCurrency": "USD", "grossProfit": "7521000000", "totalRevenue": "9635000000", "costOfRevenue": "2114000000", "costofGoodsAndServicesSold": "2114000000", "operatingIncome": "5317000000", "sellingGeneralAndAdministrative": "547000000", "researchAndDevelopment": "1380000000", "operatingExpenses": "2204000000", "investmentIncomeNet": "None", "netInterestIncome": "-79000000", "interestIncome": "81000000", "interestExpense": "160000000", "nonInterestIncome": "None", "otherNonOperatingIncome": "344000000", "depreciation": "None", "depreciationAndAmortization": "353000000", "incomeBeforeTax": "5501000000", "incomeTaxExpense": "3352000000", "interestAndDebtExpense": "None", "netIncomeFromContinuingOperations": "8853000000", "comprehensiveIncomeNetOfTax": "None", "ebit": "5376000000", "ebitda": "5729000000", "netIncome": "2149000000"}, {"fiscalDateEnding": "2019-03-31", "reportedCurrency": "USD", "grossProfit": "2803000000", "totalRevenue": "4982000000", "costOfRevenue": "2179000000", "costofGoodsAndServicesSold": "2179000000", "operatingIncome": "940000000", "sellingGeneralAndAdministrative": "573000000", "researchAndDevelopment": "1308000000", "operatingExpenses": "1863000000", "investmentIncomeNet": "None", "netInterestIncome": "-82000000", "interestIncome": "74000000", "interestExpense": "162000000", "nonInterestIncome": "None", "otherNonOperatingIncome": "28000000", "depreciation": "None", "depreciationAndAmortization": "345000000", "incomeBeforeTax": "806000000", "incomeTaxExpense": "143000000", "interestAndDebtExpense": "None", "netIncomeFromContinuingOperations": "949000000", "comprehensiveIncomeNetOfTax": "None", "ebit": "984000000", "ebitda": "1329000000", "netIncome": "663000000"}, {"fiscalDateEnding": "2018-12-31", "reportedCurrency": "USD", "grossProfit": "2654000000", "totalRevenue": "4842000000", "costOfRevenue": "2188000000", "costofGoodsAndServicesSold": "2188000000", "operatingIncome": "710000000", "sellingGeneralAndAdministrative": "519000000", "researchAndDevelopment": "1269000000", "operatingExpenses": "1944000000", "investmentIncomeNet": "None", "netInterestIncome": "None", "interestIncome": "None", "interestExpense": "156000000", "nonInterestIncome": "None", "otherNonOperatingIncome": "5000000", "depreciation": "None", "depreciationAndAmortization": "353000000", "incomeBeforeTax": "559000000", "incomeTaxExpense": "-509000000", "interestAndDebtExpense": "None", "netIncomeFromContinuingOperations": "50000000", "comprehensiveIncomeNetOfTax": "None", "ebit": "763000000", "ebitda": "1116000000", "netIncome": "1068000000"}, {"fiscalDateEnding": "2018-09-30", "reportedCurrency": "USD", "grossProfit": "2953000000", "totalRevenue": "5803000000", "costOfRevenue": "2850000000", "costofGoodsAndServicesSold": "2850000000", "operatingIncome": "-654000000", "sellingGeneralAndAdministrative": "689000000", "researchAndDevelopment": "1388000000", "operatingExpenses": "3607000000", "investmentIncomeNet": "None", "netInterestIncome": "None", "interestIncome": "None", "interestExpense": "207000000", "nonInterestIncome": "None", "otherNonOperatingIncome": "86000000", "depreciation": "None", "depreciationAndAmortization": "396000000", "incomeBeforeTax": "-775000000", "incomeTaxExpense": "-282000000", "interestAndDebtExpense": "None", "netIncomeFromContinuingOperations": "10787000000", "comprehensiveIncomeNetOfTax": "None", "ebit": "-654000000", "ebitda": "-258000000", "netIncome": "-493000000"}, {"fiscalDateEnding": "2018-06-30", "reportedCurrency": "USD", "grossProfit": "3108000000", "totalRevenue": "5599000000", "costOfRevenue": "2491000000", "costofGoodsAndServicesSold": "2491000000", "operatingIncome": "925000000", "sellingGeneralAndAdministrative": "635000000", "researchAndDevelopment": "1416000000", "operatingExpenses": "2183000000", "investmentIncomeNet": "None", "netInterestIncome": "None", "interestIncome": "None", "interestExpense": "212000000", "nonInterestIncome": "None", "otherNonOperatingIncome": "243000000", "depreciation": "None", "depreciationAndAmortization": "414000000", "incomeBeforeTax": "956000000", "incomeTaxExpense": "-263000000", "interestAndDebtExpense": "None", "netIncomeFromContinuingOperations": "693000000", "comprehensiveIncomeNetOfTax": "None", "ebit": "1079000000", "ebitda": "1493000000", "netIncome": "1219000000"}, {"fiscalDateEnding": "2018-03-31", "reportedCurrency": "USD", "grossProfit": "3022000000", "totalRevenue": "5261000000", "costOfRevenue": "2239000000", "costofGoodsAndServicesSold": "2239000000", "operatingIncome": "441000000", "sellingGeneralAndAdministrative": "655000000", "researchAndDevelopment": "1402000000", "operatingExpenses": "2581000000", "investmentIncomeNet": "None", "netInterestIncome": "None", "interestIncome": "None", "interestExpense": "179000000", "nonInterestIncome": "None", "otherNonOperatingIncome": "96000000", "depreciation": "None", "depreciationAndAmortization": "388000000", "incomeBeforeTax": "358000000", "incomeTaxExpense": "-5000000", "interestAndDebtExpense": "None", "netIncomeFromContinuingOperations": "363000000", "comprehensiveIncomeNetOfTax": "None", "ebit": "441000000", "ebitda": "829000000", "netIncome": "363000000"}, {"fiscalDateEnding": "2017-12-31", "reportedCurrency": "USD", "grossProfit": "3405000000", "totalRevenue": "6068000000", "costOfRevenue": "2663000000", "costofGoodsAndServicesSold": "2663000000", "operatingIncome": "29000000", "sellingGeneralAndAdministrative": "697000000", "researchAndDevelopment": "1420000000", "operatingExpenses": "3376000000", "investmentIncomeNet": "None", "netInterestIncome": "None", "interestIncome": "None", "interestExpense": "170000000", "nonInterestIncome": "None", "otherNonOperatingIncome": "114000000", "depreciation": "None", "depreciationAndAmortization": "363000000", "incomeBeforeTax": "-27000000", "incomeTaxExpense": "5926000000", "interestAndDebtExpense": "None", "netIncomeFromContinuingOperations": "-5953000000", "comprehensiveIncomeNetOfTax": "None", "ebit": "134000000", "ebitda": "497000000", "netIncome": "-5953000000"}, {"fiscalDateEnding": "2017-09-30", "reportedCurrency": "USD", "grossProfit": "3252000000", "totalRevenue": "5905000000", "costOfRevenue": "2653000000", "costofGoodsAndServicesSold": "2653000000", "operatingIncome": "333000000", "sellingGeneralAndAdministrative": "741000000", "researchAndDevelopment": "1397000000", "operatingExpenses": "2919000000", "investmentIncomeNet": "None", "netInterestIncome": "None", "interestIncome": "None", "interestExpense": "164000000", "nonInterestIncome": "None", "otherNonOperatingIncome": "265000000", "depreciation": "None", "depreciationAndAmortization": "397000000", "incomeBeforeTax": "434000000", "incomeTaxExpense": "266000000", "interestAndDebtExpense": "None", "netIncomeFromContinuingOperations": "1280000000", "comprehensiveIncomeNetOfTax": "None", "ebit": "333000000", "ebitda": "730000000", "netIncome": "168000000"}, {"fiscalDateEnding": "2017-06-30", "reportedCurrency": "USD", "grossProfit": "2883000000", "totalRevenue": "5371000000", "costOfRevenue": "2488000000", "costofGoodsAndServicesSold": "2488000000", "operatingIncome": "773000000", "sellingGeneralAndAdministrative": "633000000", "researchAndDevelopment": "1391000000", "operatingExpenses": "2110000000", "investmentIncomeNet": "None", "netInterestIncome": "None", "interestIncome": "None", "interestExpense": "133000000", "nonInterestIncome": "None", "otherNonOperatingIncome": "218000000", "depreciation": "None", "depreciationAndAmortization": "393000000", "incomeBeforeTax": "858000000", "incomeTaxExpense": "-7000000", "interestAndDebtExpense": "None", "netIncomeFromContinuingOperations": "865000000", "comprehensiveIncomeNetOfTax": "None", "ebit": "889000000", "ebitda": "1282000000", "netIncome": "866000000"}, {"fiscalDateEnding": "2017-03-31", "reportedCurrency": "USD", "grossProfit": "2808000000", "totalRevenue": "5016000000", "costOfRevenue": "2208000000", "costofGoodsAndServicesSold": "2208000000", "operatingIncome": "729000000", "sellingGeneralAndAdministrative": "558000000", "researchAndDevelopment": "1386000000", "operatingExpenses": "2079000000", "investmentIncomeNet": "None", "netInterestIncome": "None", "interestIncome": "None", "interestExpense": "107000000", "nonInterestIncome": "None", "otherNonOperatingIncome": "235000000", "depreciation": "None", "depreciationAndAmortization": "342000000", "incomeBeforeTax": "857000000", "incomeTaxExpense": "108000000", "interestAndDebtExpense": "None", "netIncomeFromContinuingOperations": "749000000", "comprehensiveIncomeNetOfTax": "None", "ebit": "729000000", "ebitda": "1071000000", "netIncome": "749000000"}, {"fiscalDateEnding": "2016-12-31", "reportedCurrency": "USD", "grossProfit": "3556000000", "totalRevenue": "5999000000", "costOfRevenue": "2443000000", "costofGoodsAndServicesSold": "2443000000", "operatingIncome": "778000000", "sellingGeneralAndAdministrative": "530000000", "researchAndDevelopment": "1311000000", "operatingExpenses": "2778000000", "investmentIncomeNet": "None", "netInterestIncome": "None", "interestIncome": "None", "interestExpense": "90000000", "nonInterestIncome": "None", "otherNonOperatingIncome": "182000000", "depreciation": "None", "depreciationAndAmortization": "329000000", "incomeBeforeTax": "870000000", "incomeTaxExpense": "189000000", "interestAndDebtExpense": "None", "netIncomeFromContinuingOperations": "681000000", "comprehensiveIncomeNetOfTax": "None", "ebit": "948000000", "ebitda": "1277000000", "netIncome": "682000000"}, {"fiscalDateEnding": "2016-09-30", "reportedCurrency": "USD", "grossProfit": "3645000000", "totalRevenue": "6184000000", "costOfRevenue": "2539000000", "costofGoodsAndServicesSold": "2539000000", "operatingIncome": "1804000000", "sellingGeneralAndAdministrative": "527000000", "researchAndDevelopment": "1229000000", "operatingExpenses": "1841000000", "investmentIncomeNet": "None", "netInterestIncome": "None", "interestIncome": "None", "interestExpense": "76000000", "nonInterestIncome": "None", "otherNonOperatingIncome": "233000000", "depreciation": "None", "depreciationAndAmortization": "336000000", "incomeBeforeTax": "1960000000", "incomeTaxExpense": "361000000", "interestAndDebtExpense": "None", "netIncomeFromContinuingOperations": "1599000000", "comprehensiveIncomeNetOfTax": "None", "ebit": "1804000000", "ebitda": "2140000000", "netIncome": "1599000000"}, {"fiscalDateEnding": "2016-06-30", "reportedCurrency": "USD", "grossProfit": "3510000000", "totalRevenue": "6044000000", "costOfRevenue": "2534000000", "costofGoodsAndServicesSold": "2534000000", "operatingIncome": "1592000000", "sellingGeneralAndAdministrative": "581000000", "researchAndDevelopment": "1268000000", "operatingExpenses": "1918000000", "investmentIncomeNet": "None", "netInterestIncome": "None", "interestIncome": "None", "interestExpense": "75000000", "nonInterestIncome": "None", "otherNonOperatingIncome": "176000000", "depreciation": "None", "depreciationAndAmortization": "356000000", "incomeBeforeTax": "1693000000", "incomeTaxExpense": "250000000", "interestAndDebtExpense": "None", "netIncomeFromContinuingOperations": "1443000000", "comprehensiveIncomeNetOfTax": "None", "ebit": "1732000000", "ebitda": "2088000000", "netIncome": "1444000000"}, {"fiscalDateEnding": "2016-03-31", "reportedCurrency": "USD", "grossProfit": "3410000000", "totalRevenue": "5551000000", "costOfRevenue": "2141000000", "costofGoodsAndServicesSold": "2141000000", "operatingIncome": "1415000000", "sellingGeneralAndAdministrative": "578000000", "researchAndDevelopment": "1301000000", "operatingExpenses": "1995000000", "investmentIncomeNet": "None", "netInterestIncome": "None", "interestIncome": "None", "interestExpense": "72000000", "nonInterestIncome": "None", "otherNonOperatingIncome": "127000000", "depreciation": "None", "depreciationAndAmortization": "372000000", "incomeBeforeTax": "1470000000", "incomeTaxExpense": "306000000", "interestAndDebtExpense": "None", "netIncomeFromContinuingOperations": "1164000000", "comprehensiveIncomeNetOfTax": "None", "ebit": "1561000000", "ebitda": "1933000000", "netIncome": "1164000000"}, {"fiscalDateEnding": "2015-12-31", "reportedCurrency": "USD", "grossProfit": "3241000000", "totalRevenue": "5775000000", "costOfRevenue": "2534000000", "costofGoodsAndServicesSold": "2534000000", "operatingIncome": "1685000000", "sellingGeneralAndAdministrative": "526000000", "researchAndDevelopment": "1352000000", "operatingExpenses": "1556000000", "investmentIncomeNet": "None", "netInterestIncome": "None", "interestIncome": "None", "interestExpense": "74000000", "nonInterestIncome": "None", "otherNonOperatingIncome": "99000000", "depreciation": "None", "depreciationAndAmortization": "364000000", "incomeBeforeTax": "1710000000", "incomeTaxExpense": "214000000", "interestAndDebtExpense": "None", "netIncomeFromContinuingOperations": "1496000000", "comprehensiveIncomeNetOfTax": "None", "ebit": "1801000000", "ebitda": "2165000000", "netIncome": "1498000000"}, {"fiscalDateEnding": "2015-09-30", "reportedCurrency": "USD", "grossProfit": "3204000000", "totalRevenue": "5456000000", "costOfRevenue": "2252000000", "costofGoodsAndServicesSold": "2252000000", "operatingIncome": "1140000000", "sellingGeneralAndAdministrative": "628000000", "researchAndDevelopment": "1357000000", "operatingExpenses": "2064000000", "investmentIncomeNet": "None", "netInterestIncome": "None", "interestIncome": "None", "interestExpense": "70000000", "nonInterestIncome": "None", "otherNonOperatingIncome": "215000000", "depreciation": "None", "depreciationAndAmortization": "326000000", "incomeBeforeTax": "1252000000", "incomeTaxExpense": "192000000", "interestAndDebtExpense": "None", "netIncomeFromContinuingOperations": "1062000000", "comprehensiveIncomeNetOfTax": "None", "ebit": "1140000000", "ebitda": "1466000000", "netIncome": "1061000000"}, {"fiscalDateEnding": "2015-06-30", "reportedCurrency": "USD", "grossProfit": "3381000000", "totalRevenue": "5832000000", "costOfRevenue": "2451000000", "costofGoodsAndServicesSold": "2451000000", "operatingIncome": "1235000000", "sellingGeneralAndAdministrative": "557000000", "researchAndDevelopment": "1407000000", "operatingExpenses": "2146000000", "investmentIncomeNet": "None", "netInterestIncome": "None", "interestIncome": "None", "interestExpense": "32000000", "nonInterestIncome": "None", "otherNonOperatingIncome": "163000000", "depreciation": "None", "depreciationAndAmortization": "297000000", "incomeBeforeTax": "1398000000", "incomeTaxExpense": "215000000", "interestAndDebtExpense": "None", "netIncomeFromContinuingOperations": "1183000000", "comprehensiveIncomeNetOfTax": "None", "ebit": "1072000000", "ebitda": "1369000000", "netIncome": "1184000000"}, {"fiscalDateEnding": "2015-03-31", "reportedCurrency": "USD", "grossProfit": "4266000000", "totalRevenue": "6894000000", "costOfRevenue": "2628000000", "costofGoodsAndServicesSold": "2628000000", "operatingIncome": "1336000000", "sellingGeneralAndAdministrative": "532000000", "researchAndDevelopment": "1375000000", "operatingExpenses": "2930000000", "investmentIncomeNet": "None", "netInterestIncome": "None", "interestIncome": "None", "interestExpense": "1000000", "nonInterestIncome": "None", "otherNonOperatingIncome": "203000000", "depreciation": "None", "depreciationAndAmortization": "304000000", "incomeBeforeTax": "1539000000", "incomeTaxExpense": "487000000", "interestAndDebtExpense": "None", "netIncomeFromContinuingOperations": "1052000000", "comprehensiveIncomeNetOfTax": "None", "ebit": "1465000000", "ebitda": "1769000000", "netIncome": "1053000000"}, {"fiscalDateEnding": "2014-12-31", "reportedCurrency": "USD", "grossProfit": "4052000000", "totalRevenue": "7099000000", "costOfRevenue": "3047000000", "costofGoodsAndServicesSold": "3047000000", "operatingIncome": "2064000000", "sellingGeneralAndAdministrative": "555000000", "researchAndDevelopment": "1352000000", "operatingExpenses": "1988000000", "investmentIncomeNet": "None", "netInterestIncome": "None", "interestIncome": "None", "interestExpense": "1000000", "nonInterestIncome": "None", "otherNonOperatingIncome": "234000000", "depreciation": "None", "depreciationAndAmortization": "287000000", "incomeBeforeTax": "2298000000", "incomeTaxExpense": "327000000", "interestAndDebtExpense": "None", "netIncomeFromContinuingOperations": "1971000000", "comprehensiveIncomeNetOfTax": "None", "ebit": "2194000000", "ebitda": "2481000000", "netIncome": "1972000000"}, {"fiscalDateEnding": "2014-09-30", "reportedCurrency": "USD", "grossProfit": "3935000000", "totalRevenue": "6692000000", "costOfRevenue": "2757000000", "costofGoodsAndServicesSold": "2757000000", "operatingIncome": "1992000000", "sellingGeneralAndAdministrative": "539000000", "researchAndDevelopment": "1364000000", "operatingExpenses": "1943000000", "investmentIncomeNet": "None", "netInterestIncome": "None", "interestIncome": "None", "interestExpense": "1000000", "nonInterestIncome": "None", "otherNonOperatingIncome": "524000000", "depreciation": "None", "depreciationAndAmortization": "297000000", "incomeBeforeTax": "2252000000", "incomeTaxExpense": "358000000", "interestAndDebtExpense": "None", "netIncomeFromContinuingOperations": "1895000000", "comprehensiveIncomeNetOfTax": "None", "ebit": "2115000000", "ebitda": "2412000000", "netIncome": "1894000000"}, {"fiscalDateEnding": "2014-06-30", "reportedCurrency": "USD", "grossProfit": "4066000000", "totalRevenue": "6806000000", "costOfRevenue": "2740000000", "costofGoodsAndServicesSold": "2740000000", "operatingIncome": "2075000000", "sellingGeneralAndAdministrative": "576000000", "researchAndDevelopment": "1429000000", "operatingExpenses": "1991000000", "investmentIncomeNet": "None", "netInterestIncome": "None", "interestIncome": "None", "interestExpense": "139000000", "nonInterestIncome": "None", "otherNonOperatingIncome": "422000000", "depreciation": "None", "depreciationAndAmortization": "292000000", "incomeBeforeTax": "2497000000", "incomeTaxExpense": "260000000", "interestAndDebtExpense": "None", "netIncomeFromContinuingOperations": "2237000000", "comprehensiveIncomeNetOfTax": "None", "ebit": "1653000000", "ebitda": "1945000000", "netIncome": "2238000000"}, {"fiscalDateEnding": "2014-03-31", "reportedCurrency": "USD", "grossProfit": "3885000000", "totalRevenue": "6367000000", "costOfRevenue": "2482000000", "costofGoodsAndServicesSold": "2482000000", "operatingIncome": "1990000000", "sellingGeneralAndAdministrative": "533000000", "researchAndDevelopment": "1356000000", "operatingExpenses": "1895000000", "investmentIncomeNet": "None", "netInterestIncome": "None", "interestIncome": "None", "interestExpense": "3000000", "nonInterestIncome": "None", "otherNonOperatingIncome": "282000000", "depreciation": "None", "depreciationAndAmortization": "289000000", "incomeBeforeTax": "2272000000", "incomeTaxExpense": "314000000", "interestAndDebtExpense": "None", "netIncomeFromContinuingOperations": "1958000000", "comprehensiveIncomeNetOfTax": "None", "ebit": "2153000000", "ebitda": "2442000000", "netIncome": "1959000000"}, {"fiscalDateEnding": "2013-12-31", "reportedCurrency": "USD", "grossProfit": "3916000000", "totalRevenue": "6622000000", "costOfRevenue": "2706000000", "costofGoodsAndServicesSold": "2706000000", "operatingIncome": "1493000000", "sellingGeneralAndAdministrative": "616000000", "researchAndDevelopment": "1328000000", "operatingExpenses": "2423000000", "investmentIncomeNet": "None", "netInterestIncome": "None", "interestIncome": "None", "interestExpense": "3000000", "nonInterestIncome": "None", "otherNonOperatingIncome": "None", "depreciation": "None", "depreciationAndAmortization": "272000000", "incomeBeforeTax": "1757000000", "incomeTaxExpense": "313000000", "interestAndDebtExpense": "None", "netIncomeFromContinuingOperations": "1444000000", "comprehensiveIncomeNetOfTax": "None", "ebit": "1648000000", "ebitda": "1920000000", "netIncome": "1875000000"}, {"fiscalDateEnding": "2013-09-30", "reportedCurrency": "USD", "grossProfit": "3767000000", "totalRevenue": "6481000000", "costOfRevenue": "2714000000", "costofGoodsAndServicesSold": "2714000000", "operatingIncome": "1588000000", "sellingGeneralAndAdministrative": "657000000", "researchAndDevelopment": "1349000000", "operatingExpenses": "2179000000", "investmentIncomeNet": "None", "netInterestIncome": "None", "interestIncome": "None", "interestExpense": "1000000", "nonInterestIncome": "None", "otherNonOperatingIncome": "None", "depreciation": "None", "depreciationAndAmortization": "273000000", "incomeBeforeTax": "1822000000", "incomeTaxExpense": "321000000", "interestAndDebtExpense": "None", "netIncomeFromContinuingOperations": "1501000000", "comprehensiveIncomeNetOfTax": "None", "ebit": "1755000000", "ebitda": "2028000000", "netIncome": "1501000000"}, {"fiscalDateEnding": "2013-06-30", "reportedCurrency": "USD", "grossProfit": "3746000000", "totalRevenue": "6243000000", "costOfRevenue": "2497000000", "costofGoodsAndServicesSold": "2497000000", "operatingIncome": "1677000000", "sellingGeneralAndAdministrative": "613000000", "researchAndDevelopment": "1298000000", "operatingExpenses": "2069000000", "investmentIncomeNet": "None", "netInterestIncome": "None", "interestIncome": "None", "interestExpense": "7000000", "nonInterestIncome": "None", "otherNonOperatingIncome": "None", "depreciation": "None", "depreciationAndAmortization": "255000000", "incomeBeforeTax": "1910000000", "incomeTaxExpense": "332000000", "interestAndDebtExpense": "None", "netIncomeFromContinuingOperations": "1578000000", "comprehensiveIncomeNetOfTax": "None", "ebit": "1858000000", "ebitda": "2113000000", "netIncome": "1580000000"}, {"fiscalDateEnding": "2013-03-31", "reportedCurrency": "USD", "grossProfit": "3752000000", "totalRevenue": "6124000000", "costOfRevenue": "2372000000", "costofGoodsAndServicesSold": "2372000000", "operatingIncome": "1877000000", "sellingGeneralAndAdministrative": "661000000", "researchAndDevelopment": "1214000000", "operatingExpenses": "1875000000", "investmentIncomeNet": "None", "netInterestIncome": "None", "interestIncome": "None", "interestExpense": "7000000", "nonInterestIncome": "None", "otherNonOperatingIncome": "None", "depreciation": "None", "depreciationAndAmortization": "248000000", "incomeBeforeTax": "2136000000", "incomeTaxExpense": "273000000", "interestAndDebtExpense": "None", "netIncomeFromContinuingOperations": "1863000000", "comprehensiveIncomeNetOfTax": "None", "ebit": "2057000000", "ebitda": "2305000000", "netIncome": "1866000000"}, {"fiscalDateEnding": "2012-12-31", "reportedCurrency": "USD", "grossProfit": "3781000000", "totalRevenue": "6018000000", "costOfRevenue": "2237000000", "costofGoodsAndServicesSold": "2237000000", "operatingIncome": "2088000000", "sellingGeneralAndAdministrative": "587000000", "researchAndDevelopment": "1106000000", "operatingExpenses": "1693000000", "investmentIncomeNet": "None", "netInterestIncome": "None", "interestIncome": "None", "interestExpense": "8000000", "nonInterestIncome": "None", "otherNonOperatingIncome": "None", "depreciation": "None", "depreciationAndAmortization": "241000000", "incomeBeforeTax": "2327000000", "incomeTaxExpense": "424000000", "interestAndDebtExpense": "None", "netIncomeFromContinuingOperations": "1903000000", "comprehensiveIncomeNetOfTax": "None", "ebit": "2250000000", "ebitda": "2491000000", "netIncome": "1906000000"}, {"fiscalDateEnding": "2012-09-30", "reportedCurrency": "USD", "grossProfit": "3030000000", "totalRevenue": "4871000000", "costOfRevenue": "1841000000", "costofGoodsAndServicesSold": "1841000000", "operatingIncome": "1235000000", "sellingGeneralAndAdministrative": "681000000", "researchAndDevelopment": "1114000000", "operatingExpenses": "1795000000", "investmentIncomeNet": "None", "netInterestIncome": "None", "interestIncome": "None", "interestExpense": "16000000", "nonInterestIncome": "None", "otherNonOperatingIncome": "None", "depreciation": "None", "depreciationAndAmortization": "257000000", "incomeBeforeTax": "1526000000", "incomeTaxExpense": "286000000", "interestAndDebtExpense": "None", "netIncomeFromContinuingOperations": "1239000000", "comprehensiveIncomeNetOfTax": "None", "ebit": "944000000", "ebitda": "1201000000", "netIncome": "1271000000"}, {"fiscalDateEnding": "2012-06-30", "reportedCurrency": "USD", "grossProfit": "2907000000", "totalRevenue": "4626000000", "costOfRevenue": "1719000000", "costofGoodsAndServicesSold": "1719000000", "operatingIncome": "1382000000", "sellingGeneralAndAdministrative": "544000000", "researchAndDevelopment": "974000000", "operatingExpenses": "1518000000", "investmentIncomeNet": "None", "netInterestIncome": "None", "interestIncome": "None", "interestExpense": "18000000", "nonInterestIncome": "None", "otherNonOperatingIncome": "None", "depreciation": "None", "depreciationAndAmortization": "221000000", "incomeBeforeTax": "1581000000", "incomeTaxExpense": "375000000", "interestAndDebtExpense": "None", "netIncomeFromContinuingOperations": "1206000000", "comprehensiveIncomeNetOfTax": "None", "ebit": "1544000000", "ebitda": "1765000000", "netIncome": "1207000000"}, {"fiscalDateEnding": "2012-03-31", "reportedCurrency": "USD", "grossProfit": "3160000000", "totalRevenue": "4943000000", "costOfRevenue": "1783000000", "costofGoodsAndServicesSold": "1783000000", "operatingIncome": "1514000000", "sellingGeneralAndAdministrative": "595000000", "researchAndDevelopment": "954000000", "operatingExpenses": "1549000000", "investmentIncomeNet": "None", "netInterestIncome": "None", "interestIncome": "None", "interestExpense": "29000000", "nonInterestIncome": "None", "otherNonOperatingIncome": "None", "depreciation": "None", "depreciationAndAmortization": "211000000", "incomeBeforeTax": "1734000000", "incomeTaxExpense": "296000000", "interestAndDebtExpense": "None", "netIncomeFromContinuingOperations": "1438000000", "comprehensiveIncomeNetOfTax": "None", "ebit": "1755000000", "ebitda": "1966000000", "netIncome": "2230000000"}, {"fiscalDateEnding": "2011-12-31", "reportedCurrency": "USD", "grossProfit": "2927000000", "totalRevenue": "4681000000", "costOfRevenue": "1754000000", "costofGoodsAndServicesSold": "1754000000", "operatingIncome": "1551000000", "sellingGeneralAndAdministrative": "503000000", "researchAndDevelopment": "873000000", "operatingExpenses": "1376000000", "investmentIncomeNet": "None", "netInterestIncome": "None", "interestIncome": "None", "interestExpense": "27000000", "nonInterestIncome": "None", "otherNonOperatingIncome": "None", "depreciation": "None", "depreciationAndAmortization": "208000000", "incomeBeforeTax": "1721000000", "incomeTaxExpense": "321000000", "interestAndDebtExpense": "None", "netIncomeFromContinuingOperations": "1400000000", "comprehensiveIncomeNetOfTax": "None", "ebit": "1681000000", "ebitda": "1889000000", "netIncome": "1401000000"}, {"fiscalDateEnding": "2011-09-30", "reportedCurrency": "USD", "grossProfit": "2620000000", "totalRevenue": "4117000000", "costOfRevenue": "1497000000", "costofGoodsAndServicesSold": "1497000000", "operatingIncome": "1237000000", "sellingGeneralAndAdministrative": "531000000", "researchAndDevelopment": "851000000", "operatingExpenses": "1497000000", "investmentIncomeNet": "None", "netInterestIncome": "None", "interestIncome": "None", "interestExpense": "30000000", "nonInterestIncome": "None", "otherNonOperatingIncome": "None", "depreciation": "None", "depreciationAndAmortization": "241000000", "incomeBeforeTax": "1324000000", "incomeTaxExpense": "270000000", "interestAndDebtExpense": "None", "netIncomeFromContinuingOperations": "1809000000", "comprehensiveIncomeNetOfTax": "None", "ebit": "1237000000", "ebitda": "1478000000", "netIncome": "1056000000"}, {"fiscalDateEnding": "2011-06-30", "reportedCurrency": "USD", "grossProfit": "2345000000", "totalRevenue": "3623000000", "costOfRevenue": "1278000000", "costofGoodsAndServicesSold": "1278000000", "operatingIncome": "1113000000", "sellingGeneralAndAdministrative": "475000000", "researchAndDevelopment": "757000000", "operatingExpenses": "1232000000", "investmentIncomeNet": "None", "netInterestIncome": "None", "interestIncome": "None", "interestExpense": "29000000", "nonInterestIncome": "None", "otherNonOperatingIncome": "None", "depreciation": "None", "depreciationAndAmortization": "185000000", "incomeBeforeTax": "1274000000", "incomeTaxExpense": "289000000", "interestAndDebtExpense": "None", "netIncomeFromContinuingOperations": "985000000", "comprehensiveIncomeNetOfTax": "None", "ebit": "767000000", "ebitda": "952000000", "netIncome": "1035000000"}, {"fiscalDateEnding": "2011-03-31", "reportedCurrency": "USD", "grossProfit": "2512000000", "totalRevenue": "3875000000", "costOfRevenue": "1363000000", "costofGoodsAndServicesSold": "1363000000", "operatingIncome": "1073000000", "sellingGeneralAndAdministrative": "529000000", "researchAndDevelopment": "740000000", "operatingExpenses": "1325000000", "investmentIncomeNet": "None", "netInterestIncome": "None", "interestIncome": "None", "interestExpense": "34000000", "nonInterestIncome": "None", "otherNonOperatingIncome": "None", "depreciation": "None", "depreciationAndAmortization": "434000000", "incomeBeforeTax": "1258000000", "incomeTaxExpense": "263000000", "interestAndDebtExpense": "None", "netIncomeFromContinuingOperations": "810000000", "comprehensiveIncomeNetOfTax": "None", "ebit": "1313000000", "ebitda": "1747000000", "netIncome": "999000000"}, {"fiscalDateEnding": "2010-12-31", "reportedCurrency": "USD", "grossProfit": "2218000000", "totalRevenue": "3348000000", "costOfRevenue": "1130000000", "costofGoodsAndServicesSold": "1130000000", "operatingIncome": "1110000000", "sellingGeneralAndAdministrative": "409000000", "researchAndDevelopment": "671000000", "operatingExpenses": "1108000000", "investmentIncomeNet": "None", "netInterestIncome": "None", "interestIncome": "None", "interestExpense": "28000000", "nonInterestIncome": "None", "otherNonOperatingIncome": "None", "depreciation": "None", "depreciationAndAmortization": "201000000", "incomeBeforeTax": "1329000000", "incomeTaxExpense": "159000000", "interestAndDebtExpense": "None", "netIncomeFromContinuingOperations": "951000000", "comprehensiveIncomeNetOfTax": "None", "ebit": "891000000", "ebitda": "1092000000", "netIncome": "1170000000"}, {"fiscalDateEnding": "2010-09-30", "reportedCurrency": "USD", "grossProfit": "1964000000", "totalRevenue": "2952000000", "costOfRevenue": "988000000", "costofGoodsAndServicesSold": "988000000", "operatingIncome": "836000000", "sellingGeneralAndAdministrative": "440000000", "researchAndDevelopment": "657000000", "operatingExpenses": "1128000000", "investmentIncomeNet": "None", "netInterestIncome": "None", "interestIncome": "None", "interestExpense": "28000000", "nonInterestIncome": "None", "otherNonOperatingIncome": "None", "depreciation": "None", "depreciationAndAmortization": "171000000", "incomeBeforeTax": "1046000000", "incomeTaxExpense": "181000000", "interestAndDebtExpense": "None", "netIncomeFromContinuingOperations": "655000000", "comprehensiveIncomeNetOfTax": "None", "ebit": "960000000", "ebitda": "1131000000", "netIncome": "865000000"}, {"fiscalDateEnding": "2010-06-30", "reportedCurrency": "USD", "grossProfit": "1801000000", "totalRevenue": "2706000000", "costOfRevenue": "905000000", "costofGoodsAndServicesSold": "905000000", "operatingIncome": "792000000", "sellingGeneralAndAdministrative": "332000000", "researchAndDevelopment": "649000000", "operatingExpenses": "1009000000", "investmentIncomeNet": "None", "netInterestIncome": "None", "interestIncome": "None", "interestExpense": "14000000", "nonInterestIncome": "None", "otherNonOperatingIncome": "None", "depreciation": "None", "depreciationAndAmortization": "166000000", "incomeBeforeTax": "971000000", "incomeTaxExpense": "204000000", "interestAndDebtExpense": "None", "netIncomeFromContinuingOperations": "588000000", "comprehensiveIncomeNetOfTax": "None", "ebit": "447000000", "ebitda": "613000000", "netIncome": "767000000"}, {"fiscalDateEnding": "2010-03-31", "reportedCurrency": "USD", "grossProfit": "1854000000", "totalRevenue": "2663000000", "costOfRevenue": "809000000", "costofGoodsAndServicesSold": "809000000", "operatingIncome": "776000000", "sellingGeneralAndAdministrative": "352000000", "researchAndDevelopment": "648000000", "operatingExpenses": "1078000000", "investmentIncomeNet": "None", "netInterestIncome": "None", "interestIncome": "None", "interestExpense": "7000000", "nonInterestIncome": "None", "otherNonOperatingIncome": "None", "depreciation": "None", "depreciationAndAmortization": "167000000", "incomeBeforeTax": "965000000", "incomeTaxExpense": "191000000", "interestAndDebtExpense": "None", "netIncomeFromContinuingOperations": "585000000", "comprehensiveIncomeNetOfTax": "None", "ebit": "905000000", "ebitda": "1072000000", "netIncome": "774000000"}, {"fiscalDateEnding": "2009-12-31", "reportedCurrency": "USD", "grossProfit": "1854000000", "totalRevenue": "2670000000", "costOfRevenue": "816000000", "costofGoodsAndServicesSold": "816000000", "operatingIncome": "879000000", "sellingGeneralAndAdministrative": "379000000", "researchAndDevelopment": "596000000", "operatingExpenses": "975000000", "investmentIncomeNet": "None", "netInterestIncome": "None", "interestIncome": "None", "interestExpense": "9000000", "nonInterestIncome": "None", "otherNonOperatingIncome": "None", "depreciation": "None", "depreciationAndAmortization": "162000000", "incomeBeforeTax": "1052000000", "incomeTaxExpense": "211000000", "interestAndDebtExpense": "None", "netIncomeFromContinuingOperations": "668000000", "comprehensiveIncomeNetOfTax": "None", "ebit": "706000000", "ebitda": "868000000", "netIncome": "841000000"}, {"fiscalDateEnding": "2009-09-30", "reportedCurrency": "USD", "grossProfit": "1866000000", "totalRevenue": "2690000000", "costOfRevenue": "824000000", "costofGoodsAndServicesSold": "824000000", "operatingIncome": "596000000", "sellingGeneralAndAdministrative": "390000000", "researchAndDevelopment": "614000000", "operatingExpenses": "1270000000", "investmentIncomeNet": "None", "netInterestIncome": "None", "interestIncome": "None", "interestExpense": "8000000", "nonInterestIncome": "None", "otherNonOperatingIncome": "None", "depreciation": "None", "depreciationAndAmortization": "175000000", "incomeBeforeTax": "742000000", "incomeTaxExpense": "-60000000", "interestAndDebtExpense": "None", "netIncomeFromContinuingOperations": "0", "comprehensiveIncomeNetOfTax": "None", "ebit": "737000000", "ebitda": "912000000", "netIncome": "802000000"}, {"fiscalDateEnding": "2009-06-30", "reportedCurrency": "USD", "grossProfit": "1889000000", "totalRevenue": "2753000000", "costOfRevenue": "864000000", "costofGoodsAndServicesSold": "864000000", "operatingIncome": "894000000", "sellingGeneralAndAdministrative": "377000000", "researchAndDevelopment": "618000000", "operatingExpenses": "995000000", "investmentIncomeNet": "None", "netInterestIncome": "None", "interestIncome": "None", "interestExpense": "8000000", "nonInterestIncome": "None", "otherNonOperatingIncome": "None", "depreciation": "None", "depreciationAndAmortization": "154000000", "incomeBeforeTax": "984000000", "incomeTaxExpense": "247000000", "interestAndDebtExpense": "None", "netIncomeFromContinuingOperations": "0", "comprehensiveIncomeNetOfTax": "None", "ebit": "1010000000", "ebitda": "1164000000", "netIncome": "737000000"}, {"fiscalDateEnding": "2009-03-31", "reportedCurrency": "USD", "grossProfit": "1717000000", "totalRevenue": "2455000000", "costOfRevenue": "738000000", "costofGoodsAndServicesSold": "738000000", "operatingIncome": "-10000000", "sellingGeneralAndAdministrative": "375000000", "researchAndDevelopment": "604000000", "operatingExpenses": "1727000000", "investmentIncomeNet": "None", "netInterestIncome": "None", "interestIncome": "None", "interestExpense": "4000000", "nonInterestIncome": "None", "otherNonOperatingIncome": "None", "depreciation": "None", "depreciationAndAmortization": "154000000", "incomeBeforeTax": "-101000000", "incomeTaxExpense": "188000000", "interestAndDebtExpense": "None", "netIncomeFromContinuingOperations": "0", "comprehensiveIncomeNetOfTax": "None", "ebit": "81000000", "ebitda": "235000000", "netIncome": "-289000000"}, {"fiscalDateEnding": "2008-12-31", "reportedCurrency": "USD", "grossProfit": "1762000000", "totalRevenue": "2517000000", "costOfRevenue": "755000000", "costofGoodsAndServicesSold": "755000000", "operatingIncome": "745000000", "sellingGeneralAndAdministrative": "413000000", "researchAndDevelopment": "604000000", "operatingExpenses": "1017000000", "investmentIncomeNet": "None", "netInterestIncome": "None", "interestIncome": "None", "interestExpense": "98000000", "nonInterestIncome": "None", "otherNonOperatingIncome": "None", "depreciation": "None", "depreciationAndAmortization": "152000000", "incomeBeforeTax": "451000000", "incomeTaxExpense": "110000000", "interestAndDebtExpense": "None", "netIncomeFromContinuingOperations": "0", "comprehensiveIncomeNetOfTax": "None", "ebit": "1171000000", "ebitda": "1323000000", "netIncome": "341000000"}, {"fiscalDateEnding": "2008-09-30", "reportedCurrency": "USD", "grossProfit": "2413000000", "totalRevenue": "3334000000", "costOfRevenue": "921000000", "costofGoodsAndServicesSold": "921000000", "operatingIncome": "1336000000", "sellingGeneralAndAdministrative": "456000000", "researchAndDevelopment": "621000000", "operatingExpenses": "1077000000", "investmentIncomeNet": "None", "netInterestIncome": "None", "interestIncome": "None", "interestExpense": "106000000", "nonInterestIncome": "None", "otherNonOperatingIncome": "None", "depreciation": "None", "depreciationAndAmortization": "120000000", "incomeBeforeTax": "1108000000", "incomeTaxExpense": "230000000", "interestAndDebtExpense": "None", "netIncomeFromContinuingOperations": "0", "comprehensiveIncomeNetOfTax": "None", "ebit": "1672000000", "ebitda": "1792000000", "netIncome": "878000000"}, {"fiscalDateEnding": "2008-06-30", "reportedCurrency": "USD", "grossProfit": "1873000000", "totalRevenue": "2762000000", "costOfRevenue": "889000000", "costofGoodsAndServicesSold": "889000000", "operatingIncome": "824000000", "sellingGeneralAndAdministrative": "453000000", "researchAndDevelopment": "596000000", "operatingExpenses": "1049000000", "investmentIncomeNet": "None", "netInterestIncome": "None", "interestIncome": "None", "interestExpense": "141000000", "nonInterestIncome": "None", "otherNonOperatingIncome": "None", "depreciation": "None", "depreciationAndAmortization": "117000000", "incomeBeforeTax": "882000000", "incomeTaxExpense": "134000000", "interestAndDebtExpense": "None", "netIncomeFromContinuingOperations": "0", "comprehensiveIncomeNetOfTax": "None", "ebit": "870000000", "ebitda": "987000000", "netIncome": "748000000"}, {"fiscalDateEnding": "2008-03-31", "reportedCurrency": "USD", "grossProfit": "1786000000", "totalRevenue": "2606000000", "costOfRevenue": "820000000", "costofGoodsAndServicesSold": "820000000", "operatingIncome": "813000000", "sellingGeneralAndAdministrative": "419000000", "researchAndDevelopment": "553000000", "operatingExpenses": "973000000", "investmentIncomeNet": "None", "netInterestIncome": "None", "interestIncome": "None", "interestExpense": "155000000", "nonInterestIncome": "None", "otherNonOperatingIncome": "None", "depreciation": "None", "depreciationAndAmortization": "111000000", "incomeBeforeTax": "906000000", "incomeTaxExpense": "140000000", "interestAndDebtExpense": "None", "netIncomeFromContinuingOperations": "0", "comprehensiveIncomeNetOfTax": "None", "ebit": "834000000", "ebitda": "945000000", "netIncome": "766000000"}, {"fiscalDateEnding": "2007-12-31", "reportedCurrency": "USD", "grossProfit": "1657000000", "totalRevenue": "2440000000", "costOfRevenue": "783000000", "costofGoodsAndServicesSold": "783000000", "operatingIncome": "757000000", "sellingGeneralAndAdministrative": "389000000", "researchAndDevelopment": "511000000", "operatingExpenses": "900000000", "investmentIncomeNet": "None", "netInterestIncome": "None", "interestIncome": "None", "interestExpense": "230000000", "nonInterestIncome": "None", "otherNonOperatingIncome": "None", "depreciation": "None", "depreciationAndAmortization": "108000000", "incomeBeforeTax": "930000000", "incomeTaxExpense": "163000000", "interestAndDebtExpense": "None", "netIncomeFromContinuingOperations": "0", "comprehensiveIncomeNetOfTax": "None", "ebit": "730000000", "ebitda": "838000000", "netIncome": "767000000"}, {"fiscalDateEnding": "2007-09-30", "reportedCurrency": "USD", "grossProfit": "1581000000", "totalRevenue": "2306000000", "costOfRevenue": "725000000", "costofGoodsAndServicesSold": "725000000", "operatingIncome": "777000000", "sellingGeneralAndAdministrative": "323000000", "researchAndDevelopment": "481000000", "operatingExpenses": "804000000", "investmentIncomeNet": "None", "netInterestIncome": "None", "interestIncome": "None", "interestExpense": "6000000", "nonInterestIncome": "None", "otherNonOperatingIncome": "None", "depreciation": "None", "depreciationAndAmortization": "100000000", "incomeBeforeTax": "948000000", "incomeTaxExpense": "-184000000", "interestAndDebtExpense": "None", "netIncomeFromContinuingOperations": "0", "comprehensiveIncomeNetOfTax": "None", "ebit": "742000000", "ebitda": "842000000", "netIncome": "1132000000"}, {"fiscalDateEnding": "2007-06-30", "reportedCurrency": "USD", "grossProfit": "1637000000", "totalRevenue": "2325000000", "costOfRevenue": "688000000", "costofGoodsAndServicesSold": "688000000", "operatingIncome": "782000000", "sellingGeneralAndAdministrative": "401000000", "researchAndDevelopment": "454000000", "operatingExpenses": "855000000", "investmentIncomeNet": "None", "netInterestIncome": "None", "interestIncome": "None", "interestExpense": "198000000", "nonInterestIncome": "None", "otherNonOperatingIncome": "None", "depreciation": "None", "depreciationAndAmortization": "99000000", "incomeBeforeTax": "972000000", "incomeTaxExpense": "174000000", "interestAndDebtExpense": "None", "netIncomeFromContinuingOperations": "0", "comprehensiveIncomeNetOfTax": "None", "ebit": "736000000", "ebitda": "835000000", "netIncome": "798000000"}, {"fiscalDateEnding": "2007-03-31", "reportedCurrency": "USD", "grossProfit": "1587000000", "totalRevenue": "2221000000", "costOfRevenue": "634000000", "costofGoodsAndServicesSold": "634000000", "operatingIncome": "748000000", "sellingGeneralAndAdministrative": "385000000", "researchAndDevelopment": "454000000", "operatingExpenses": "839000000", "investmentIncomeNet": "None", "netInterestIncome": "None", "interestIncome": "None", "interestExpense": "181000000", "nonInterestIncome": "None", "otherNonOperatingIncome": "None", "depreciation": "None", "depreciationAndAmortization": "93000000", "incomeBeforeTax": "928000000", "incomeTaxExpense": "202000000", "interestAndDebtExpense": "None", "netIncomeFromContinuingOperations": "0", "comprehensiveIncomeNetOfTax": "None", "ebit": "694000000", "ebitda": "787000000", "netIncome": "726000000"}, {"fiscalDateEnding": "2006-12-31", "reportedCurrency": "USD", "grossProfit": "1385000000", "totalRevenue": "2019000000", "costOfRevenue": "634000000", "costofGoodsAndServicesSold": "634000000", "operatingIncome": "576000000", "sellingGeneralAndAdministrative": "369000000", "researchAndDevelopment": "440000000", "operatingExpenses": "809000000", "investmentIncomeNet": "None", "netInterestIncome": "None", "interestIncome": "None", "interestExpense": "2000000", "nonInterestIncome": "None", "otherNonOperatingIncome": "None", "depreciation": "None", "depreciationAndAmortization": "91000000", "incomeBeforeTax": "779000000", "incomeTaxExpense": "131000000", "interestAndDebtExpense": "None", "netIncomeFromContinuingOperations": "0", "comprehensiveIncomeNetOfTax": "None", "ebit": "514000000", "ebitda": "605000000", "netIncome": "648000000"}, {"fiscalDateEnding": "2006-09-30", "reportedCurrency": "USD", "grossProfit": "1413000000", "totalRevenue": "1999000000", "costOfRevenue": "586000000", "costofGoodsAndServicesSold": "586000000", "operatingIncome": "680000000", "sellingGeneralAndAdministrative": "321000000", "researchAndDevelopment": "412000000", "operatingExpenses": "733000000", "investmentIncomeNet": "None", "netInterestIncome": "None", "interestIncome": "None", "interestExpense": "134000000", "nonInterestIncome": "None", "otherNonOperatingIncome": "None", "depreciation": "None", "depreciationAndAmortization": "82000000", "incomeBeforeTax": "810000000", "incomeTaxExpense": "196000000", "interestAndDebtExpense": "None", "netIncomeFromContinuingOperations": "0", "comprehensiveIncomeNetOfTax": "None", "ebit": "654000000", "ebitda": "736000000", "netIncome": "614000000"}, {"fiscalDateEnding": "2006-06-30", "reportedCurrency": "USD", "grossProfit": "1392000000", "totalRevenue": "1951000000", "costOfRevenue": "559000000", "costofGoodsAndServicesSold": "559000000", "operatingIncome": "704000000", "sellingGeneralAndAdministrative": "293000000", "researchAndDevelopment": "395000000", "operatingExpenses": "688000000", "investmentIncomeNet": "None", "netInterestIncome": "None", "interestIncome": "None", "interestExpense": "129000000", "nonInterestIncome": "None", "otherNonOperatingIncome": "None", "depreciation": "None", "depreciationAndAmortization": "69000000", "incomeBeforeTax": "824000000", "incomeTaxExpense": "181000000", "interestAndDebtExpense": "None", "netIncomeFromContinuingOperations": "0", "comprehensiveIncomeNetOfTax": "None", "ebit": "703000000", "ebitda": "772000000", "netIncome": "643000000"}, {"fiscalDateEnding": "2006-03-31", "reportedCurrency": "USD", "grossProfit": "1313000000", "totalRevenue": "1834000000", "costOfRevenue": "521000000", "costofGoodsAndServicesSold": "521000000", "operatingIncome": "660000000", "sellingGeneralAndAdministrative": "263000000", "researchAndDevelopment": "390000000", "operatingExpenses": "653000000", "investmentIncomeNet": "None", "netInterestIncome": "None", "interestIncome": "None", "interestExpense": "133000000", "nonInterestIncome": "None", "otherNonOperatingIncome": "None", "depreciation": "None", "depreciationAndAmortization": "63000000", "incomeBeforeTax": "785000000", "incomeTaxExpense": "192000000", "interestAndDebtExpense": "None", "netIncomeFromContinuingOperations": "0", "comprehensiveIncomeNetOfTax": "None", "ebit": "626000000", "ebitda": "689000000", "netIncome": "593000000"}, {"fiscalDateEnding": "2005-12-31", "reportedCurrency": "USD", "grossProfit": "1224000000", "totalRevenue": "1741000000", "costOfRevenue": "517000000", "costofGoodsAndServicesSold": "517000000", "operatingIncome": "645000000", "sellingGeneralAndAdministrative": "239000000", "researchAndDevelopment": "340000000", "operatingExpenses": "579000000", "investmentIncomeNet": "None", "netInterestIncome": "None", "interestIncome": "None", "interestExpense": "94000000", "nonInterestIncome": "None", "otherNonOperatingIncome": "None", "depreciation": "None", "depreciationAndAmortization": "58000000", "incomeBeforeTax": "736000000", "incomeTaxExpense": "116000000", "interestAndDebtExpense": "None", "netIncomeFromContinuingOperations": "0", "comprehensiveIncomeNetOfTax": "None", "ebit": "624000000", "ebitda": "682000000", "netIncome": "620000000"}, {"fiscalDateEnding": "2005-09-30", "reportedCurrency": "USD", "grossProfit": "1120000000", "totalRevenue": "1561000000", "costOfRevenue": "441000000", "costofGoodsAndServicesSold": "441000000", "operatingIncome": "670000000", "sellingGeneralAndAdministrative": "178000000", "researchAndDevelopment": "271000000", "operatingExpenses": "450000000", "investmentIncomeNet": "None", "netInterestIncome": "None", "interestIncome": "None", "interestExpense": "129000000", "nonInterestIncome": "None", "otherNonOperatingIncome": "None", "depreciation": "None", "depreciationAndAmortization": "56000000", "incomeBeforeTax": "786000000", "incomeTaxExpense": "248000000", "interestAndDebtExpense": "None", "netIncomeFromContinuingOperations": "0", "comprehensiveIncomeNetOfTax": "None", "ebit": "622000000", "ebitda": "678000000", "netIncome": "538000000"}, {"fiscalDateEnding": "2005-06-30", "reportedCurrency": "USD", "grossProfit": "969000000", "totalRevenue": "1358000000", "costOfRevenue": "389000000", "costofGoodsAndServicesSold": "389000000", "operatingIncome": "560000000", "sellingGeneralAndAdministrative": "150000000", "researchAndDevelopment": "259000000", "operatingExpenses": "409000000", "investmentIncomeNet": "None", "netInterestIncome": "None", "interestIncome": "None", "interestExpense": "127000000", "nonInterestIncome": "None", "otherNonOperatingIncome": "None", "depreciation": "None", "depreciationAndAmortization": "51000000", "incomeBeforeTax": "686000000", "incomeTaxExpense": "126000000", "interestAndDebtExpense": "None", "netIncomeFromContinuingOperations": "0", "comprehensiveIncomeNetOfTax": "None", "ebit": "495000000", "ebitda": "546000000", "netIncome": "560000000"}, {"fiscalDateEnding": "2005-03-31", "reportedCurrency": "USD", "grossProfit": "979000000", "totalRevenue": "1365000000", "costOfRevenue": "386000000", "costofGoodsAndServicesSold": "386000000", "operatingIncome": "572000000", "sellingGeneralAndAdministrative": "154000000", "researchAndDevelopment": "252000000", "operatingExpenses": "407000000", "investmentIncomeNet": "None", "netInterestIncome": "None", "interestIncome": "None", "interestExpense": "67000000", "nonInterestIncome": "None", "otherNonOperatingIncome": "None", "depreciation": "None", "depreciationAndAmortization": "48000000", "incomeBeforeTax": "633000000", "incomeTaxExpense": "101000000", "interestAndDebtExpense": "None", "netIncomeFromContinuingOperations": "0", "comprehensiveIncomeNetOfTax": "None", "ebit": "572000000", "ebitda": "620000000", "netIncome": "532000000"}, {"fiscalDateEnding": "2004-12-31", "reportedCurrency": "USD", "grossProfit": "960000000", "totalRevenue": "1390000000", "costOfRevenue": "430000000", "costofGoodsAndServicesSold": "430000000", "operatingIncome": "584000000", "sellingGeneralAndAdministrative": "148000000", "researchAndDevelopment": "228000000", "operatingExpenses": "376000000", "investmentIncomeNet": "None", "netInterestIncome": "None", "interestIncome": "None", "interestExpense": "120000000", "nonInterestIncome": "None", "otherNonOperatingIncome": "None", "depreciation": "None", "depreciationAndAmortization": "45000000", "incomeBeforeTax": "704000000", "incomeTaxExpense": "191000000", "interestAndDebtExpense": "None", "netIncomeFromContinuingOperations": "0", "comprehensiveIncomeNetOfTax": "None", "ebit": "517000000", "ebitda": "562000000", "netIncome": "513000000"}]}