{"symbol": "CLX", "annualReports": [{"fiscalDateEnding": "2024-06-30", "reportedCurrency": "USD", "grossProfit": "3048000000", "totalRevenue": "7093000000", "costOfRevenue": "4045000000", "costofGoodsAndServicesSold": "4045000000", "operatingIncome": "916000000", "sellingGeneralAndAdministrative": "1338000000", "researchAndDevelopment": "126000000", "operatingExpenses": "2109000000", "investmentIncomeNet": "None", "netInterestIncome": "-67000000", "interestIncome": "23000000", "interestExpense": "90000000", "nonInterestIncome": "None", "otherNonOperatingIncome": "None", "depreciation": "None", "depreciationAndAmortization": "235000000", "incomeBeforeTax": "398000000", "incomeTaxExpense": "106000000", "interestAndDebtExpense": "None", "netIncomeFromContinuingOperations": "292000000", "comprehensiveIncomeNetOfTax": "None", "ebit": "501000000", "ebitda": "736000000", "netIncome": "280000000"}, {"fiscalDateEnding": "2023-06-30", "reportedCurrency": "USD", "grossProfit": "2908000000", "totalRevenue": "7389000000", "costOfRevenue": "4481000000", "costofGoodsAndServicesSold": "4481000000", "operatingIncome": "1224000000", "sellingGeneralAndAdministrative": "1183000000", "researchAndDevelopment": "138000000", "operatingExpenses": "2055000000", "investmentIncomeNet": "None", "netInterestIncome": "-90000000", "interestIncome": "16000000", "interestExpense": "90000000", "nonInterestIncome": "None", "otherNonOperatingIncome": "None", "depreciation": "None", "depreciationAndAmortization": "236000000", "incomeBeforeTax": "238000000", "incomeTaxExpense": "77000000", "interestAndDebtExpense": "None", "netIncomeFromContinuingOperations": "161000000", "comprehensiveIncomeNetOfTax": "None", "ebit": "341000000", "ebitda": "577000000", "netIncome": "149000000"}, {"fiscalDateEnding": "2022-06-30", "reportedCurrency": "USD", "grossProfit": "2545000000", "totalRevenue": "7107000000", "costOfRevenue": "4562000000", "costofGoodsAndServicesSold": "4562000000", "operatingIncome": "489000000", "sellingGeneralAndAdministrative": "954000000", "researchAndDevelopment": "132000000", "operatingExpenses": "1795000000", "investmentIncomeNet": "None", "netInterestIncome": "-106000000", "interestIncome": "5000000", "interestExpense": "106000000", "nonInterestIncome": "None", "otherNonOperatingIncome": "None", "depreciation": "None", "depreciationAndAmortization": "224000000", "incomeBeforeTax": "607000000", "incomeTaxExpense": "136000000", "interestAndDebtExpense": "None", "netIncomeFromContinuingOperations": "471000000", "comprehensiveIncomeNetOfTax": "None", "ebit": "704000000", "ebitda": "928000000", "netIncome": "462000000"}, {"fiscalDateEnding": "2021-06-30", "reportedCurrency": "USD", "grossProfit": "3199000000", "totalRevenue": "7341000000", "costOfRevenue": "4142000000", "costofGoodsAndServicesSold": "4142000000", "operatingIncome": "1117000000", "sellingGeneralAndAdministrative": "1004000000", "researchAndDevelopment": "149000000", "operatingExpenses": "1943000000", "investmentIncomeNet": "None", "netInterestIncome": "-99000000", "interestIncome": "5000000", "interestExpense": "99000000", "nonInterestIncome": "None", "otherNonOperatingIncome": "None", "depreciation": "None", "depreciationAndAmortization": "210000000", "incomeBeforeTax": "900000000", "incomeTaxExpense": "181000000", "interestAndDebtExpense": "None", "netIncomeFromContinuingOperations": "719000000", "comprehensiveIncomeNetOfTax": "None", "ebit": "993000000", "ebitda": "1203000000", "netIncome": "710000000"}, {"fiscalDateEnding": "2020-06-30", "reportedCurrency": "USD", "grossProfit": "3063000000", "totalRevenue": "6721000000", "costOfRevenue": "3658000000", "costofGoodsAndServicesSold": "3658000000", "operatingIncome": "1104000000", "sellingGeneralAndAdministrative": "969000000", "researchAndDevelopment": "145000000", "operatingExpenses": "1789000000", "investmentIncomeNet": "None", "netInterestIncome": "-97000000", "interestIncome": "2000000", "interestExpense": "99000000", "nonInterestIncome": "None", "otherNonOperatingIncome": "None", "depreciation": "None", "depreciationAndAmortization": "179000000", "incomeBeforeTax": "1185000000", "incomeTaxExpense": "246000000", "interestAndDebtExpense": "None", "netIncomeFromContinuingOperations": "939000000", "comprehensiveIncomeNetOfTax": "None", "ebit": "1278000000", "ebitda": "1457000000", "netIncome": "939000000"}, {"fiscalDateEnding": "2019-06-30", "reportedCurrency": "USD", "grossProfit": "2728000000", "totalRevenue": "6214000000", "costOfRevenue": "3486000000", "costofGoodsAndServicesSold": "3486000000", "operatingIncome": "941000000", "sellingGeneralAndAdministrative": "856000000", "researchAndDevelopment": "136000000", "operatingExpenses": "1604000000", "investmentIncomeNet": "None", "netInterestIncome": "-94000000", "interestIncome": "3000000", "interestExpense": "97000000", "nonInterestIncome": "None", "otherNonOperatingIncome": "None", "depreciation": "None", "depreciationAndAmortization": "182000000", "incomeBeforeTax": "1024000000", "incomeTaxExpense": "204000000", "interestAndDebtExpense": "None", "netIncomeFromContinuingOperations": "820000000", "comprehensiveIncomeNetOfTax": "None", "ebit": "1115000000", "ebitda": "1297000000", "netIncome": "820000000"}, {"fiscalDateEnding": "2018-06-30", "reportedCurrency": "USD", "grossProfit": "2675000000", "totalRevenue": "6124000000", "costOfRevenue": "3449000000", "costofGoodsAndServicesSold": "3449000000", "operatingIncome": "1125000000", "sellingGeneralAndAdministrative": "837000000", "researchAndDevelopment": "132000000", "operatingExpenses": "1539000000", "investmentIncomeNet": "None", "netInterestIncome": "-79000000", "interestIncome": "6000000", "interestExpense": "85000000", "nonInterestIncome": "None", "otherNonOperatingIncome": "None", "depreciation": "None", "depreciationAndAmortization": "167000000", "incomeBeforeTax": "1054000000", "incomeTaxExpense": "231000000", "interestAndDebtExpense": "None", "netIncomeFromContinuingOperations": "823000000", "comprehensiveIncomeNetOfTax": "None", "ebit": "1113000000", "ebitda": "1280000000", "netIncome": "823000000"}, {"fiscalDateEnding": "2017-06-30", "reportedCurrency": "USD", "grossProfit": "2671000000", "totalRevenue": "5973000000", "costOfRevenue": "3302000000", "costofGoodsAndServicesSold": "3302000000", "operatingIncome": "1117000000", "sellingGeneralAndAdministrative": "810000000", "researchAndDevelopment": "135000000", "operatingExpenses": "1544000000", "investmentIncomeNet": "None", "netInterestIncome": "-84000000", "interestIncome": "4000000", "interestExpense": "88000000", "nonInterestIncome": "None", "otherNonOperatingIncome": "None", "depreciation": "None", "depreciationAndAmortization": "163000000", "incomeBeforeTax": "1033000000", "incomeTaxExpense": "330000000", "interestAndDebtExpense": "None", "netIncomeFromContinuingOperations": "703000000", "comprehensiveIncomeNetOfTax": "None", "ebit": "1115000000", "ebitda": "1278000000", "netIncome": "701000000"}, {"fiscalDateEnding": "2016-06-30", "reportedCurrency": "USD", "grossProfit": "2598000000", "totalRevenue": "5761000000", "costOfRevenue": "3163000000", "costofGoodsAndServicesSold": "3163000000", "operatingIncome": "1056000000", "sellingGeneralAndAdministrative": "806000000", "researchAndDevelopment": "141000000", "operatingExpenses": "1534000000", "investmentIncomeNet": "None", "netInterestIncome": "-83000000", "interestIncome": "5000000", "interestExpense": "88000000", "nonInterestIncome": "None", "otherNonOperatingIncome": "None", "depreciation": "None", "depreciationAndAmortization": "165000000", "incomeBeforeTax": "983000000", "incomeTaxExpense": "335000000", "interestAndDebtExpense": "None", "netIncomeFromContinuingOperations": "648000000", "comprehensiveIncomeNetOfTax": "None", "ebit": "1071000000", "ebitda": "1236000000", "netIncome": "648000000"}, {"fiscalDateEnding": "2015-06-30", "reportedCurrency": "USD", "grossProfit": "2465000000", "totalRevenue": "5655000000", "costOfRevenue": "3190000000", "costofGoodsAndServicesSold": "3190000000", "operatingIncome": "1001000000", "sellingGeneralAndAdministrative": "798000000", "researchAndDevelopment": "136000000", "operatingExpenses": "1457000000", "investmentIncomeNet": "None", "netInterestIncome": "None", "interestIncome": "None", "interestExpense": "100000000", "nonInterestIncome": "None", "otherNonOperatingIncome": "None", "depreciation": "None", "depreciationAndAmortization": "169000000", "incomeBeforeTax": "921000000", "incomeTaxExpense": "315000000", "interestAndDebtExpense": "None", "netIncomeFromContinuingOperations": "606000000", "comprehensiveIncomeNetOfTax": "None", "ebit": "1016000000", "ebitda": "1185000000", "netIncome": "580000000"}, {"fiscalDateEnding": "2014-06-30", "reportedCurrency": "USD", "grossProfit": "2360000000", "totalRevenue": "5591000000", "costOfRevenue": "3231000000", "costofGoodsAndServicesSold": "3231000000", "operatingIncome": "959000000", "sellingGeneralAndAdministrative": "765000000", "researchAndDevelopment": "125000000", "operatingExpenses": "1394000000", "investmentIncomeNet": "None", "netInterestIncome": "None", "interestIncome": "None", "interestExpense": "103000000", "nonInterestIncome": "None", "otherNonOperatingIncome": "None", "depreciation": "None", "depreciationAndAmortization": "180000000", "incomeBeforeTax": "861000000", "incomeTaxExpense": "299000000", "interestAndDebtExpense": "None", "netIncomeFromContinuingOperations": "562000000", "comprehensiveIncomeNetOfTax": "None", "ebit": "984000000", "ebitda": "1164000000", "netIncome": "558000000"}, {"fiscalDateEnding": "2013-06-30", "reportedCurrency": "USD", "grossProfit": "2412000000", "totalRevenue": "5623000000", "costOfRevenue": "3211000000", "costofGoodsAndServicesSold": "3211000000", "operatingIncome": "969000000", "sellingGeneralAndAdministrative": "807000000", "researchAndDevelopment": "130000000", "operatingExpenses": "1437000000", "investmentIncomeNet": "None", "netInterestIncome": "None", "interestIncome": "None", "interestExpense": "122000000", "nonInterestIncome": "None", "otherNonOperatingIncome": "None", "depreciation": "None", "depreciationAndAmortization": "182000000", "incomeBeforeTax": "853000000", "incomeTaxExpense": "279000000", "interestAndDebtExpense": "None", "netIncomeFromContinuingOperations": "574000000", "comprehensiveIncomeNetOfTax": "None", "ebit": "961000000", "ebitda": "1143000000", "netIncome": "572000000"}, {"fiscalDateEnding": "2012-06-30", "reportedCurrency": "USD", "grossProfit": "2304000000", "totalRevenue": "5468000000", "costOfRevenue": "3164000000", "costofGoodsAndServicesSold": "3164000000", "operatingIncome": "903000000", "sellingGeneralAndAdministrative": "798000000", "researchAndDevelopment": "121000000", "operatingExpenses": "1401000000", "investmentIncomeNet": "None", "netInterestIncome": "None", "interestIncome": "None", "interestExpense": "125000000", "nonInterestIncome": "None", "otherNonOperatingIncome": "None", "depreciation": "None", "depreciationAndAmortization": "178000000", "incomeBeforeTax": "791000000", "incomeTaxExpense": "248000000", "interestAndDebtExpense": "None", "netIncomeFromContinuingOperations": "791000000", "comprehensiveIncomeNetOfTax": "None", "ebit": "903000000", "ebitda": "1081000000", "netIncome": "541000000"}, {"fiscalDateEnding": "2011-06-30", "reportedCurrency": "USD", "grossProfit": "2273000000", "totalRevenue": "5231000000", "costOfRevenue": "2958000000", "costofGoodsAndServicesSold": "2958000000", "operatingIncome": "921000000", "sellingGeneralAndAdministrative": "735000000", "researchAndDevelopment": "115000000", "operatingExpenses": "1352000000", "investmentIncomeNet": "None", "netInterestIncome": "None", "interestIncome": "None", "interestExpense": "123000000", "nonInterestIncome": "None", "otherNonOperatingIncome": "247000000", "depreciation": "None", "depreciationAndAmortization": "173000000", "incomeBeforeTax": "563000000", "incomeTaxExpense": "276000000", "interestAndDebtExpense": "None", "netIncomeFromContinuingOperations": "810000000", "comprehensiveIncomeNetOfTax": "None", "ebit": "921000000", "ebitda": "1094000000", "netIncome": "557000000"}, {"fiscalDateEnding": "2010-06-30", "reportedCurrency": "USD", "grossProfit": "2477000000", "totalRevenue": "5534000000", "costOfRevenue": "3057000000", "costofGoodsAndServicesSold": "3057000000", "operatingIncome": "1093000000", "sellingGeneralAndAdministrative": "747000000", "researchAndDevelopment": "119000000", "operatingExpenses": "1409000000", "investmentIncomeNet": "None", "netInterestIncome": "None", "interestIncome": "None", "interestExpense": "139000000", "nonInterestIncome": "None", "otherNonOperatingIncome": "None", "depreciation": "None", "depreciationAndAmortization": "185000000", "incomeBeforeTax": "925000000", "incomeTaxExpense": "322000000", "interestAndDebtExpense": "None", "netIncomeFromContinuingOperations": "603000000", "comprehensiveIncomeNetOfTax": "None", "ebit": "942000000", "ebitda": "1127000000", "netIncome": "603000000"}, {"fiscalDateEnding": "2009-06-30", "reportedCurrency": "USD", "grossProfit": "2346000000", "totalRevenue": "5450000000", "costOfRevenue": "3104000000", "costofGoodsAndServicesSold": "3104000000", "operatingIncome": "1018000000", "sellingGeneralAndAdministrative": "715000000", "researchAndDevelopment": "114000000", "operatingExpenses": "1328000000", "investmentIncomeNet": "None", "netInterestIncome": "None", "interestIncome": "None", "interestExpense": "161000000", "nonInterestIncome": "None", "otherNonOperatingIncome": "None", "depreciation": "None", "depreciationAndAmortization": "190000000", "incomeBeforeTax": "811000000", "incomeTaxExpense": "274000000", "interestAndDebtExpense": "None", "netIncomeFromContinuingOperations": "None", "comprehensiveIncomeNetOfTax": "None", "ebit": "1018000000", "ebitda": "1208000000", "netIncome": "537000000"}, {"fiscalDateEnding": "2008-06-30", "reportedCurrency": "USD", "grossProfit": "2175000000", "totalRevenue": "5273000000", "costOfRevenue": "3098000000", "costofGoodsAndServicesSold": "3098000000", "operatingIncome": "888000000", "sellingGeneralAndAdministrative": "690000000", "researchAndDevelopment": "111000000", "operatingExpenses": "1287000000", "investmentIncomeNet": "None", "netInterestIncome": "None", "interestIncome": "None", "interestExpense": "168000000", "nonInterestIncome": "None", "otherNonOperatingIncome": "None", "depreciation": "None", "depreciationAndAmortization": "205000000", "incomeBeforeTax": "693000000", "incomeTaxExpense": "232000000", "interestAndDebtExpense": "None", "netIncomeFromContinuingOperations": "None", "comprehensiveIncomeNetOfTax": "None", "ebit": "849000000", "ebitda": "1054000000", "netIncome": "461000000"}, {"fiscalDateEnding": "2007-06-30", "reportedCurrency": "USD", "grossProfit": "2091000000", "totalRevenue": "4847000000", "costOfRevenue": "2756000000", "costofGoodsAndServicesSold": "2756000000", "operatingIncome": "867000000", "sellingGeneralAndAdministrative": "642000000", "researchAndDevelopment": "108000000", "operatingExpenses": "1224000000", "investmentIncomeNet": "None", "netInterestIncome": "None", "interestIncome": "None", "interestExpense": "0", "nonInterestIncome": "None", "otherNonOperatingIncome": "None", "depreciation": "None", "depreciationAndAmortization": "192000000", "incomeBeforeTax": "743000000", "incomeTaxExpense": "247000000", "interestAndDebtExpense": "None", "netIncomeFromContinuingOperations": "None", "comprehensiveIncomeNetOfTax": "None", "ebit": "867000000", "ebitda": "1059000000", "netIncome": "501000000"}, {"fiscalDateEnding": "2006-06-30", "reportedCurrency": "USD", "grossProfit": "1959000000", "totalRevenue": "4644000000", "costOfRevenue": "2685000000", "costofGoodsAndServicesSold": "2685000000", "operatingIncome": "779000000", "sellingGeneralAndAdministrative": "631000000", "researchAndDevelopment": "99000000", "operatingExpenses": "1180000000", "investmentIncomeNet": "None", "netInterestIncome": "None", "interestIncome": "None", "interestExpense": "0", "nonInterestIncome": "None", "otherNonOperatingIncome": "None", "depreciation": "None", "depreciationAndAmortization": "188000000", "incomeBeforeTax": "653000000", "incomeTaxExpense": "210000000", "interestAndDebtExpense": "None", "netIncomeFromContinuingOperations": "None", "comprehensiveIncomeNetOfTax": "None", "ebit": "779000000", "ebitda": "967000000", "netIncome": "444000000"}, {"fiscalDateEnding": "2005-06-30", "reportedCurrency": "USD", "grossProfit": "1895000000", "totalRevenue": "4388000000", "costOfRevenue": "2493000000", "costofGoodsAndServicesSold": "2493000000", "operatingIncome": "817000000", "sellingGeneralAndAdministrative": "551000000", "researchAndDevelopment": "88000000", "operatingExpenses": "1078000000", "investmentIncomeNet": "None", "netInterestIncome": "None", "interestIncome": "None", "interestExpense": "0", "nonInterestIncome": "None", "otherNonOperatingIncome": "None", "depreciation": "None", "depreciationAndAmortization": "190000000", "incomeBeforeTax": "729000000", "incomeTaxExpense": "214000000", "interestAndDebtExpense": "None", "netIncomeFromContinuingOperations": "None", "comprehensiveIncomeNetOfTax": "None", "ebit": "792000000", "ebitda": "982000000", "netIncome": "1096000000"}], "quarterlyReports": [{"fiscalDateEnding": "2024-12-31", "reportedCurrency": "USD", "grossProfit": "738000000", "totalRevenue": "1686000000", "costOfRevenue": "948000000", "costofGoodsAndServicesSold": "948000000", "operatingIncome": "427000000", "sellingGeneralAndAdministrative": "280000000", "researchAndDevelopment": "31000000", "operatingExpenses": "311000000", "investmentIncomeNet": "None", "netInterestIncome": "-20000000", "interestIncome": "2000000", "interestExpense": "22000000", "nonInterestIncome": "None", "otherNonOperatingIncome": "None", "depreciation": "None", "depreciationAndAmortization": "53000000", "incomeBeforeTax": "237000000", "incomeTaxExpense": "43000000", "interestAndDebtExpense": "None", "netIncomeFromContinuingOperations": "194000000", "comprehensiveIncomeNetOfTax": "None", "ebit": "259000000", "ebitda": "312000000", "netIncome": "193000000"}, {"fiscalDateEnding": "2024-09-30", "reportedCurrency": "USD", "grossProfit": "807000000", "totalRevenue": "1762000000", "costOfRevenue": "955000000", "costofGoodsAndServicesSold": "955000000", "operatingIncome": "294000000", "sellingGeneralAndAdministrative": "281000000", "researchAndDevelopment": "31000000", "operatingExpenses": "513000000", "investmentIncomeNet": "None", "netInterestIncome": "-21000000", "interestIncome": "None", "interestExpense": "21000000", "nonInterestIncome": "None", "otherNonOperatingIncome": "None", "depreciation": "None", "depreciationAndAmortization": "54000000", "incomeBeforeTax": "177000000", "incomeTaxExpense": "74000000", "interestAndDebtExpense": "None", "netIncomeFromContinuingOperations": "103000000", "comprehensiveIncomeNetOfTax": "None", "ebit": "201000000", "ebitda": "255000000", "netIncome": "99000000"}, {"fiscalDateEnding": "2024-06-30", "reportedCurrency": "USD", "grossProfit": "879000000", "totalRevenue": "1903000000", "costOfRevenue": "1024000000", "costofGoodsAndServicesSold": "1024000000", "operatingIncome": "320000000", "sellingGeneralAndAdministrative": "268000000", "researchAndDevelopment": "33000000", "operatingExpenses": "559000000", "investmentIncomeNet": "None", "netInterestIncome": "2000000", "interestIncome": "None", "interestExpense": "21000000", "nonInterestIncome": "None", "otherNonOperatingIncome": "None", "depreciation": "None", "depreciationAndAmortization": "59000000", "incomeBeforeTax": "275000000", "incomeTaxExpense": "54000000", "interestAndDebtExpense": "None", "netIncomeFromContinuingOperations": "221000000", "comprehensiveIncomeNetOfTax": "None", "ebit": "299000000", "ebitda": "358000000", "netIncome": "216000000"}, {"fiscalDateEnding": "2024-03-31", "reportedCurrency": "USD", "grossProfit": "766000000", "totalRevenue": "1814000000", "costOfRevenue": "1048000000", "costofGoodsAndServicesSold": "1048000000", "operatingIncome": "234000000", "sellingGeneralAndAdministrative": "301000000", "researchAndDevelopment": "32000000", "operatingExpenses": "548000000", "investmentIncomeNet": "None", "netInterestIncome": "-22000000", "interestIncome": "None", "interestExpense": "22000000", "nonInterestIncome": "None", "otherNonOperatingIncome": "None", "depreciation": "None", "depreciationAndAmortization": "58000000", "incomeBeforeTax": "-42000000", "incomeTaxExpense": "8000000", "interestAndDebtExpense": "None", "netIncomeFromContinuingOperations": "-50000000", "comprehensiveIncomeNetOfTax": "None", "ebit": "-16000000", "ebitda": "42000000", "netIncome": "-51000000"}, {"fiscalDateEnding": "2023-12-31", "reportedCurrency": "USD", "grossProfit": "866000000", "totalRevenue": "1990000000", "costOfRevenue": "1124000000", "costofGoodsAndServicesSold": "1124000000", "operatingIncome": "512000000", "sellingGeneralAndAdministrative": "322000000", "researchAndDevelopment": "32000000", "operatingExpenses": "540000000", "investmentIncomeNet": "None", "netInterestIncome": "-26000000", "interestIncome": "7000000", "interestExpense": "26000000", "nonInterestIncome": "None", "otherNonOperatingIncome": "None", "depreciation": "None", "depreciationAndAmortization": "57000000", "incomeBeforeTax": "136000000", "incomeTaxExpense": "40000000", "interestAndDebtExpense": "None", "netIncomeFromContinuingOperations": "96000000", "comprehensiveIncomeNetOfTax": "None", "ebit": "165000000", "ebitda": "222000000", "netIncome": "93000000"}, {"fiscalDateEnding": "2023-09-30", "reportedCurrency": "USD", "grossProfit": "532000000", "totalRevenue": "1386000000", "costOfRevenue": "854000000", "costofGoodsAndServicesSold": "854000000", "operatingIncome": "227000000", "sellingGeneralAndAdministrative": "276000000", "researchAndDevelopment": "29000000", "operatingExpenses": "470000000", "investmentIncomeNet": "None", "netInterestIncome": "-21000000", "interestIncome": "None", "interestExpense": "21000000", "nonInterestIncome": "None", "otherNonOperatingIncome": "None", "depreciation": "None", "depreciationAndAmortization": "61000000", "incomeBeforeTax": "29000000", "incomeTaxExpense": "4000000", "interestAndDebtExpense": "None", "netIncomeFromContinuingOperations": "25000000", "comprehensiveIncomeNetOfTax": "None", "ebit": "53000000", "ebitda": "114000000", "netIncome": "22000000"}, {"fiscalDateEnding": "2023-06-30", "reportedCurrency": "USD", "grossProfit": "862000000", "totalRevenue": "2019000000", "costOfRevenue": "1157000000", "costofGoodsAndServicesSold": "1157000000", "operatingIncome": "301000000", "sellingGeneralAndAdministrative": "329000000", "researchAndDevelopment": "38000000", "operatingExpenses": "578000000", "investmentIncomeNet": "None", "netInterestIncome": "-21000000", "interestIncome": "None", "interestExpense": "21000000", "nonInterestIncome": "None", "otherNonOperatingIncome": "None", "depreciation": "None", "depreciationAndAmortization": "62000000", "incomeBeforeTax": "237000000", "incomeTaxExpense": "56000000", "interestAndDebtExpense": "None", "netIncomeFromContinuingOperations": "181000000", "comprehensiveIncomeNetOfTax": "None", "ebit": "261000000", "ebitda": "323000000", "netIncome": "176000000"}, {"fiscalDateEnding": "2023-03-31", "reportedCurrency": "USD", "grossProfit": "800000000", "totalRevenue": "1915000000", "costOfRevenue": "1115000000", "costofGoodsAndServicesSold": "1115000000", "operatingIncome": "454000000", "sellingGeneralAndAdministrative": "311000000", "researchAndDevelopment": "35000000", "operatingExpenses": "552000000", "investmentIncomeNet": "None", "netInterestIncome": "-24000000", "interestIncome": "None", "interestExpense": "24000000", "nonInterestIncome": "None", "otherNonOperatingIncome": "None", "depreciation": "None", "depreciationAndAmortization": "60000000", "incomeBeforeTax": "-245000000", "incomeTaxExpense": "-36000000", "interestAndDebtExpense": "None", "netIncomeFromContinuingOperations": "-211000000", "comprehensiveIncomeNetOfTax": "None", "ebit": "-217000000", "ebitda": "-157000000", "netIncome": "-209000000"}, {"fiscalDateEnding": "2022-12-31", "reportedCurrency": "USD", "grossProfit": "620000000", "totalRevenue": "1715000000", "costOfRevenue": "1095000000", "costofGoodsAndServicesSold": "1095000000", "operatingIncome": "95000000", "sellingGeneralAndAdministrative": "282000000", "researchAndDevelopment": "33000000", "operatingExpenses": "471000000", "investmentIncomeNet": "None", "netInterestIncome": "-23000000", "interestIncome": "None", "interestExpense": "23000000", "nonInterestIncome": "None", "otherNonOperatingIncome": "None", "depreciation": "None", "depreciationAndAmortization": "58000000", "incomeBeforeTax": "130000000", "incomeTaxExpense": "28000000", "interestAndDebtExpense": "None", "netIncomeFromContinuingOperations": "99000000", "comprehensiveIncomeNetOfTax": "None", "ebit": "154000000", "ebitda": "212000000", "netIncome": "99000000"}, {"fiscalDateEnding": "2022-09-30", "reportedCurrency": "USD", "grossProfit": "626000000", "totalRevenue": "1740000000", "costOfRevenue": "1114000000", "costofGoodsAndServicesSold": "1114000000", "operatingIncome": "138000000", "sellingGeneralAndAdministrative": "261000000", "researchAndDevelopment": "32000000", "operatingExpenses": "454000000", "investmentIncomeNet": "None", "netInterestIncome": "-22000000", "interestIncome": "None", "interestExpense": "22000000", "nonInterestIncome": "None", "otherNonOperatingIncome": "None", "depreciation": "None", "depreciationAndAmortization": "56000000", "incomeBeforeTax": "116000000", "incomeTaxExpense": "29000000", "interestAndDebtExpense": "None", "netIncomeFromContinuingOperations": "87000000", "comprehensiveIncomeNetOfTax": "None", "ebit": "157000000", "ebitda": "213000000", "netIncome": "85000000"}, {"fiscalDateEnding": "2022-06-30", "reportedCurrency": "USD", "grossProfit": "668000000", "totalRevenue": "1801000000", "costOfRevenue": "1133000000", "costofGoodsAndServicesSold": "1133000000", "operatingIncome": "109000000", "sellingGeneralAndAdministrative": "244000000", "researchAndDevelopment": "34000000", "operatingExpenses": "485000000", "investmentIncomeNet": "None", "netInterestIncome": "-37000000", "interestIncome": "None", "interestExpense": "37000000", "nonInterestIncome": "None", "otherNonOperatingIncome": "None", "depreciation": "None", "depreciationAndAmortization": "57000000", "incomeBeforeTax": "129000000", "incomeTaxExpense": "25000000", "interestAndDebtExpense": "None", "netIncomeFromContinuingOperations": "104000000", "comprehensiveIncomeNetOfTax": "None", "ebit": "160000000", "ebitda": "217000000", "netIncome": "101000000"}, {"fiscalDateEnding": "2022-03-31", "reportedCurrency": "USD", "grossProfit": "649000000", "totalRevenue": "1809000000", "costOfRevenue": "1160000000", "costofGoodsAndServicesSold": "1160000000", "operatingIncome": "221000000", "sellingGeneralAndAdministrative": "233000000", "researchAndDevelopment": "31000000", "operatingExpenses": "417000000", "investmentIncomeNet": "None", "netInterestIncome": "-21000000", "interestIncome": "None", "interestExpense": "21000000", "nonInterestIncome": "None", "otherNonOperatingIncome": "None", "depreciation": "None", "depreciationAndAmortization": "57000000", "incomeBeforeTax": "200000000", "incomeTaxExpense": "48000000", "interestAndDebtExpense": "None", "netIncomeFromContinuingOperations": "150000000", "comprehensiveIncomeNetOfTax": "None", "ebit": "221000000", "ebitda": "278000000", "netIncome": "150000000"}, {"fiscalDateEnding": "2021-12-31", "reportedCurrency": "USD", "grossProfit": "558000000", "totalRevenue": "1691000000", "costOfRevenue": "1133000000", "costofGoodsAndServicesSold": "1133000000", "operatingIncome": "113000000", "sellingGeneralAndAdministrative": "241000000", "researchAndDevelopment": "34000000", "operatingExpenses": "442000000", "investmentIncomeNet": "None", "netInterestIncome": "-23000000", "interestIncome": "None", "interestExpense": "23000000", "nonInterestIncome": "None", "otherNonOperatingIncome": "None", "depreciation": "None", "depreciationAndAmortization": "55000000", "incomeBeforeTax": "93000000", "incomeTaxExpense": "21000000", "interestAndDebtExpense": "None", "netIncomeFromContinuingOperations": "69000000", "comprehensiveIncomeNetOfTax": "None", "ebit": "116000000", "ebitda": "171000000", "netIncome": "69000000"}, {"fiscalDateEnding": "2021-09-30", "reportedCurrency": "USD", "grossProfit": "670000000", "totalRevenue": "1806000000", "costOfRevenue": "1136000000", "costofGoodsAndServicesSold": "1136000000", "operatingIncome": "219000000", "sellingGeneralAndAdministrative": "236000000", "researchAndDevelopment": "33000000", "operatingExpenses": "451000000", "investmentIncomeNet": "None", "netInterestIncome": "-25000000", "interestIncome": "None", "interestExpense": "25000000", "nonInterestIncome": "None", "otherNonOperatingIncome": "None", "depreciation": "None", "depreciationAndAmortization": "55000000", "incomeBeforeTax": "185000000", "incomeTaxExpense": "42000000", "interestAndDebtExpense": "None", "netIncomeFromContinuingOperations": "143000000", "comprehensiveIncomeNetOfTax": "None", "ebit": "210000000", "ebitda": "265000000", "netIncome": "142000000"}, {"fiscalDateEnding": "2021-06-30", "reportedCurrency": "USD", "grossProfit": "668000000", "totalRevenue": "1802000000", "costOfRevenue": "1134000000", "costofGoodsAndServicesSold": "1134000000", "operatingIncome": "108000000", "sellingGeneralAndAdministrative": "260000000", "researchAndDevelopment": "45000000", "operatingExpenses": "529000000", "investmentIncomeNet": "None", "netInterestIncome": "-25000000", "interestIncome": "None", "interestExpense": "25000000", "nonInterestIncome": "None", "otherNonOperatingIncome": "None", "depreciation": "None", "depreciationAndAmortization": "53000000", "incomeBeforeTax": "101000000", "incomeTaxExpense": "1000000", "interestAndDebtExpense": "None", "netIncomeFromContinuingOperations": "100000000", "comprehensiveIncomeNetOfTax": "None", "ebit": "125000000", "ebitda": "178000000", "netIncome": "97000000"}, {"fiscalDateEnding": "2021-03-31", "reportedCurrency": "USD", "grossProfit": "774000000", "totalRevenue": "1781000000", "costOfRevenue": "1007000000", "costofGoodsAndServicesSold": "1007000000", "operatingIncome": "305000000", "sellingGeneralAndAdministrative": "237000000", "researchAndDevelopment": "32000000", "operatingExpenses": "469000000", "investmentIncomeNet": "None", "netInterestIncome": "-25000000", "interestIncome": "None", "interestExpense": "25000000", "nonInterestIncome": "None", "otherNonOperatingIncome": "None", "depreciation": "None", "depreciationAndAmortization": "53000000", "incomeBeforeTax": "-59000000", "incomeTaxExpense": "17000000", "interestAndDebtExpense": "None", "netIncomeFromContinuingOperations": "-59000000", "comprehensiveIncomeNetOfTax": "None", "ebit": "-36000000", "ebitda": "17000000", "netIncome": "-61000000"}, {"fiscalDateEnding": "2020-12-31", "reportedCurrency": "USD", "grossProfit": "837000000", "totalRevenue": "1842000000", "costOfRevenue": "1005000000", "costofGoodsAndServicesSold": "1005000000", "operatingIncome": "341000000", "sellingGeneralAndAdministrative": "269000000", "researchAndDevelopment": "40000000", "operatingExpenses": "496000000", "investmentIncomeNet": "None", "netInterestIncome": "-24000000", "interestIncome": "None", "interestExpense": "24000000", "nonInterestIncome": "None", "otherNonOperatingIncome": "None", "depreciation": "None", "depreciationAndAmortization": "53000000", "incomeBeforeTax": "332000000", "incomeTaxExpense": "71000000", "interestAndDebtExpense": "None", "netIncomeFromContinuingOperations": "259000000", "comprehensiveIncomeNetOfTax": "None", "ebit": "356000000", "ebitda": "409000000", "netIncome": "259000000"}, {"fiscalDateEnding": "2020-09-30", "reportedCurrency": "USD", "grossProfit": "920000000", "totalRevenue": "1916000000", "costOfRevenue": "996000000", "costofGoodsAndServicesSold": "996000000", "operatingIncome": "471000000", "sellingGeneralAndAdministrative": "238000000", "researchAndDevelopment": "32000000", "operatingExpenses": "449000000", "investmentIncomeNet": "None", "netInterestIncome": "-25000000", "interestIncome": "None", "interestExpense": "25000000", "nonInterestIncome": "None", "otherNonOperatingIncome": "None", "depreciation": "None", "depreciationAndAmortization": "51000000", "incomeBeforeTax": "526000000", "incomeTaxExpense": "109000000", "interestAndDebtExpense": "None", "netIncomeFromContinuingOperations": "415000000", "comprehensiveIncomeNetOfTax": "None", "ebit": "549000000", "ebitda": "600000000", "netIncome": "415000000"}, {"fiscalDateEnding": "2020-06-30", "reportedCurrency": "USD", "grossProfit": "929000000", "totalRevenue": "1983000000", "costOfRevenue": "1054000000", "costofGoodsAndServicesSold": "1054000000", "operatingIncome": "381000000", "sellingGeneralAndAdministrative": "279000000", "researchAndDevelopment": "42000000", "operatingExpenses": "535000000", "investmentIncomeNet": "None", "netInterestIncome": "-23000000", "interestIncome": "None", "interestExpense": "25000000", "nonInterestIncome": "None", "otherNonOperatingIncome": "None", "depreciation": "None", "depreciationAndAmortization": "47000000", "incomeBeforeTax": "395000000", "incomeTaxExpense": "85000000", "interestAndDebtExpense": "None", "netIncomeFromContinuingOperations": "310000000", "comprehensiveIncomeNetOfTax": "None", "ebit": "419000000", "ebitda": "466000000", "netIncome": "310000000"}, {"fiscalDateEnding": "2020-03-31", "reportedCurrency": "USD", "grossProfit": "832000000", "totalRevenue": "1783000000", "costOfRevenue": "951000000", "costofGoodsAndServicesSold": "951000000", "operatingIncome": "340000000", "sellingGeneralAndAdministrative": "269000000", "researchAndDevelopment": "39000000", "operatingExpenses": "492000000", "investmentIncomeNet": "None", "netInterestIncome": "-24000000", "interestIncome": "None", "interestExpense": "24000000", "nonInterestIncome": "None", "otherNonOperatingIncome": "None", "depreciation": "None", "depreciationAndAmortization": "45000000", "incomeBeforeTax": "297000000", "incomeTaxExpense": "56000000", "interestAndDebtExpense": "None", "netIncomeFromContinuingOperations": "241000000", "comprehensiveIncomeNetOfTax": "None", "ebit": "321000000", "ebitda": "366000000", "netIncome": "241000000"}, {"fiscalDateEnding": "2019-12-31", "reportedCurrency": "USD", "grossProfit": "639000000", "totalRevenue": "1449000000", "costOfRevenue": "810000000", "costofGoodsAndServicesSold": "810000000", "operatingIncome": "255000000", "sellingGeneralAndAdministrative": "210000000", "researchAndDevelopment": "34000000", "operatingExpenses": "384000000", "investmentIncomeNet": "None", "netInterestIncome": "-25000000", "interestIncome": "None", "interestExpense": "25000000", "nonInterestIncome": "None", "otherNonOperatingIncome": "None", "depreciation": "None", "depreciationAndAmortization": "44000000", "incomeBeforeTax": "235000000", "incomeTaxExpense": "50000000", "interestAndDebtExpense": "None", "netIncomeFromContinuingOperations": "185000000", "comprehensiveIncomeNetOfTax": "None", "ebit": "260000000", "ebitda": "304000000", "netIncome": "185000000"}, {"fiscalDateEnding": "2019-09-30", "reportedCurrency": "USD", "grossProfit": "663000000", "totalRevenue": "1506000000", "costOfRevenue": "843000000", "costofGoodsAndServicesSold": "843000000", "operatingIncome": "285000000", "sellingGeneralAndAdministrative": "211000000", "researchAndDevelopment": "30000000", "operatingExpenses": "378000000", "investmentIncomeNet": "None", "netInterestIncome": "-25000000", "interestIncome": "None", "interestExpense": "25000000", "nonInterestIncome": "None", "otherNonOperatingIncome": "None", "depreciation": "None", "depreciationAndAmortization": "44000000", "incomeBeforeTax": "258000000", "incomeTaxExpense": "55000000", "interestAndDebtExpense": "None", "netIncomeFromContinuingOperations": "203000000", "comprehensiveIncomeNetOfTax": "None", "ebit": "283000000", "ebitda": "327000000", "netIncome": "203000000"}, {"fiscalDateEnding": "2019-06-30", "reportedCurrency": "USD", "grossProfit": "734000000", "totalRevenue": "1627000000", "costOfRevenue": "893000000", "costofGoodsAndServicesSold": "893000000", "operatingIncome": "295000000", "sellingGeneralAndAdministrative": "217000000", "researchAndDevelopment": "38000000", "operatingExpenses": "422000000", "investmentIncomeNet": "None", "netInterestIncome": "-22000000", "interestIncome": "None", "interestExpense": "25000000", "nonInterestIncome": "None", "otherNonOperatingIncome": "None", "depreciation": "None", "depreciationAndAmortization": "47000000", "incomeBeforeTax": "292000000", "incomeTaxExpense": "51000000", "interestAndDebtExpense": "None", "netIncomeFromContinuingOperations": "241000000", "comprehensiveIncomeNetOfTax": "None", "ebit": "298000000", "ebitda": "345000000", "netIncome": "241000000"}, {"fiscalDateEnding": "2019-03-31", "reportedCurrency": "USD", "grossProfit": "673000000", "totalRevenue": "1551000000", "costOfRevenue": "878000000", "costofGoodsAndServicesSold": "878000000", "operatingIncome": "262000000", "sellingGeneralAndAdministrative": "216000000", "researchAndDevelopment": "34000000", "operatingExpenses": "411000000", "investmentIncomeNet": "None", "netInterestIncome": "-24000000", "interestIncome": "None", "interestExpense": "24000000", "nonInterestIncome": "None", "otherNonOperatingIncome": "None", "depreciation": "None", "depreciationAndAmortization": "45000000", "incomeBeforeTax": "240000000", "incomeTaxExpense": "53000000", "interestAndDebtExpense": "None", "netIncomeFromContinuingOperations": "187000000", "comprehensiveIncomeNetOfTax": "None", "ebit": "264000000", "ebitda": "309000000", "netIncome": "187000000"}, {"fiscalDateEnding": "2018-12-31", "reportedCurrency": "USD", "grossProfit": "643000000", "totalRevenue": "1473000000", "costOfRevenue": "830000000", "costofGoodsAndServicesSold": "830000000", "operatingIncome": "255000000", "sellingGeneralAndAdministrative": "211000000", "researchAndDevelopment": "32000000", "operatingExpenses": "388000000", "investmentIncomeNet": "None", "netInterestIncome": "None", "interestIncome": "None", "interestExpense": "24000000", "nonInterestIncome": "None", "otherNonOperatingIncome": "None", "depreciation": "None", "depreciationAndAmortization": "44000000", "incomeBeforeTax": "224000000", "incomeTaxExpense": "42000000", "interestAndDebtExpense": "None", "netIncomeFromContinuingOperations": "182000000", "comprehensiveIncomeNetOfTax": "None", "ebit": "248000000", "ebitda": "292000000", "netIncome": "182000000"}, {"fiscalDateEnding": "2018-09-30", "reportedCurrency": "USD", "grossProfit": "678000000", "totalRevenue": "1563000000", "costOfRevenue": "885000000", "costofGoodsAndServicesSold": "885000000", "operatingIncome": "295000000", "sellingGeneralAndAdministrative": "212000000", "researchAndDevelopment": "32000000", "operatingExpenses": "383000000", "investmentIncomeNet": "None", "netInterestIncome": "None", "interestIncome": "None", "interestExpense": "24000000", "nonInterestIncome": "None", "otherNonOperatingIncome": "None", "depreciation": "None", "depreciationAndAmortization": "44000000", "incomeBeforeTax": "268000000", "incomeTaxExpense": "58000000", "interestAndDebtExpense": "None", "netIncomeFromContinuingOperations": "210000000", "comprehensiveIncomeNetOfTax": "None", "ebit": "292000000", "ebitda": "336000000", "netIncome": "210000000"}, {"fiscalDateEnding": "2018-06-30", "reportedCurrency": "USD", "grossProfit": "744000000", "totalRevenue": "1691000000", "costOfRevenue": "947000000", "costofGoodsAndServicesSold": "947000000", "operatingIncome": "322000000", "sellingGeneralAndAdministrative": "228000000", "researchAndDevelopment": "37000000", "operatingExpenses": "411000000", "investmentIncomeNet": "None", "netInterestIncome": "None", "interestIncome": "None", "interestExpense": "24000000", "nonInterestIncome": "None", "otherNonOperatingIncome": "None", "depreciation": "None", "depreciationAndAmortization": "45000000", "incomeBeforeTax": "306000000", "incomeTaxExpense": "89000000", "interestAndDebtExpense": "None", "netIncomeFromContinuingOperations": "217000000", "comprehensiveIncomeNetOfTax": "None", "ebit": "330000000", "ebitda": "375000000", "netIncome": "217000000"}, {"fiscalDateEnding": "2018-03-31", "reportedCurrency": "USD", "grossProfit": "649000000", "totalRevenue": "1517000000", "costOfRevenue": "868000000", "costofGoodsAndServicesSold": "868000000", "operatingIncome": "259000000", "sellingGeneralAndAdministrative": "208000000", "researchAndDevelopment": "32000000", "operatingExpenses": "390000000", "investmentIncomeNet": "None", "netInterestIncome": "None", "interestIncome": "None", "interestExpense": "20000000", "nonInterestIncome": "None", "otherNonOperatingIncome": "None", "depreciation": "None", "depreciationAndAmortization": "40000000", "incomeBeforeTax": "242000000", "incomeTaxExpense": "61000000", "interestAndDebtExpense": "None", "netIncomeFromContinuingOperations": "181000000", "comprehensiveIncomeNetOfTax": "None", "ebit": "262000000", "ebitda": "302000000", "netIncome": "181000000"}, {"fiscalDateEnding": "2017-12-31", "reportedCurrency": "USD", "grossProfit": "609000000", "totalRevenue": "1416000000", "costOfRevenue": "807000000", "costofGoodsAndServicesSold": "807000000", "operatingIncome": "241000000", "sellingGeneralAndAdministrative": "197000000", "researchAndDevelopment": "31000000", "operatingExpenses": "368000000", "investmentIncomeNet": "None", "netInterestIncome": "None", "interestIncome": "None", "interestExpense": "20000000", "nonInterestIncome": "None", "otherNonOperatingIncome": "None", "depreciation": "None", "depreciationAndAmortization": "41000000", "incomeBeforeTax": "227000000", "incomeTaxExpense": "-6000000", "interestAndDebtExpense": "None", "netIncomeFromContinuingOperations": "233000000", "comprehensiveIncomeNetOfTax": "None", "ebit": "247000000", "ebitda": "288000000", "netIncome": "233000000"}, {"fiscalDateEnding": "2017-09-30", "reportedCurrency": "USD", "grossProfit": "673000000", "totalRevenue": "1500000000", "costOfRevenue": "827000000", "costofGoodsAndServicesSold": "827000000", "operatingIncome": "303000000", "sellingGeneralAndAdministrative": "204000000", "researchAndDevelopment": "32000000", "operatingExpenses": "370000000", "investmentIncomeNet": "None", "netInterestIncome": "None", "interestIncome": "None", "interestExpense": "21000000", "nonInterestIncome": "None", "otherNonOperatingIncome": "None", "depreciation": "None", "depreciationAndAmortization": "40000000", "incomeBeforeTax": "279000000", "incomeTaxExpense": "87000000", "interestAndDebtExpense": "None", "netIncomeFromContinuingOperations": "192000000", "comprehensiveIncomeNetOfTax": "None", "ebit": "300000000", "ebitda": "340000000", "netIncome": "192000000"}, {"fiscalDateEnding": "2017-06-30", "reportedCurrency": "USD", "grossProfit": "752000000", "totalRevenue": "1647000000", "costOfRevenue": "895000000", "costofGoodsAndServicesSold": "895000000", "operatingIncome": "311000000", "sellingGeneralAndAdministrative": "212000000", "researchAndDevelopment": "37000000", "operatingExpenses": "431000000", "investmentIncomeNet": "None", "netInterestIncome": "None", "interestIncome": "None", "interestExpense": "22000000", "nonInterestIncome": "None", "otherNonOperatingIncome": "None", "depreciation": "None", "depreciationAndAmortization": "42000000", "incomeBeforeTax": "295000000", "incomeTaxExpense": "93000000", "interestAndDebtExpense": "None", "netIncomeFromContinuingOperations": "202000000", "comprehensiveIncomeNetOfTax": "None", "ebit": "317000000", "ebitda": "359000000", "netIncome": "201000000"}, {"fiscalDateEnding": "2017-03-31", "reportedCurrency": "USD", "grossProfit": "650000000", "totalRevenue": "1477000000", "costOfRevenue": "827000000", "costofGoodsAndServicesSold": "827000000", "operatingIncome": "253000000", "sellingGeneralAndAdministrative": "201000000", "researchAndDevelopment": "35000000", "operatingExpenses": "397000000", "investmentIncomeNet": "None", "netInterestIncome": "None", "interestIncome": "None", "interestExpense": "22000000", "nonInterestIncome": "None", "otherNonOperatingIncome": "None", "depreciation": "None", "depreciationAndAmortization": "39000000", "incomeBeforeTax": "247000000", "incomeTaxExpense": "75000000", "interestAndDebtExpense": "None", "netIncomeFromContinuingOperations": "172000000", "comprehensiveIncomeNetOfTax": "None", "ebit": "267000000", "ebitda": "306000000", "netIncome": "172000000"}, {"fiscalDateEnding": "2016-12-31", "reportedCurrency": "USD", "grossProfit": "629000000", "totalRevenue": "1406000000", "costOfRevenue": "777000000", "costofGoodsAndServicesSold": "777000000", "operatingIncome": "272000000", "sellingGeneralAndAdministrative": "197000000", "researchAndDevelopment": "32000000", "operatingExpenses": "357000000", "investmentIncomeNet": "None", "netInterestIncome": "None", "interestIncome": "None", "interestExpense": "22000000", "nonInterestIncome": "None", "otherNonOperatingIncome": "None", "depreciation": "None", "depreciationAndAmortization": "41000000", "incomeBeforeTax": "227000000", "incomeTaxExpense": "77000000", "interestAndDebtExpense": "None", "netIncomeFromContinuingOperations": "150000000", "comprehensiveIncomeNetOfTax": "None", "ebit": "248000000", "ebitda": "289000000", "netIncome": "149000000"}, {"fiscalDateEnding": "2016-09-30", "reportedCurrency": "USD", "grossProfit": "640000000", "totalRevenue": "1443000000", "costOfRevenue": "803000000", "costofGoodsAndServicesSold": "803000000", "operatingIncome": "281000000", "sellingGeneralAndAdministrative": "200000000", "researchAndDevelopment": "31000000", "operatingExpenses": "359000000", "investmentIncomeNet": "None", "netInterestIncome": "None", "interestIncome": "None", "interestExpense": "22000000", "nonInterestIncome": "None", "otherNonOperatingIncome": "None", "depreciation": "None", "depreciationAndAmortization": "41000000", "incomeBeforeTax": "264000000", "incomeTaxExpense": "85000000", "interestAndDebtExpense": "None", "netIncomeFromContinuingOperations": "179000000", "comprehensiveIncomeNetOfTax": "None", "ebit": "286000000", "ebitda": "327000000", "netIncome": "179000000"}, {"fiscalDateEnding": "2016-06-30", "reportedCurrency": "USD", "grossProfit": "727000000", "totalRevenue": "1600000000", "costOfRevenue": "873000000", "costofGoodsAndServicesSold": "873000000", "operatingIncome": "260000000", "sellingGeneralAndAdministrative": "225000000", "researchAndDevelopment": "42000000", "operatingExpenses": "459000000", "investmentIncomeNet": "None", "netInterestIncome": "None", "interestIncome": "None", "interestExpense": "21000000", "nonInterestIncome": "None", "otherNonOperatingIncome": "None", "depreciation": "None", "depreciationAndAmortization": "43000000", "incomeBeforeTax": "252000000", "incomeTaxExpense": "87000000", "interestAndDebtExpense": "None", "netIncomeFromContinuingOperations": "165000000", "comprehensiveIncomeNetOfTax": "None", "ebit": "273000000", "ebitda": "316000000", "netIncome": "165000000"}, {"fiscalDateEnding": "2016-03-31", "reportedCurrency": "USD", "grossProfit": "646000000", "totalRevenue": "1426000000", "costOfRevenue": "780000000", "costofGoodsAndServicesSold": "780000000", "operatingIncome": "261000000", "sellingGeneralAndAdministrative": "204000000", "researchAndDevelopment": "35000000", "operatingExpenses": "385000000", "investmentIncomeNet": "None", "netInterestIncome": "None", "interestIncome": "None", "interestExpense": "22000000", "nonInterestIncome": "None", "otherNonOperatingIncome": "None", "depreciation": "None", "depreciationAndAmortization": "40000000", "incomeBeforeTax": "237000000", "incomeTaxExpense": "78000000", "interestAndDebtExpense": "None", "netIncomeFromContinuingOperations": "159000000", "comprehensiveIncomeNetOfTax": "None", "ebit": "259000000", "ebitda": "299000000", "netIncome": "162000000"}, {"fiscalDateEnding": "2015-12-31", "reportedCurrency": "USD", "grossProfit": "600000000", "totalRevenue": "1345000000", "costOfRevenue": "745000000", "costofGoodsAndServicesSold": "745000000", "operatingIncome": "249000000", "sellingGeneralAndAdministrative": "191000000", "researchAndDevelopment": "34000000", "operatingExpenses": "351000000", "investmentIncomeNet": "None", "netInterestIncome": "None", "interestIncome": "None", "interestExpense": "22000000", "nonInterestIncome": "None", "otherNonOperatingIncome": "None", "depreciation": "None", "depreciationAndAmortization": "41000000", "incomeBeforeTax": "230000000", "incomeTaxExpense": "79000000", "interestAndDebtExpense": "None", "netIncomeFromContinuingOperations": "151000000", "comprehensiveIncomeNetOfTax": "None", "ebit": "252000000", "ebitda": "293000000", "netIncome": "149000000"}, {"fiscalDateEnding": "2015-09-30", "reportedCurrency": "USD", "grossProfit": "625000000", "totalRevenue": "1390000000", "costOfRevenue": "765000000", "costofGoodsAndServicesSold": "765000000", "operatingIncome": "286000000", "sellingGeneralAndAdministrative": "186000000", "researchAndDevelopment": "30000000", "operatingExpenses": "339000000", "investmentIncomeNet": "None", "netInterestIncome": "None", "interestIncome": "None", "interestExpense": "23000000", "nonInterestIncome": "None", "otherNonOperatingIncome": "None", "depreciation": "None", "depreciationAndAmortization": "41000000", "incomeBeforeTax": "264000000", "incomeTaxExpense": "91000000", "interestAndDebtExpense": "None", "netIncomeFromContinuingOperations": "173000000", "comprehensiveIncomeNetOfTax": "None", "ebit": "287000000", "ebitda": "328000000", "netIncome": "172000000"}, {"fiscalDateEnding": "2015-06-30", "reportedCurrency": "USD", "grossProfit": "710000000", "totalRevenue": "1557000000", "costOfRevenue": "847000000", "costofGoodsAndServicesSold": "847000000", "operatingIncome": "292000000", "sellingGeneralAndAdministrative": "221000000", "researchAndDevelopment": "39000000", "operatingExpenses": "411000000", "investmentIncomeNet": "None", "netInterestIncome": "None", "interestIncome": "None", "interestExpense": "23000000", "nonInterestIncome": "None", "otherNonOperatingIncome": "None", "depreciation": "None", "depreciationAndAmortization": "43000000", "incomeBeforeTax": "289000000", "incomeTaxExpense": "100000000", "interestAndDebtExpense": "None", "netIncomeFromContinuingOperations": "189000000", "comprehensiveIncomeNetOfTax": "None", "ebit": "312000000", "ebitda": "355000000", "netIncome": "191000000"}, {"fiscalDateEnding": "2015-03-31", "reportedCurrency": "USD", "grossProfit": "605000000", "totalRevenue": "1401000000", "costOfRevenue": "796000000", "costofGoodsAndServicesSold": "796000000", "operatingIncome": "241000000", "sellingGeneralAndAdministrative": "206000000", "researchAndDevelopment": "34000000", "operatingExpenses": "364000000", "investmentIncomeNet": "None", "netInterestIncome": "None", "interestIncome": "None", "interestExpense": "25000000", "nonInterestIncome": "None", "otherNonOperatingIncome": "None", "depreciation": "None", "depreciationAndAmortization": "41000000", "incomeBeforeTax": "217000000", "incomeTaxExpense": "73000000", "interestAndDebtExpense": "None", "netIncomeFromContinuingOperations": "144000000", "comprehensiveIncomeNetOfTax": "None", "ebit": "242000000", "ebitda": "283000000", "netIncome": "174000000"}, {"fiscalDateEnding": "2014-12-31", "reportedCurrency": "USD", "grossProfit": "572000000", "totalRevenue": "1345000000", "costOfRevenue": "773000000", "costofGoodsAndServicesSold": "773000000", "operatingIncome": "221000000", "sellingGeneralAndAdministrative": "191000000", "researchAndDevelopment": "33000000", "operatingExpenses": "351000000", "investmentIncomeNet": "None", "netInterestIncome": "None", "interestIncome": "None", "interestExpense": "26000000", "nonInterestIncome": "None", "otherNonOperatingIncome": "None", "depreciation": "None", "depreciationAndAmortization": "42000000", "incomeBeforeTax": "197000000", "incomeTaxExpense": "69000000", "interestAndDebtExpense": "None", "netIncomeFromContinuingOperations": "128000000", "comprehensiveIncomeNetOfTax": "None", "ebit": "223000000", "ebitda": "265000000", "netIncome": "125000000"}, {"fiscalDateEnding": "2014-09-30", "reportedCurrency": "USD", "grossProfit": "578000000", "totalRevenue": "1352000000", "costOfRevenue": "774000000", "costofGoodsAndServicesSold": "774000000", "operatingIncome": "247000000", "sellingGeneralAndAdministrative": "180000000", "researchAndDevelopment": "30000000", "operatingExpenses": "331000000", "investmentIncomeNet": "None", "netInterestIncome": "None", "interestIncome": "None", "interestExpense": "26000000", "nonInterestIncome": "None", "otherNonOperatingIncome": "None", "depreciation": "None", "depreciationAndAmortization": "43000000", "incomeBeforeTax": "218000000", "incomeTaxExpense": "73000000", "interestAndDebtExpense": "None", "netIncomeFromContinuingOperations": "145000000", "comprehensiveIncomeNetOfTax": "None", "ebit": "244000000", "ebitda": "287000000", "netIncome": "90000000"}, {"fiscalDateEnding": "2014-06-30", "reportedCurrency": "USD", "grossProfit": "639000000", "totalRevenue": "1511000000", "costOfRevenue": "872000000", "costofGoodsAndServicesSold": "872000000", "operatingIncome": "271000000", "sellingGeneralAndAdministrative": "185000000", "researchAndDevelopment": "35000000", "operatingExpenses": "361000000", "investmentIncomeNet": "None", "netInterestIncome": "None", "interestIncome": "None", "interestExpense": "26000000", "nonInterestIncome": "None", "otherNonOperatingIncome": "None", "depreciation": "None", "depreciationAndAmortization": "47000000", "incomeBeforeTax": "258000000", "incomeTaxExpense": "88000000", "interestAndDebtExpense": "None", "netIncomeFromContinuingOperations": "170000000", "comprehensiveIncomeNetOfTax": "None", "ebit": "284000000", "ebitda": "331000000", "netIncome": "170000000"}, {"fiscalDateEnding": "2014-03-31", "reportedCurrency": "USD", "grossProfit": "579000000", "totalRevenue": "1386000000", "costOfRevenue": "807000000", "costofGoodsAndServicesSold": "807000000", "operatingIncome": "249000000", "sellingGeneralAndAdministrative": "182000000", "researchAndDevelopment": "28000000", "operatingExpenses": "330000000", "investmentIncomeNet": "None", "netInterestIncome": "None", "interestIncome": "None", "interestExpense": "25000000", "nonInterestIncome": "None", "otherNonOperatingIncome": "None", "depreciation": "None", "depreciationAndAmortization": "44000000", "incomeBeforeTax": "214000000", "incomeTaxExpense": "75000000", "interestAndDebtExpense": "None", "netIncomeFromContinuingOperations": "139000000", "comprehensiveIncomeNetOfTax": "None", "ebit": "250000000", "ebitda": "294000000", "netIncome": "137000000"}, {"fiscalDateEnding": "2013-12-31", "reportedCurrency": "USD", "grossProfit": "557000000", "totalRevenue": "1330000000", "costOfRevenue": "773000000", "costofGoodsAndServicesSold": "773000000", "operatingIncome": "203000000", "sellingGeneralAndAdministrative": "200000000", "researchAndDevelopment": "31000000", "operatingExpenses": "354000000", "investmentIncomeNet": "None", "netInterestIncome": "None", "interestIncome": "None", "interestExpense": "26000000", "nonInterestIncome": "None", "otherNonOperatingIncome": "None", "depreciation": "None", "depreciationAndAmortization": "45000000", "incomeBeforeTax": "181000000", "incomeTaxExpense": "65000000", "interestAndDebtExpense": "None", "netIncomeFromContinuingOperations": "116000000", "comprehensiveIncomeNetOfTax": "None", "ebit": "210000000", "ebitda": "255000000", "netIncome": "115000000"}, {"fiscalDateEnding": "2013-09-30", "reportedCurrency": "USD", "grossProfit": "585000000", "totalRevenue": "1364000000", "costOfRevenue": "779000000", "costofGoodsAndServicesSold": "779000000", "operatingIncome": "236000000", "sellingGeneralAndAdministrative": "198000000", "researchAndDevelopment": "31000000", "operatingExpenses": "349000000", "investmentIncomeNet": "None", "netInterestIncome": "None", "interestIncome": "None", "interestExpense": "26000000", "nonInterestIncome": "None", "otherNonOperatingIncome": "None", "depreciation": "None", "depreciationAndAmortization": "44000000", "incomeBeforeTax": "208000000", "incomeTaxExpense": "71000000", "interestAndDebtExpense": "None", "netIncomeFromContinuingOperations": "137000000", "comprehensiveIncomeNetOfTax": "None", "ebit": "190000000", "ebitda": "234000000", "netIncome": "136000000"}, {"fiscalDateEnding": "2013-06-30", "reportedCurrency": "USD", "grossProfit": "680000000", "totalRevenue": "1547000000", "costOfRevenue": "867000000", "costofGoodsAndServicesSold": "867000000", "operatingIncome": "297000000", "sellingGeneralAndAdministrative": "212000000", "researchAndDevelopment": "35000000", "operatingExpenses": "377000000", "investmentIncomeNet": "None", "netInterestIncome": "None", "interestIncome": "None", "interestExpense": "26000000", "nonInterestIncome": "None", "otherNonOperatingIncome": "None", "depreciation": "None", "depreciationAndAmortization": "46000000", "incomeBeforeTax": "269000000", "incomeTaxExpense": "85000000", "interestAndDebtExpense": "None", "netIncomeFromContinuingOperations": "55000000", "comprehensiveIncomeNetOfTax": "None", "ebit": "295000000", "ebitda": "341000000", "netIncome": "183000000"}, {"fiscalDateEnding": "2013-03-31", "reportedCurrency": "USD", "grossProfit": "595000000", "totalRevenue": "1413000000", "costOfRevenue": "818000000", "costofGoodsAndServicesSold": "818000000", "operatingIncome": "233000000", "sellingGeneralAndAdministrative": "196000000", "researchAndDevelopment": "34000000", "operatingExpenses": "362000000", "investmentIncomeNet": "None", "netInterestIncome": "None", "interestIncome": "None", "interestExpense": "30000000", "nonInterestIncome": "None", "otherNonOperatingIncome": "None", "depreciation": "None", "depreciationAndAmortization": "46000000", "incomeBeforeTax": "202000000", "incomeTaxExpense": "68000000", "interestAndDebtExpense": "None", "netIncomeFromContinuingOperations": "202000000", "comprehensiveIncomeNetOfTax": "None", "ebit": "232000000", "ebitda": "278000000", "netIncome": "133000000"}, {"fiscalDateEnding": "2012-12-31", "reportedCurrency": "USD", "grossProfit": "563000000", "totalRevenue": "1325000000", "costOfRevenue": "762000000", "costofGoodsAndServicesSold": "762000000", "operatingIncome": "212000000", "sellingGeneralAndAdministrative": "204000000", "researchAndDevelopment": "31000000", "operatingExpenses": "351000000", "investmentIncomeNet": "None", "netInterestIncome": "None", "interestIncome": "None", "interestExpense": "33000000", "nonInterestIncome": "None", "otherNonOperatingIncome": "None", "depreciation": "None", "depreciationAndAmortization": "46000000", "incomeBeforeTax": "188000000", "incomeTaxExpense": "65000000", "interestAndDebtExpense": "None", "netIncomeFromContinuingOperations": "123000000", "comprehensiveIncomeNetOfTax": "None", "ebit": "221000000", "ebitda": "267000000", "netIncome": "123000000"}, {"fiscalDateEnding": "2012-09-30", "reportedCurrency": "USD", "grossProfit": "574000000", "totalRevenue": "1338000000", "costOfRevenue": "764000000", "costofGoodsAndServicesSold": "764000000", "operatingIncome": "227000000", "sellingGeneralAndAdministrative": "195000000", "researchAndDevelopment": "30000000", "operatingExpenses": "347000000", "investmentIncomeNet": "None", "netInterestIncome": "None", "interestIncome": "None", "interestExpense": "33000000", "nonInterestIncome": "None", "otherNonOperatingIncome": "None", "depreciation": "None", "depreciationAndAmortization": "44000000", "incomeBeforeTax": "194000000", "incomeTaxExpense": "61000000", "interestAndDebtExpense": "None", "netIncomeFromContinuingOperations": "194000000", "comprehensiveIncomeNetOfTax": "None", "ebit": "225000000", "ebitda": "269000000", "netIncome": "133000000"}, {"fiscalDateEnding": "2012-06-30", "reportedCurrency": "USD", "grossProfit": "658000000", "totalRevenue": "1541000000", "costOfRevenue": "883000000", "costofGoodsAndServicesSold": "883000000", "operatingIncome": "288000000", "sellingGeneralAndAdministrative": "213000000", "researchAndDevelopment": "34000000", "operatingExpenses": "370000000", "investmentIncomeNet": "None", "netInterestIncome": "None", "interestIncome": "None", "interestExpense": "33000000", "nonInterestIncome": "None", "otherNonOperatingIncome": "None", "depreciation": "None", "depreciationAndAmortization": "45000000", "incomeBeforeTax": "251000000", "incomeTaxExpense": "77000000", "interestAndDebtExpense": "None", "netIncomeFromContinuingOperations": "251000000", "comprehensiveIncomeNetOfTax": "None", "ebit": "284000000", "ebitda": "329000000", "netIncome": "174000000"}, {"fiscalDateEnding": "2012-03-31", "reportedCurrency": "USD", "grossProfit": "593000000", "totalRevenue": "1401000000", "costOfRevenue": "808000000", "costofGoodsAndServicesSold": "808000000", "operatingIncome": "226000000", "sellingGeneralAndAdministrative": "211000000", "researchAndDevelopment": "30000000", "operatingExpenses": "367000000", "investmentIncomeNet": "None", "netInterestIncome": "None", "interestIncome": "None", "interestExpense": "33000000", "nonInterestIncome": "None", "otherNonOperatingIncome": "None", "depreciation": "None", "depreciationAndAmortization": "44000000", "incomeBeforeTax": "198000000", "incomeTaxExpense": "64000000", "interestAndDebtExpense": "None", "netIncomeFromContinuingOperations": "198000000", "comprehensiveIncomeNetOfTax": "None", "ebit": "182000000", "ebitda": "226000000", "netIncome": "132000000"}, {"fiscalDateEnding": "2011-12-31", "reportedCurrency": "USD", "grossProfit": "507000000", "totalRevenue": "1221000000", "costOfRevenue": "714000000", "costofGoodsAndServicesSold": "714000000", "operatingIncome": "179000000", "sellingGeneralAndAdministrative": "184000000", "researchAndDevelopment": "29000000", "operatingExpenses": "328000000", "investmentIncomeNet": "None", "netInterestIncome": "None", "interestIncome": "None", "interestExpense": "30000000", "nonInterestIncome": "None", "otherNonOperatingIncome": "None", "depreciation": "None", "depreciationAndAmortization": "43000000", "incomeBeforeTax": "155000000", "incomeTaxExpense": "50000000", "interestAndDebtExpense": "None", "netIncomeFromContinuingOperations": "155000000", "comprehensiveIncomeNetOfTax": "None", "ebit": "148000000", "ebitda": "191000000", "netIncome": "105000000"}, {"fiscalDateEnding": "2011-09-30", "reportedCurrency": "USD", "grossProfit": "546000000", "totalRevenue": "1305000000", "costOfRevenue": "759000000", "costofGoodsAndServicesSold": "759000000", "operatingIncome": "210000000", "sellingGeneralAndAdministrative": "190000000", "researchAndDevelopment": "28000000", "operatingExpenses": "336000000", "investmentIncomeNet": "None", "netInterestIncome": "None", "interestIncome": "None", "interestExpense": "29000000", "nonInterestIncome": "None", "otherNonOperatingIncome": "None", "depreciation": "None", "depreciationAndAmortization": "46000000", "incomeBeforeTax": "187000000", "incomeTaxExpense": "57000000", "interestAndDebtExpense": "None", "netIncomeFromContinuingOperations": "187000000", "comprehensiveIncomeNetOfTax": "None", "ebit": "164000000", "ebitda": "210000000", "netIncome": "130000000"}, {"fiscalDateEnding": "2011-06-30", "reportedCurrency": "USD", "grossProfit": "645000000", "totalRevenue": "1482000000", "costOfRevenue": "837000000", "costofGoodsAndServicesSold": "837000000", "operatingIncome": "282000000", "sellingGeneralAndAdministrative": "192000000", "researchAndDevelopment": "29000000", "operatingExpenses": "363000000", "investmentIncomeNet": "None", "netInterestIncome": "None", "interestIncome": "None", "interestExpense": "29000000", "nonInterestIncome": "None", "otherNonOperatingIncome": "60000000", "depreciation": "None", "depreciationAndAmortization": "43000000", "incomeBeforeTax": "254000000", "incomeTaxExpense": "85000000", "interestAndDebtExpense": "None", "netIncomeFromContinuingOperations": "314000000", "comprehensiveIncomeNetOfTax": "None", "ebit": "283000000", "ebitda": "326000000", "netIncome": "169000000"}, {"fiscalDateEnding": "2011-03-31", "reportedCurrency": "USD", "grossProfit": "575000000", "totalRevenue": "1304000000", "costOfRevenue": "729000000", "costofGoodsAndServicesSold": "729000000", "operatingIncome": "239000000", "sellingGeneralAndAdministrative": "182000000", "researchAndDevelopment": "29000000", "operatingExpenses": "336000000", "investmentIncomeNet": "None", "netInterestIncome": "None", "interestIncome": "None", "interestExpense": "29000000", "nonInterestIncome": "None", "otherNonOperatingIncome": "10000000", "depreciation": "None", "depreciationAndAmortization": "42000000", "incomeBeforeTax": "219000000", "incomeTaxExpense": "78000000", "interestAndDebtExpense": "None", "netIncomeFromContinuingOperations": "229000000", "comprehensiveIncomeNetOfTax": "None", "ebit": "197000000", "ebitda": "239000000", "netIncome": "151000000"}, {"fiscalDateEnding": "2010-12-31", "reportedCurrency": "USD", "grossProfit": "492000000", "totalRevenue": "1179000000", "costOfRevenue": "687000000", "costofGoodsAndServicesSold": "687000000", "operatingIncome": "167000000", "sellingGeneralAndAdministrative": "180000000", "researchAndDevelopment": "28000000", "operatingExpenses": "325000000", "investmentIncomeNet": "None", "netInterestIncome": "None", "interestIncome": "None", "interestExpense": "33000000", "nonInterestIncome": "None", "otherNonOperatingIncome": "177000000", "depreciation": "None", "depreciationAndAmortization": "43000000", "incomeBeforeTax": "-112000000", "incomeTaxExpense": "51000000", "interestAndDebtExpense": "None", "netIncomeFromContinuingOperations": "65000000", "comprehensiveIncomeNetOfTax": "None", "ebit": "-79000000", "ebitda": "-36000000", "netIncome": "21000000"}, {"fiscalDateEnding": "2010-09-30", "reportedCurrency": "USD", "grossProfit": "561000000", "totalRevenue": "1266000000", "costOfRevenue": "705000000", "costofGoodsAndServicesSold": "705000000", "operatingIncome": "233000000", "sellingGeneralAndAdministrative": "181000000", "researchAndDevelopment": "29000000", "operatingExpenses": "327000000", "investmentIncomeNet": "None", "netInterestIncome": "None", "interestIncome": "None", "interestExpense": "32000000", "nonInterestIncome": "None", "otherNonOperatingIncome": "None", "depreciation": "None", "depreciationAndAmortization": "45000000", "incomeBeforeTax": "202000000", "incomeTaxExpense": "62000000", "interestAndDebtExpense": "None", "netIncomeFromContinuingOperations": "202000000", "comprehensiveIncomeNetOfTax": "None", "ebit": "189000000", "ebitda": "234000000", "netIncome": "216000000"}, {"fiscalDateEnding": "2010-06-30", "reportedCurrency": "USD", "grossProfit": "680000000", "totalRevenue": "1517000000", "costOfRevenue": "837000000", "costofGoodsAndServicesSold": "837000000", "operatingIncome": "307000000", "sellingGeneralAndAdministrative": "203000000", "researchAndDevelopment": "33000000", "operatingExpenses": "373000000", "investmentIncomeNet": "None", "netInterestIncome": "None", "interestIncome": "None", "interestExpense": "32000000", "nonInterestIncome": "None", "otherNonOperatingIncome": "None", "depreciation": "None", "depreciationAndAmortization": "46000000", "incomeBeforeTax": "275000000", "incomeTaxExpense": "104000000", "interestAndDebtExpense": "None", "netIncomeFromContinuingOperations": "171000000", "comprehensiveIncomeNetOfTax": "None", "ebit": "307000000", "ebitda": "353000000", "netIncome": "171000000"}, {"fiscalDateEnding": "2010-03-31", "reportedCurrency": "USD", "grossProfit": "617000000", "totalRevenue": "1366000000", "costOfRevenue": "749000000", "costofGoodsAndServicesSold": "749000000", "operatingIncome": "278000000", "sellingGeneralAndAdministrative": "182000000", "researchAndDevelopment": "30000000", "operatingExpenses": "339000000", "investmentIncomeNet": "None", "netInterestIncome": "None", "interestIncome": "None", "interestExpense": "34000000", "nonInterestIncome": "None", "otherNonOperatingIncome": "None", "depreciation": "None", "depreciationAndAmortization": "44000000", "incomeBeforeTax": "243000000", "incomeTaxExpense": "78000000", "interestAndDebtExpense": "None", "netIncomeFromContinuingOperations": "165000000", "comprehensiveIncomeNetOfTax": "None", "ebit": "243000000", "ebitda": "287000000", "netIncome": "165000000"}, {"fiscalDateEnding": "2009-12-31", "reportedCurrency": "USD", "grossProfit": "561000000", "totalRevenue": "1279000000", "costOfRevenue": "718000000", "costofGoodsAndServicesSold": "718000000", "operatingIncome": "218000000", "sellingGeneralAndAdministrative": "187000000", "researchAndDevelopment": "29000000", "operatingExpenses": "343000000", "investmentIncomeNet": "None", "netInterestIncome": "None", "interestIncome": "None", "interestExpense": "37000000", "nonInterestIncome": "None", "otherNonOperatingIncome": "None", "depreciation": "None", "depreciationAndAmortization": "47000000", "incomeBeforeTax": "163000000", "incomeTaxExpense": "53000000", "interestAndDebtExpense": "None", "netIncomeFromContinuingOperations": "110000000", "comprehensiveIncomeNetOfTax": "None", "ebit": "173000000", "ebitda": "220000000", "netIncome": "110000000"}, {"fiscalDateEnding": "2009-09-30", "reportedCurrency": "USD", "grossProfit": "619000000", "totalRevenue": "1372000000", "costOfRevenue": "753000000", "costofGoodsAndServicesSold": "753000000", "operatingIncome": "290000000", "sellingGeneralAndAdministrative": "175000000", "researchAndDevelopment": "27000000", "operatingExpenses": "337000000", "investmentIncomeNet": "None", "netInterestIncome": "None", "interestIncome": "None", "interestExpense": "36000000", "nonInterestIncome": "None", "otherNonOperatingIncome": "None", "depreciation": "None", "depreciationAndAmortization": "48000000", "incomeBeforeTax": "244000000", "incomeTaxExpense": "87000000", "interestAndDebtExpense": "None", "netIncomeFromContinuingOperations": "157000000", "comprehensiveIncomeNetOfTax": "None", "ebit": "253000000", "ebitda": "301000000", "netIncome": "157000000"}, {"fiscalDateEnding": "2009-06-30", "reportedCurrency": "USD", "grossProfit": "687000000", "totalRevenue": "1500000000", "costOfRevenue": "813000000", "costofGoodsAndServicesSold": "813000000", "operatingIncome": "321000000", "sellingGeneralAndAdministrative": "185000000", "researchAndDevelopment": "33000000", "operatingExpenses": "366000000", "investmentIncomeNet": "None", "netInterestIncome": "None", "interestIncome": "None", "interestExpense": "36000000", "nonInterestIncome": "None", "otherNonOperatingIncome": "None", "depreciation": "None", "depreciationAndAmortization": "48000000", "incomeBeforeTax": "261000000", "incomeTaxExpense": "91000000", "interestAndDebtExpense": "None", "netIncomeFromContinuingOperations": "0", "comprehensiveIncomeNetOfTax": "None", "ebit": "333000000", "ebitda": "381000000", "netIncome": "170000000"}, {"fiscalDateEnding": "2009-03-31", "reportedCurrency": "USD", "grossProfit": "611000000", "totalRevenue": "1350000000", "costOfRevenue": "739000000", "costofGoodsAndServicesSold": "739000000", "operatingIncome": "285000000", "sellingGeneralAndAdministrative": "174000000", "researchAndDevelopment": "27000000", "operatingExpenses": "326000000", "investmentIncomeNet": "None", "netInterestIncome": "None", "interestIncome": "None", "interestExpense": "39000000", "nonInterestIncome": "None", "otherNonOperatingIncome": "None", "depreciation": "None", "depreciationAndAmortization": "49000000", "incomeBeforeTax": "233000000", "incomeTaxExpense": "80000000", "interestAndDebtExpense": "None", "netIncomeFromContinuingOperations": "0", "comprehensiveIncomeNetOfTax": "None", "ebit": "272000000", "ebitda": "321000000", "netIncome": "153000000"}, {"fiscalDateEnding": "2008-12-31", "reportedCurrency": "USD", "grossProfit": "486000000", "totalRevenue": "1216000000", "costOfRevenue": "730000000", "costofGoodsAndServicesSold": "730000000", "operatingIncome": "180000000", "sellingGeneralAndAdministrative": "172000000", "researchAndDevelopment": "27000000", "operatingExpenses": "306000000", "investmentIncomeNet": "None", "netInterestIncome": "None", "interestIncome": "None", "interestExpense": "46000000", "nonInterestIncome": "None", "otherNonOperatingIncome": "None", "depreciation": "None", "depreciationAndAmortization": "46000000", "incomeBeforeTax": "131000000", "incomeTaxExpense": "45000000", "interestAndDebtExpense": "None", "netIncomeFromContinuingOperations": "0", "comprehensiveIncomeNetOfTax": "None", "ebit": "185000000", "ebitda": "231000000", "netIncome": "86000000"}, {"fiscalDateEnding": "2008-09-30", "reportedCurrency": "USD", "grossProfit": "562000000", "totalRevenue": "1384000000", "costOfRevenue": "822000000", "costofGoodsAndServicesSold": "822000000", "operatingIncome": "232000000", "sellingGeneralAndAdministrative": "184000000", "researchAndDevelopment": "27000000", "operatingExpenses": "330000000", "investmentIncomeNet": "None", "netInterestIncome": "None", "interestIncome": "None", "interestExpense": "42000000", "nonInterestIncome": "None", "otherNonOperatingIncome": "None", "depreciation": "None", "depreciationAndAmortization": "47000000", "incomeBeforeTax": "186000000", "incomeTaxExpense": "58000000", "interestAndDebtExpense": "None", "netIncomeFromContinuingOperations": "0", "comprehensiveIncomeNetOfTax": "None", "ebit": "236000000", "ebitda": "283000000", "netIncome": "128000000"}, {"fiscalDateEnding": "2008-06-30", "reportedCurrency": "USD", "grossProfit": "630000000", "totalRevenue": "1495000000", "costOfRevenue": "865000000", "costofGoodsAndServicesSold": "865000000", "operatingIncome": "276000000", "sellingGeneralAndAdministrative": "185000000", "researchAndDevelopment": "33000000", "operatingExpenses": "354000000", "investmentIncomeNet": "None", "netInterestIncome": "None", "interestIncome": "None", "interestExpense": "43000000", "nonInterestIncome": "None", "otherNonOperatingIncome": "None", "depreciation": "None", "depreciationAndAmortization": "51000000", "incomeBeforeTax": "240000000", "incomeTaxExpense": "82000000", "interestAndDebtExpense": "None", "netIncomeFromContinuingOperations": "0", "comprehensiveIncomeNetOfTax": "None", "ebit": "276000000", "ebitda": "327000000", "netIncome": "158000000"}, {"fiscalDateEnding": "2008-03-31", "reportedCurrency": "USD", "grossProfit": "538000000", "totalRevenue": "1353000000", "costOfRevenue": "815000000", "costofGoodsAndServicesSold": "815000000", "operatingIncome": "206000000", "sellingGeneralAndAdministrative": "182000000", "researchAndDevelopment": "27000000", "operatingExpenses": "332000000", "investmentIncomeNet": "None", "netInterestIncome": "None", "interestIncome": "None", "interestExpense": "46000000", "nonInterestIncome": "None", "otherNonOperatingIncome": "None", "depreciation": "None", "depreciationAndAmortization": "56000000", "incomeBeforeTax": "151000000", "incomeTaxExpense": "51000000", "interestAndDebtExpense": "None", "netIncomeFromContinuingOperations": "0", "comprehensiveIncomeNetOfTax": "None", "ebit": "206000000", "ebitda": "262000000", "netIncome": "100000000"}, {"fiscalDateEnding": "2007-12-31", "reportedCurrency": "USD", "grossProfit": "479000000", "totalRevenue": "1186000000", "costOfRevenue": "707000000", "costofGoodsAndServicesSold": "707000000", "operatingIncome": "174000000", "sellingGeneralAndAdministrative": "168000000", "researchAndDevelopment": "28000000", "operatingExpenses": "305000000", "investmentIncomeNet": "None", "netInterestIncome": "None", "interestIncome": "None", "interestExpense": "46000000", "nonInterestIncome": "None", "otherNonOperatingIncome": "None", "depreciation": "None", "depreciationAndAmortization": "50000000", "incomeBeforeTax": "128000000", "incomeTaxExpense": "36000000", "interestAndDebtExpense": "None", "netIncomeFromContinuingOperations": "0", "comprehensiveIncomeNetOfTax": "None", "ebit": "174000000", "ebitda": "224000000", "netIncome": "92000000"}, {"fiscalDateEnding": "2007-09-30", "reportedCurrency": "USD", "grossProfit": "528000000", "totalRevenue": "1239000000", "costOfRevenue": "711000000", "costofGoodsAndServicesSold": "711000000", "operatingIncome": "232000000", "sellingGeneralAndAdministrative": "155000000", "researchAndDevelopment": "23000000", "operatingExpenses": "296000000", "investmentIncomeNet": "None", "netInterestIncome": "None", "interestIncome": "None", "interestExpense": "33000000", "nonInterestIncome": "None", "otherNonOperatingIncome": "None", "depreciation": "None", "depreciationAndAmortization": "48000000", "incomeBeforeTax": "174000000", "incomeTaxExpense": "63000000", "interestAndDebtExpense": "None", "netIncomeFromContinuingOperations": "0", "comprehensiveIncomeNetOfTax": "None", "ebit": "232000000", "ebitda": "280000000", "netIncome": "111000000"}, {"fiscalDateEnding": "2007-06-30", "reportedCurrency": "USD", "grossProfit": "594000000", "totalRevenue": "1344000000", "costOfRevenue": "750000000", "costofGoodsAndServicesSold": "750000000", "operatingIncome": "273000000", "sellingGeneralAndAdministrative": "165000000", "researchAndDevelopment": "29000000", "operatingExpenses": "321000000", "investmentIncomeNet": "None", "netInterestIncome": "None", "interestIncome": "None", "interestExpense": "27000000", "nonInterestIncome": "None", "otherNonOperatingIncome": "None", "depreciation": "None", "depreciationAndAmortization": "49000000", "incomeBeforeTax": "239000000", "incomeTaxExpense": "75000000", "interestAndDebtExpense": "None", "netIncomeFromContinuingOperations": "0", "comprehensiveIncomeNetOfTax": "None", "ebit": "273000000", "ebitda": "322000000", "netIncome": "164000000"}, {"fiscalDateEnding": "2007-03-31", "reportedCurrency": "USD", "grossProfit": "537000000", "totalRevenue": "1241000000", "costOfRevenue": "704000000", "costofGoodsAndServicesSold": "704000000", "operatingIncome": "228000000", "sellingGeneralAndAdministrative": "162000000", "researchAndDevelopment": "26000000", "operatingExpenses": "309000000", "investmentIncomeNet": "None", "netInterestIncome": "None", "interestIncome": "None", "interestExpense": "28000000", "nonInterestIncome": "None", "otherNonOperatingIncome": "None", "depreciation": "None", "depreciationAndAmortization": "48000000", "incomeBeforeTax": "193000000", "incomeTaxExpense": "64000000", "interestAndDebtExpense": "None", "netIncomeFromContinuingOperations": "0", "comprehensiveIncomeNetOfTax": "None", "ebit": "228000000", "ebitda": "276000000", "netIncome": "129000000"}, {"fiscalDateEnding": "2006-12-31", "reportedCurrency": "USD", "grossProfit": "462000000", "totalRevenue": "1101000000", "costOfRevenue": "639000000", "costofGoodsAndServicesSold": "639000000", "operatingIncome": "164000000", "sellingGeneralAndAdministrative": "162000000", "researchAndDevelopment": "27000000", "operatingExpenses": "298000000", "investmentIncomeNet": "None", "netInterestIncome": "None", "interestIncome": "None", "interestExpense": "29000000", "nonInterestIncome": "None", "otherNonOperatingIncome": "None", "depreciation": "None", "depreciationAndAmortization": "49000000", "incomeBeforeTax": "136000000", "incomeTaxExpense": "45000000", "interestAndDebtExpense": "None", "netIncomeFromContinuingOperations": "0", "comprehensiveIncomeNetOfTax": "None", "ebit": "164000000", "ebitda": "213000000", "netIncome": "96000000"}, {"fiscalDateEnding": "2006-09-30", "reportedCurrency": "USD", "grossProfit": "498000000", "totalRevenue": "1161000000", "costOfRevenue": "663000000", "costofGoodsAndServicesSold": "663000000", "operatingIncome": "202000000", "sellingGeneralAndAdministrative": "153000000", "researchAndDevelopment": "26000000", "operatingExpenses": "296000000", "investmentIncomeNet": "None", "netInterestIncome": "None", "interestIncome": "None", "interestExpense": "29000000", "nonInterestIncome": "None", "otherNonOperatingIncome": "None", "depreciation": "None", "depreciationAndAmortization": "46000000", "incomeBeforeTax": "175000000", "incomeTaxExpense": "63000000", "interestAndDebtExpense": "None", "netIncomeFromContinuingOperations": "0", "comprehensiveIncomeNetOfTax": "None", "ebit": "202000000", "ebitda": "248000000", "netIncome": "112000000"}, {"fiscalDateEnding": "2006-06-30", "reportedCurrency": "USD", "grossProfit": "577000000", "totalRevenue": "1319000000", "costOfRevenue": "742000000", "costofGoodsAndServicesSold": "742000000", "operatingIncome": "239000000", "sellingGeneralAndAdministrative": "186000000", "researchAndDevelopment": "26000000", "operatingExpenses": "338000000", "investmentIncomeNet": "None", "netInterestIncome": "None", "interestIncome": "None", "interestExpense": "32000000", "nonInterestIncome": "None", "otherNonOperatingIncome": "None", "depreciation": "None", "depreciationAndAmortization": "50000000", "incomeBeforeTax": "211000000", "incomeTaxExpense": "69000000", "interestAndDebtExpense": "None", "netIncomeFromContinuingOperations": "0", "comprehensiveIncomeNetOfTax": "None", "ebit": "239000000", "ebitda": "289000000", "netIncome": "142000000"}, {"fiscalDateEnding": "2006-03-31", "reportedCurrency": "USD", "grossProfit": "480000000", "totalRevenue": "1157000000", "costOfRevenue": "677000000", "costofGoodsAndServicesSold": "677000000", "operatingIncome": "203000000", "sellingGeneralAndAdministrative": "140000000", "researchAndDevelopment": "25000000", "operatingExpenses": "277000000", "investmentIncomeNet": "None", "netInterestIncome": "None", "interestIncome": "None", "interestExpense": "33000000", "nonInterestIncome": "None", "otherNonOperatingIncome": "None", "depreciation": "None", "depreciationAndAmortization": "46000000", "incomeBeforeTax": "168000000", "incomeTaxExpense": "58000000", "interestAndDebtExpense": "None", "netIncomeFromContinuingOperations": "0", "comprehensiveIncomeNetOfTax": "None", "ebit": "203000000", "ebitda": "249000000", "netIncome": "110000000"}, {"fiscalDateEnding": "2005-12-31", "reportedCurrency": "USD", "grossProfit": "436000000", "totalRevenue": "1064000000", "costOfRevenue": "628000000", "costofGoodsAndServicesSold": "628000000", "operatingIncome": "120000000", "sellingGeneralAndAdministrative": "161000000", "researchAndDevelopment": "25000000", "operatingExpenses": "316000000", "investmentIncomeNet": "None", "netInterestIncome": "None", "interestIncome": "None", "interestExpense": "32000000", "nonInterestIncome": "None", "otherNonOperatingIncome": "None", "depreciation": "None", "depreciationAndAmortization": "38000000", "incomeBeforeTax": "120000000", "incomeTaxExpense": "37000000", "interestAndDebtExpense": "None", "netIncomeFromContinuingOperations": "0", "comprehensiveIncomeNetOfTax": "None", "ebit": "120000000", "ebitda": "158000000", "netIncome": "83000000"}, {"fiscalDateEnding": "2005-09-30", "reportedCurrency": "USD", "grossProfit": "466000000", "totalRevenue": "1104000000", "costOfRevenue": "638000000", "costofGoodsAndServicesSold": "638000000", "operatingIncome": "186000000", "sellingGeneralAndAdministrative": "144000000", "researchAndDevelopment": "23000000", "operatingExpenses": "280000000", "investmentIncomeNet": "None", "netInterestIncome": "None", "interestIncome": "None", "interestExpense": "30000000", "nonInterestIncome": "None", "otherNonOperatingIncome": "None", "depreciation": "None", "depreciationAndAmortization": "54000000", "incomeBeforeTax": "154000000", "incomeTaxExpense": "46000000", "interestAndDebtExpense": "None", "netIncomeFromContinuingOperations": "0", "comprehensiveIncomeNetOfTax": "None", "ebit": "186000000", "ebitda": "240000000", "netIncome": "109000000"}, {"fiscalDateEnding": "2005-06-30", "reportedCurrency": "USD", "grossProfit": "553000000", "totalRevenue": "1254000000", "costOfRevenue": "701000000", "costofGoodsAndServicesSold": "701000000", "operatingIncome": "245000000", "sellingGeneralAndAdministrative": "148000000", "researchAndDevelopment": "24000000", "operatingExpenses": "308000000", "investmentIncomeNet": "None", "netInterestIncome": "None", "interestIncome": "None", "interestExpense": "27000000", "nonInterestIncome": "None", "otherNonOperatingIncome": "None", "depreciation": "None", "depreciationAndAmortization": "48000000", "incomeBeforeTax": "231000000", "incomeTaxExpense": "77000000", "interestAndDebtExpense": "None", "netIncomeFromContinuingOperations": "0", "comprehensiveIncomeNetOfTax": "None", "ebit": "245000000", "ebitda": "293000000", "netIncome": "156000000"}, {"fiscalDateEnding": "2005-03-31", "reportedCurrency": "USD", "grossProfit": "454000000", "totalRevenue": "1086000000", "costOfRevenue": "632000000", "costofGoodsAndServicesSold": "632000000", "operatingIncome": "187000000", "sellingGeneralAndAdministrative": "139000000", "researchAndDevelopment": "22000000", "operatingExpenses": "267000000", "investmentIncomeNet": "None", "netInterestIncome": "None", "interestIncome": "None", "interestExpense": "27000000", "nonInterestIncome": "None", "otherNonOperatingIncome": "None", "depreciation": "None", "depreciationAndAmortization": "48000000", "incomeBeforeTax": "137000000", "incomeTaxExpense": "21000000", "interestAndDebtExpense": "None", "netIncomeFromContinuingOperations": "0", "comprehensiveIncomeNetOfTax": "None", "ebit": "190000000", "ebitda": "238000000", "netIncome": "118000000"}, {"fiscalDateEnding": "2004-12-31", "reportedCurrency": "USD", "grossProfit": "431000000", "totalRevenue": "1000000000", "costOfRevenue": "569000000", "costofGoodsAndServicesSold": "569000000", "operatingIncome": "196000000", "sellingGeneralAndAdministrative": "134000000", "researchAndDevelopment": "21000000", "operatingExpenses": "235000000", "investmentIncomeNet": "None", "netInterestIncome": "None", "interestIncome": "None", "interestExpense": "17000000", "nonInterestIncome": "None", "otherNonOperatingIncome": "None", "depreciation": "None", "depreciationAndAmortization": "47000000", "incomeBeforeTax": "194000000", "incomeTaxExpense": "60000000", "interestAndDebtExpense": "None", "netIncomeFromContinuingOperations": "0", "comprehensiveIncomeNetOfTax": "None", "ebit": "194000000", "ebitda": "241000000", "netIncome": "699000000"}]}