{"symbol": "MAS", "annualReports": [{"fiscalDateEnding": "2024-12-31", "reportedCurrency": "USD", "grossProfit": "2831000000", "totalRevenue": "7828000000", "costOfRevenue": "4997000000", "costofGoodsAndServicesSold": "4997000000", "operatingIncome": "1363000000", "sellingGeneralAndAdministrative": "1468000000", "researchAndDevelopment": "None", "operatingExpenses": "1468000000", "investmentIncomeNet": "None", "netInterestIncome": "-99000000", "interestIncome": "None", "interestExpense": "99000000", "nonInterestIncome": "None", "otherNonOperatingIncome": "None", "depreciation": "None", "depreciationAndAmortization": "150000000", "incomeBeforeTax": "1161000000", "incomeTaxExpense": "287000000", "interestAndDebtExpense": "None", "netIncomeFromContinuingOperations": "874000000", "comprehensiveIncomeNetOfTax": "None", "ebit": "1260000000", "ebitda": "1410000000", "netIncome": "822000000"}, {"fiscalDateEnding": "2023-12-31", "reportedCurrency": "USD", "grossProfit": "2727000000", "totalRevenue": "8008000000", "costOfRevenue": "5281000000", "costofGoodsAndServicesSold": "5281000000", "operatingIncome": "908000000", "sellingGeneralAndAdministrative": "1427000000", "researchAndDevelopment": "None", "operatingExpenses": "6708000000", "investmentIncomeNet": "None", "netInterestIncome": "-108000000", "interestIncome": "9000000", "interestExpense": "108000000", "nonInterestIncome": "None", "otherNonOperatingIncome": "None", "depreciation": "None", "depreciationAndAmortization": "149000000", "incomeBeforeTax": "908000000", "incomeTaxExpense": "278000000", "interestAndDebtExpense": "None", "netIncomeFromContinuingOperations": "885000000", "comprehensiveIncomeNetOfTax": "None", "ebit": "908000000", "ebitda": "908000000", "netIncome": "908000000"}, {"fiscalDateEnding": "2022-12-31", "reportedCurrency": "USD", "grossProfit": "2713000000", "totalRevenue": "8680000000", "costOfRevenue": "5967000000", "costofGoodsAndServicesSold": "5967000000", "operatingIncome": "1297000000", "sellingGeneralAndAdministrative": "1390000000", "researchAndDevelopment": "None", "operatingExpenses": "1390000000", "investmentIncomeNet": "None", "netInterestIncome": "-108000000", "interestIncome": "115000000", "interestExpense": "108000000", "nonInterestIncome": "None", "otherNonOperatingIncome": "4000000", "depreciation": "None", "depreciationAndAmortization": "145000000", "incomeBeforeTax": "1193000000", "incomeTaxExpense": "288000000", "interestAndDebtExpense": "None", "netIncomeFromContinuingOperations": "905000000", "comprehensiveIncomeNetOfTax": "None", "ebit": "1345000000", "ebitda": "1490000000", "netIncome": "844000000"}, {"fiscalDateEnding": "2021-12-31", "reportedCurrency": "USD", "grossProfit": "2863000000", "totalRevenue": "8375000000", "costOfRevenue": "5512000000", "costofGoodsAndServicesSold": "5512000000", "operatingIncome": "860000000", "sellingGeneralAndAdministrative": "1413000000", "researchAndDevelopment": "None", "operatingExpenses": "1413000000", "investmentIncomeNet": "None", "netInterestIncome": "-278000000", "interestIncome": "82000000", "interestExpense": "278000000", "nonInterestIncome": "None", "otherNonOperatingIncome": "-439000000", "depreciation": "None", "depreciationAndAmortization": "151000000", "incomeBeforeTax": "688000000", "incomeTaxExpense": "210000000", "interestAndDebtExpense": "None", "netIncomeFromContinuingOperations": "478000000", "comprehensiveIncomeNetOfTax": "None", "ebit": "1034000000", "ebitda": "1185000000", "netIncome": "410000000"}, {"fiscalDateEnding": "2020-12-31", "reportedCurrency": "USD", "grossProfit": "2587000000", "totalRevenue": "7188000000", "costOfRevenue": "4601000000", "costofGoodsAndServicesSold": "4601000000", "operatingIncome": "1295000000", "sellingGeneralAndAdministrative": "1292000000", "researchAndDevelopment": "None", "operatingExpenses": "1292000000", "investmentIncomeNet": "None", "netInterestIncome": "-144000000", "interestIncome": "138000000", "interestExpense": "144000000", "nonInterestIncome": "None", "otherNonOperatingIncome": "-20000000", "depreciation": "None", "depreciationAndAmortization": "135000000", "incomeBeforeTax": "1131000000", "incomeTaxExpense": "269000000", "interestAndDebtExpense": "None", "netIncomeFromContinuingOperations": "862000000", "comprehensiveIncomeNetOfTax": "None", "ebit": "1275000000", "ebitda": "1410000000", "netIncome": "862000000"}, {"fiscalDateEnding": "2019-12-31", "reportedCurrency": "USD", "grossProfit": "2371000000", "totalRevenue": "6707000000", "costOfRevenue": "4336000000", "costofGoodsAndServicesSold": "4336000000", "operatingIncome": "1088000000", "sellingGeneralAndAdministrative": "1274000000", "researchAndDevelopment": "None", "operatingExpenses": "1274000000", "investmentIncomeNet": "None", "netInterestIncome": "-159000000", "interestIncome": "153000000", "interestExpense": "159000000", "nonInterestIncome": "None", "otherNonOperatingIncome": "-15000000", "depreciation": "None", "depreciationAndAmortization": "171000000", "incomeBeforeTax": "914000000", "incomeTaxExpense": "230000000", "interestAndDebtExpense": "None", "netIncomeFromContinuingOperations": "684000000", "comprehensiveIncomeNetOfTax": "None", "ebit": "1073000000", "ebitda": "1244000000", "netIncome": "684000000"}, {"fiscalDateEnding": "2018-12-31", "reportedCurrency": "USD", "grossProfit": "2689000000", "totalRevenue": "8359000000", "costOfRevenue": "5670000000", "costofGoodsAndServicesSold": "5670000000", "operatingIncome": "1211000000", "sellingGeneralAndAdministrative": "1478000000", "researchAndDevelopment": "0", "operatingExpenses": "1478000000", "investmentIncomeNet": "None", "netInterestIncome": "-156000000", "interestIncome": "155000000", "interestExpense": "156000000", "nonInterestIncome": "None", "otherNonOperatingIncome": "-13000000", "depreciation": "None", "depreciationAndAmortization": "177000000", "incomeBeforeTax": "1042000000", "incomeTaxExpense": "258000000", "interestAndDebtExpense": "None", "netIncomeFromContinuingOperations": "784000000", "comprehensiveIncomeNetOfTax": "None", "ebit": "1063000000", "ebitda": "1240000000", "netIncome": "734000000"}, {"fiscalDateEnding": "2017-12-31", "reportedCurrency": "USD", "grossProfit": "2611000000", "totalRevenue": "7644000000", "costOfRevenue": "5033000000", "costofGoodsAndServicesSold": "5033000000", "operatingIncome": "1169000000", "sellingGeneralAndAdministrative": "1442000000", "researchAndDevelopment": "0", "operatingExpenses": "1442000000", "investmentIncomeNet": "None", "netInterestIncome": "-278000000", "interestIncome": "271000000", "interestExpense": "278000000", "nonInterestIncome": "None", "otherNonOperatingIncome": "-6000000", "depreciation": "None", "depreciationAndAmortization": "152000000", "incomeBeforeTax": "885000000", "incomeTaxExpense": "305000000", "interestAndDebtExpense": "None", "netIncomeFromContinuingOperations": "580000000", "comprehensiveIncomeNetOfTax": "None", "ebit": "1162000000", "ebitda": "1314000000", "netIncome": "533000000"}, {"fiscalDateEnding": "2016-12-31", "reportedCurrency": "USD", "grossProfit": "2456000000", "totalRevenue": "7357000000", "costOfRevenue": "4901000000", "costofGoodsAndServicesSold": "4901000000", "operatingIncome": "1053000000", "sellingGeneralAndAdministrative": "1403000000", "researchAndDevelopment": "0", "operatingExpenses": "1403000000", "investmentIncomeNet": "None", "netInterestIncome": "-229000000", "interestIncome": "218000000", "interestExpense": "229000000", "nonInterestIncome": "None", "otherNonOperatingIncome": "6000000", "depreciation": "None", "depreciationAndAmortization": "159000000", "incomeBeforeTax": "830000000", "incomeTaxExpense": "296000000", "interestAndDebtExpense": "None", "netIncomeFromContinuingOperations": "534000000", "comprehensiveIncomeNetOfTax": "None", "ebit": "1061000000", "ebitda": "1220000000", "netIncome": "491000000"}, {"fiscalDateEnding": "2015-12-31", "reportedCurrency": "USD", "grossProfit": "2253000000", "totalRevenue": "7142000000", "costOfRevenue": "4889000000", "costofGoodsAndServicesSold": "4889000000", "operatingIncome": "914000000", "sellingGeneralAndAdministrative": "1339000000", "researchAndDevelopment": "0", "operatingExpenses": "1339000000", "investmentIncomeNet": "None", "netInterestIncome": "None", "interestIncome": "228000000", "interestExpense": "225000000", "nonInterestIncome": "None", "otherNonOperatingIncome": "None", "depreciation": "None", "depreciationAndAmortization": "133000000", "incomeBeforeTax": "689000000", "incomeTaxExpense": "293000000", "interestAndDebtExpense": "None", "netIncomeFromContinuingOperations": "396000000", "comprehensiveIncomeNetOfTax": "None", "ebit": "914000000", "ebitda": "1047000000", "netIncome": "355000000"}, {"fiscalDateEnding": "2014-12-31", "reportedCurrency": "USD", "grossProfit": "2387000000", "totalRevenue": "8521000000", "costOfRevenue": "6134000000", "costofGoodsAndServicesSold": "6134000000", "operatingIncome": "788000000", "sellingGeneralAndAdministrative": "1607000000", "researchAndDevelopment": "0", "operatingExpenses": "1607000000", "investmentIncomeNet": "None", "netInterestIncome": "None", "interestIncome": "None", "interestExpense": "225000000", "nonInterestIncome": "None", "otherNonOperatingIncome": "12000000", "depreciation": "None", "depreciationAndAmortization": "167000000", "incomeBeforeTax": "575000000", "incomeTaxExpense": "-333000000", "interestAndDebtExpense": "None", "netIncomeFromContinuingOperations": "908000000", "comprehensiveIncomeNetOfTax": "None", "ebit": "732000000", "ebitda": "899000000", "netIncome": "856000000"}, {"fiscalDateEnding": "2013-12-31", "reportedCurrency": "USD", "grossProfit": "2255000000", "totalRevenue": "8173000000", "costOfRevenue": "5918000000", "costofGoodsAndServicesSold": "5918000000", "operatingIncome": "673000000", "sellingGeneralAndAdministrative": "1582000000", "researchAndDevelopment": "0", "operatingExpenses": "1582000000", "investmentIncomeNet": "None", "netInterestIncome": "None", "interestIncome": "None", "interestExpense": "235000000", "nonInterestIncome": "None", "otherNonOperatingIncome": "-4000000", "depreciation": "None", "depreciationAndAmortization": "186000000", "incomeBeforeTax": "434000000", "incomeTaxExpense": "111000000", "interestAndDebtExpense": "None", "netIncomeFromContinuingOperations": "323000000", "comprehensiveIncomeNetOfTax": "None", "ebit": "621000000", "ebitda": "807000000", "netIncome": "272000000"}, {"fiscalDateEnding": "2012-12-31", "reportedCurrency": "USD", "grossProfit": "1951000000", "totalRevenue": "7745000000", "costOfRevenue": "5794000000", "costofGoodsAndServicesSold": "5794000000", "operatingIncome": "271000000", "sellingGeneralAndAdministrative": "1561000000", "researchAndDevelopment": "0", "operatingExpenses": "1561000000", "investmentIncomeNet": "None", "netInterestIncome": "None", "interestIncome": "None", "interestExpense": "254000000", "nonInterestIncome": "None", "otherNonOperatingIncome": "25000000", "depreciation": "None", "depreciationAndAmortization": "214000000", "incomeBeforeTax": "42000000", "incomeTaxExpense": "83000000", "interestAndDebtExpense": "None", "netIncomeFromContinuingOperations": "-41000000", "comprehensiveIncomeNetOfTax": "None", "ebit": "327000000", "ebitda": "541000000", "netIncome": "-114000000"}, {"fiscalDateEnding": "2011-12-31", "reportedCurrency": "USD", "grossProfit": "1784000000", "totalRevenue": "7467000000", "costOfRevenue": "5683000000", "costofGoodsAndServicesSold": "5683000000", "operatingIncome": "-295000000", "sellingGeneralAndAdministrative": "1585000000", "researchAndDevelopment": "0", "operatingExpenses": "1585000000", "investmentIncomeNet": "None", "netInterestIncome": "None", "interestIncome": "None", "interestExpense": "254000000", "nonInterestIncome": "None", "otherNonOperatingIncome": "None", "depreciation": "None", "depreciationAndAmortization": "263000000", "incomeBeforeTax": "-472000000", "incomeTaxExpense": "-49000000", "interestAndDebtExpense": "None", "netIncomeFromContinuingOperations": "None", "comprehensiveIncomeNetOfTax": "None", "ebit": "-194000000", "ebitda": "69000000", "netIncome": "-575000000"}, {"fiscalDateEnding": "2010-12-31", "reportedCurrency": "USD", "grossProfit": "1840000000", "totalRevenue": "7592000000", "costOfRevenue": "5752000000", "costofGoodsAndServicesSold": "5752000000", "operatingIncome": "-499000000", "sellingGeneralAndAdministrative": "1618000000", "researchAndDevelopment": "0", "operatingExpenses": "1618000000", "investmentIncomeNet": "None", "netInterestIncome": "None", "interestIncome": "None", "interestExpense": "251000000", "nonInterestIncome": "None", "otherNonOperatingIncome": "-27000000", "depreciation": "None", "depreciationAndAmortization": "279000000", "incomeBeforeTax": "-777000000", "incomeTaxExpense": "225000000", "interestAndDebtExpense": "None", "netIncomeFromContinuingOperations": "-1002000000", "comprehensiveIncomeNetOfTax": "None", "ebit": "-457000000", "ebitda": "-178000000", "netIncome": "-1043000000"}, {"fiscalDateEnding": "2009-12-31", "reportedCurrency": "USD", "grossProfit": "2018000000", "totalRevenue": "7792000000", "costOfRevenue": "5774000000", "costofGoodsAndServicesSold": "5774000000", "operatingIncome": "55000000", "sellingGeneralAndAdministrative": "1701000000", "researchAndDevelopment": "0", "operatingExpenses": "1701000000", "investmentIncomeNet": "None", "netInterestIncome": "None", "interestIncome": "None", "interestExpense": "225000000", "nonInterestIncome": "None", "otherNonOperatingIncome": "None", "depreciation": "None", "depreciationAndAmortization": "254000000", "incomeBeforeTax": "-151000000", "incomeTaxExpense": "-49000000", "interestAndDebtExpense": "None", "netIncomeFromContinuingOperations": "None", "comprehensiveIncomeNetOfTax": "None", "ebit": "112000000", "ebitda": "366000000", "netIncome": "-183000000"}, {"fiscalDateEnding": "2008-12-31", "reportedCurrency": "USD", "grossProfit": "2376000000", "totalRevenue": "9600000000", "costOfRevenue": "7224000000", "costofGoodsAndServicesSold": "7224000000", "operatingIncome": "74000000", "sellingGeneralAndAdministrative": "1835000000", "researchAndDevelopment": "None", "operatingExpenses": "2302000000", "investmentIncomeNet": "None", "netInterestIncome": "None", "interestIncome": "None", "interestExpense": "228000000", "nonInterestIncome": "None", "otherNonOperatingIncome": "None", "depreciation": "None", "depreciationAndAmortization": "238000000", "incomeBeforeTax": "-211000000", "incomeTaxExpense": "132000000", "interestAndDebtExpense": "None", "netIncomeFromContinuingOperations": "None", "comprehensiveIncomeNetOfTax": "None", "ebit": "76000000", "ebitda": "314000000", "netIncome": "-391000000"}, {"fiscalDateEnding": "2007-12-31", "reportedCurrency": "USD", "grossProfit": "3211000000", "totalRevenue": "11770000000", "costOfRevenue": "8559000000", "costofGoodsAndServicesSold": "8559000000", "operatingIncome": "959000000", "sellingGeneralAndAdministrative": "2025000000", "researchAndDevelopment": "None", "operatingExpenses": "2252000000", "investmentIncomeNet": "None", "netInterestIncome": "None", "interestIncome": "None", "interestExpense": "258000000", "nonInterestIncome": "None", "otherNonOperatingIncome": "None", "depreciation": "None", "depreciationAndAmortization": "248000000", "incomeBeforeTax": "770000000", "incomeTaxExpense": "336000000", "interestAndDebtExpense": "None", "netIncomeFromContinuingOperations": "None", "comprehensiveIncomeNetOfTax": "None", "ebit": "1124000000", "ebitda": "1372000000", "netIncome": "386000000"}, {"fiscalDateEnding": "2006-12-31", "reportedCurrency": "USD", "grossProfit": "3519000000", "totalRevenue": "12778000000", "costOfRevenue": "9259000000", "costofGoodsAndServicesSold": "9259000000", "operatingIncome": "1126000000", "sellingGeneralAndAdministrative": "2063000000", "researchAndDevelopment": "None", "operatingExpenses": "2393000000", "investmentIncomeNet": "None", "netInterestIncome": "None", "interestIncome": "None", "interestExpense": "0", "nonInterestIncome": "None", "otherNonOperatingIncome": "None", "depreciation": "None", "depreciationAndAmortization": "244000000", "incomeBeforeTax": "900000000", "incomeTaxExpense": "412000000", "interestAndDebtExpense": "None", "netIncomeFromContinuingOperations": "None", "comprehensiveIncomeNetOfTax": "None", "ebit": "1116000000", "ebitda": "1360000000", "netIncome": "488000000"}, {"fiscalDateEnding": "2005-12-31", "reportedCurrency": "USD", "grossProfit": "3609000000", "totalRevenue": "12642000000", "costOfRevenue": "9033000000", "costofGoodsAndServicesSold": "9033000000", "operatingIncome": "1577000000", "sellingGeneralAndAdministrative": "1969000000", "researchAndDevelopment": "None", "operatingExpenses": "2032000000", "investmentIncomeNet": "None", "netInterestIncome": "None", "interestIncome": "None", "interestExpense": "0", "nonInterestIncome": "None", "otherNonOperatingIncome": "None", "depreciation": "None", "depreciationAndAmortization": "241000000", "incomeBeforeTax": "1412000000", "incomeTaxExpense": "518000000", "interestAndDebtExpense": "None", "netIncomeFromContinuingOperations": "None", "comprehensiveIncomeNetOfTax": "None", "ebit": "1558000000", "ebitda": "1799000000", "netIncome": "940000000"}], "quarterlyReports": [{"fiscalDateEnding": "2024-12-31", "reportedCurrency": "USD", "grossProfit": "636000000", "totalRevenue": "1828000000", "costOfRevenue": "1192000000", "costofGoodsAndServicesSold": "1192000000", "operatingIncome": "290000000", "sellingGeneralAndAdministrative": "345000000", "researchAndDevelopment": "None", "operatingExpenses": "346000000", "investmentIncomeNet": "None", "netInterestIncome": "-24000000", "interestIncome": "None", "interestExpense": "24000000", "nonInterestIncome": "None", "otherNonOperatingIncome": "None", "depreciation": "None", "depreciationAndAmortization": "-8000000", "incomeBeforeTax": "258000000", "incomeTaxExpense": "65000000", "interestAndDebtExpense": "None", "netIncomeFromContinuingOperations": "193000000", "comprehensiveIncomeNetOfTax": "None", "ebit": "290000000", "ebitda": "282000000", "netIncome": "182000000"}, {"fiscalDateEnding": "2024-09-30", "reportedCurrency": "USD", "grossProfit": "725000000", "totalRevenue": "1983000000", "costOfRevenue": "1258000000", "costofGoodsAndServicesSold": "1258000000", "operatingIncome": "357000000", "sellingGeneralAndAdministrative": "368000000", "researchAndDevelopment": "None", "operatingExpenses": "368000000", "investmentIncomeNet": "None", "netInterestIncome": "-25000000", "interestIncome": "None", "interestExpense": "25000000", "nonInterestIncome": "None", "otherNonOperatingIncome": "None", "depreciation": "None", "depreciationAndAmortization": "-47000000", "incomeBeforeTax": "248000000", "incomeTaxExpense": "68000000", "interestAndDebtExpense": "None", "netIncomeFromContinuingOperations": "180000000", "comprehensiveIncomeNetOfTax": "None", "ebit": "357000000", "ebitda": "310000000", "netIncome": "167000000"}, {"fiscalDateEnding": "2024-06-30", "reportedCurrency": "USD", "grossProfit": "785000000", "totalRevenue": "2091000000", "costOfRevenue": "1306000000", "costofGoodsAndServicesSold": "1306000000", "operatingIncome": "397000000", "sellingGeneralAndAdministrative": "388000000", "researchAndDevelopment": "None", "operatingExpenses": "388000000", "investmentIncomeNet": "None", "netInterestIncome": "-26000000", "interestIncome": "None", "interestExpense": "26000000", "nonInterestIncome": "None", "otherNonOperatingIncome": "None", "depreciation": "None", "depreciationAndAmortization": "38000000", "incomeBeforeTax": "366000000", "incomeTaxExpense": "94000000", "interestAndDebtExpense": "None", "netIncomeFromContinuingOperations": "272000000", "comprehensiveIncomeNetOfTax": "None", "ebit": "397000000", "ebitda": "435000000", "netIncome": "258000000"}, {"fiscalDateEnding": "2024-03-31", "reportedCurrency": "USD", "grossProfit": "685000000", "totalRevenue": "1926000000", "costOfRevenue": "1241000000", "costofGoodsAndServicesSold": "1241000000", "operatingIncome": "318000000", "sellingGeneralAndAdministrative": "367000000", "researchAndDevelopment": "None", "operatingExpenses": "367000000", "investmentIncomeNet": "None", "netInterestIncome": "-25000000", "interestIncome": "None", "interestExpense": "25000000", "nonInterestIncome": "None", "otherNonOperatingIncome": "None", "depreciation": "None", "depreciationAndAmortization": "38000000", "incomeBeforeTax": "289000000", "incomeTaxExpense": "60000000", "interestAndDebtExpense": "None", "netIncomeFromContinuingOperations": "229000000", "comprehensiveIncomeNetOfTax": "None", "ebit": "313000000", "ebitda": "351000000", "netIncome": "215000000"}, {"fiscalDateEnding": "2023-12-31", "reportedCurrency": "USD", "grossProfit": "654000000", "totalRevenue": "1882000000", "costOfRevenue": "1228000000", "costofGoodsAndServicesSold": "1228000000", "operatingIncome": "247000000", "sellingGeneralAndAdministrative": "391000000", "researchAndDevelopment": "None", "operatingExpenses": "391000000", "investmentIncomeNet": "None", "netInterestIncome": "-20000000", "interestIncome": "4000000", "interestExpense": "24000000", "nonInterestIncome": "None", "otherNonOperatingIncome": "None", "depreciation": "None", "depreciationAndAmortization": "42000000", "incomeBeforeTax": "233000000", "incomeTaxExpense": "32000000", "interestAndDebtExpense": "None", "netIncomeFromContinuingOperations": "201000000", "comprehensiveIncomeNetOfTax": "None", "ebit": "258000000", "ebitda": "300000000", "netIncome": "191000000"}, {"fiscalDateEnding": "2023-09-30", "reportedCurrency": "USD", "grossProfit": "744000000", "totalRevenue": "1979000000", "costOfRevenue": "1235000000", "costofGoodsAndServicesSold": "1235000000", "operatingIncome": "383000000", "sellingGeneralAndAdministrative": "361000000", "researchAndDevelopment": "None", "operatingExpenses": "361000000", "investmentIncomeNet": "None", "netInterestIncome": "-26000000", "interestIncome": "31000000", "interestExpense": "26000000", "nonInterestIncome": "None", "otherNonOperatingIncome": "None", "depreciation": "None", "depreciationAndAmortization": "37000000", "incomeBeforeTax": "346000000", "incomeTaxExpense": "86000000", "interestAndDebtExpense": "None", "netIncomeFromContinuingOperations": "260000000", "comprehensiveIncomeNetOfTax": "None", "ebit": "380000000", "ebitda": "417000000", "netIncome": "249000000"}, {"fiscalDateEnding": "2023-06-30", "reportedCurrency": "USD", "grossProfit": "769000000", "totalRevenue": "2127000000", "costOfRevenue": "1358000000", "costofGoodsAndServicesSold": "1358000000", "operatingIncome": "403000000", "sellingGeneralAndAdministrative": "366000000", "researchAndDevelopment": "None", "operatingExpenses": "366000000", "investmentIncomeNet": "None", "netInterestIncome": "-28000000", "interestIncome": "28000000", "interestExpense": "28000000", "nonInterestIncome": "None", "otherNonOperatingIncome": "-1000000", "depreciation": "None", "depreciationAndAmortization": "35000000", "incomeBeforeTax": "374000000", "incomeTaxExpense": "96000000", "interestAndDebtExpense": "None", "netIncomeFromContinuingOperations": "278000000", "comprehensiveIncomeNetOfTax": "None", "ebit": "403000000", "ebitda": "438000000", "netIncome": "263000000"}, {"fiscalDateEnding": "2023-03-31", "reportedCurrency": "USD", "grossProfit": "669000000", "totalRevenue": "1979000000", "costOfRevenue": "1310000000", "costofGoodsAndServicesSold": "1310000000", "operatingIncome": "315000000", "sellingGeneralAndAdministrative": "354000000", "researchAndDevelopment": "None", "operatingExpenses": "354000000", "investmentIncomeNet": "None", "netInterestIncome": "-28000000", "interestIncome": "25000000", "interestExpense": "28000000", "nonInterestIncome": "None", "otherNonOperatingIncome": "-2000000", "depreciation": "None", "depreciationAndAmortization": "35000000", "incomeBeforeTax": "285000000", "incomeTaxExpense": "64000000", "interestAndDebtExpense": "None", "netIncomeFromContinuingOperations": "221000000", "comprehensiveIncomeNetOfTax": "None", "ebit": "315000000", "ebitda": "350000000", "netIncome": "205000000"}, {"fiscalDateEnding": "2022-12-31", "reportedCurrency": "USD", "grossProfit": "545000000", "totalRevenue": "1923000000", "costOfRevenue": "1378000000", "costofGoodsAndServicesSold": "1378000000", "operatingIncome": "78000000", "sellingGeneralAndAdministrative": "334000000", "researchAndDevelopment": "None", "operatingExpenses": "334000000", "investmentIncomeNet": "None", "netInterestIncome": "-26000000", "interestIncome": "23000000", "interestExpense": "26000000", "nonInterestIncome": "None", "otherNonOperatingIncome": "None", "depreciation": "None", "depreciationAndAmortization": "35000000", "incomeBeforeTax": "159000000", "incomeTaxExpense": "33000000", "interestAndDebtExpense": "None", "netIncomeFromContinuingOperations": "126000000", "comprehensiveIncomeNetOfTax": "None", "ebit": "176000000", "ebitda": "211000000", "netIncome": "117000000"}, {"fiscalDateEnding": "2022-09-30", "reportedCurrency": "USD", "grossProfit": "695000000", "totalRevenue": "2204000000", "costOfRevenue": "1509000000", "costofGoodsAndServicesSold": "1509000000", "operatingIncome": "351000000", "sellingGeneralAndAdministrative": "346000000", "researchAndDevelopment": "None", "operatingExpenses": "344000000", "investmentIncomeNet": "None", "netInterestIncome": "-29000000", "interestIncome": "38000000", "interestExpense": "29000000", "nonInterestIncome": "None", "otherNonOperatingIncome": "-12000000", "depreciation": "None", "depreciationAndAmortization": "34000000", "incomeBeforeTax": "310000000", "incomeTaxExpense": "77000000", "interestAndDebtExpense": "None", "netIncomeFromContinuingOperations": "233000000", "comprehensiveIncomeNetOfTax": "None", "ebit": "349000000", "ebitda": "383000000", "netIncome": "218000000"}, {"fiscalDateEnding": "2022-06-30", "reportedCurrency": "USD", "grossProfit": "769000000", "totalRevenue": "2352000000", "costOfRevenue": "1583000000", "costofGoodsAndServicesSold": "1583000000", "operatingIncome": "408000000", "sellingGeneralAndAdministrative": "361000000", "researchAndDevelopment": "None", "operatingExpenses": "361000000", "investmentIncomeNet": "None", "netInterestIncome": "-28000000", "interestIncome": "33000000", "interestExpense": "28000000", "nonInterestIncome": "None", "otherNonOperatingIncome": "17000000", "depreciation": "None", "depreciationAndAmortization": "36000000", "incomeBeforeTax": "397000000", "incomeTaxExpense": "103000000", "interestAndDebtExpense": "None", "netIncomeFromContinuingOperations": "294000000", "comprehensiveIncomeNetOfTax": "None", "ebit": "405000000", "ebitda": "441000000", "netIncome": "278000000"}, {"fiscalDateEnding": "2022-03-31", "reportedCurrency": "USD", "grossProfit": "704000000", "totalRevenue": "2201000000", "costOfRevenue": "1497000000", "costofGoodsAndServicesSold": "1497000000", "operatingIncome": "353000000", "sellingGeneralAndAdministrative": "351000000", "researchAndDevelopment": "None", "operatingExpenses": "351000000", "investmentIncomeNet": "None", "netInterestIncome": "-25000000", "interestIncome": "21000000", "interestExpense": "25000000", "nonInterestIncome": "None", "otherNonOperatingIncome": "-1000000", "depreciation": "None", "depreciationAndAmortization": "35000000", "incomeBeforeTax": "327000000", "incomeTaxExpense": "75000000", "interestAndDebtExpense": "None", "netIncomeFromContinuingOperations": "252000000", "comprehensiveIncomeNetOfTax": "None", "ebit": "351000000", "ebitda": "386000000", "netIncome": "234000000"}, {"fiscalDateEnding": "2021-12-31", "reportedCurrency": "USD", "grossProfit": "619000000", "totalRevenue": "2022000000", "costOfRevenue": "1403000000", "costofGoodsAndServicesSold": "1403000000", "operatingIncome": "218000000", "sellingGeneralAndAdministrative": "356000000", "researchAndDevelopment": "None", "operatingExpenses": "356000000", "investmentIncomeNet": "None", "netInterestIncome": "-25000000", "interestIncome": "8000000", "interestExpense": "25000000", "nonInterestIncome": "None", "otherNonOperatingIncome": "-1000000", "depreciation": "None", "depreciationAndAmortization": "36000000", "incomeBeforeTax": "192000000", "incomeTaxExpense": "52000000", "interestAndDebtExpense": "None", "netIncomeFromContinuingOperations": "140000000", "comprehensiveIncomeNetOfTax": "None", "ebit": "217000000", "ebitda": "253000000", "netIncome": "132000000"}, {"fiscalDateEnding": "2021-09-30", "reportedCurrency": "USD", "grossProfit": "753000000", "totalRevenue": "2204000000", "costOfRevenue": "1451000000", "costofGoodsAndServicesSold": "1451000000", "operatingIncome": "385000000", "sellingGeneralAndAdministrative": "368000000", "researchAndDevelopment": "None", "operatingExpenses": "368000000", "investmentIncomeNet": "None", "netInterestIncome": "-26000000", "interestIncome": "25000000", "interestExpense": "26000000", "nonInterestIncome": "None", "otherNonOperatingIncome": "-17000000", "depreciation": "None", "depreciationAndAmortization": "36000000", "incomeBeforeTax": "342000000", "incomeTaxExpense": "103000000", "interestAndDebtExpense": "None", "netIncomeFromContinuingOperations": "239000000", "comprehensiveIncomeNetOfTax": "None", "ebit": "381000000", "ebitda": "417000000", "netIncome": "220000000"}, {"fiscalDateEnding": "2021-06-30", "reportedCurrency": "USD", "grossProfit": "791000000", "totalRevenue": "2179000000", "costOfRevenue": "1388000000", "costofGoodsAndServicesSold": "1388000000", "operatingIncome": "437000000", "sellingGeneralAndAdministrative": "354000000", "researchAndDevelopment": "None", "operatingExpenses": "354000000", "investmentIncomeNet": "None", "netInterestIncome": "-25000000", "interestIncome": "25000000", "interestExpense": "25000000", "nonInterestIncome": "None", "otherNonOperatingIncome": "-415000000", "depreciation": "None", "depreciationAndAmortization": "35000000", "incomeBeforeTax": "-3000000", "incomeTaxExpense": "12000000", "interestAndDebtExpense": "None", "netIncomeFromContinuingOperations": "-15000000", "comprehensiveIncomeNetOfTax": "None", "ebit": "22000000", "ebitda": "57000000", "netIncome": "-36000000"}, {"fiscalDateEnding": "2021-03-31", "reportedCurrency": "USD", "grossProfit": "700000000", "totalRevenue": "1970000000", "costOfRevenue": "1270000000", "costofGoodsAndServicesSold": "1270000000", "operatingIncome": "365000000", "sellingGeneralAndAdministrative": "335000000", "researchAndDevelopment": "None", "operatingExpenses": "335000000", "investmentIncomeNet": "None", "netInterestIncome": "-202000000", "interestIncome": "202000000", "interestExpense": "202000000", "nonInterestIncome": "None", "otherNonOperatingIncome": "-6000000", "depreciation": "None", "depreciationAndAmortization": "43000000", "incomeBeforeTax": "157000000", "incomeTaxExpense": "43000000", "interestAndDebtExpense": "None", "netIncomeFromContinuingOperations": "114000000", "comprehensiveIncomeNetOfTax": "None", "ebit": "354000000", "ebitda": "397000000", "netIncome": "88000000"}, {"fiscalDateEnding": "2020-12-31", "reportedCurrency": "USD", "grossProfit": "660000000", "totalRevenue": "1860000000", "costOfRevenue": "1200000000", "costofGoodsAndServicesSold": "1200000000", "operatingIncome": "307000000", "sellingGeneralAndAdministrative": "28000000", "researchAndDevelopment": "None", "operatingExpenses": "353000000", "investmentIncomeNet": "None", "netInterestIncome": "-34000000", "interestIncome": "32000000", "interestExpense": "34000000", "nonInterestIncome": "None", "otherNonOperatingIncome": "2000000", "depreciation": "None", "depreciationAndAmortization": "34000000", "incomeBeforeTax": "275000000", "incomeTaxExpense": "67000000", "interestAndDebtExpense": "None", "netIncomeFromContinuingOperations": "208000000", "comprehensiveIncomeNetOfTax": "None", "ebit": "297000000", "ebitda": "331000000", "netIncome": "195000000"}, {"fiscalDateEnding": "2020-09-30", "reportedCurrency": "USD", "grossProfit": "752000000", "totalRevenue": "1983000000", "costOfRevenue": "1231000000", "costofGoodsAndServicesSold": "1231000000", "operatingIncome": "424000000", "sellingGeneralAndAdministrative": "328000000", "researchAndDevelopment": "None", "operatingExpenses": "328000000", "investmentIncomeNet": "None", "netInterestIncome": "-40000000", "interestIncome": "35000000", "interestExpense": "40000000", "nonInterestIncome": "None", "otherNonOperatingIncome": "-4000000", "depreciation": "None", "depreciationAndAmortization": "33000000", "incomeBeforeTax": "380000000", "incomeTaxExpense": "87000000", "interestAndDebtExpense": "None", "netIncomeFromContinuingOperations": "293000000", "comprehensiveIncomeNetOfTax": "None", "ebit": "414000000", "ebitda": "447000000", "netIncome": "275000000"}, {"fiscalDateEnding": "2020-06-30", "reportedCurrency": "USD", "grossProfit": "628000000", "totalRevenue": "1764000000", "costOfRevenue": "1136000000", "costofGoodsAndServicesSold": "1136000000", "operatingIncome": "339000000", "sellingGeneralAndAdministrative": "289000000", "researchAndDevelopment": "None", "operatingExpenses": "289000000", "investmentIncomeNet": "None", "netInterestIncome": "-35000000", "interestIncome": "28000000", "interestExpense": "35000000", "nonInterestIncome": "None", "otherNonOperatingIncome": "-2000000", "depreciation": "None", "depreciationAndAmortization": "33000000", "incomeBeforeTax": "302000000", "incomeTaxExpense": "82000000", "interestAndDebtExpense": "None", "netIncomeFromContinuingOperations": "220000000", "comprehensiveIncomeNetOfTax": "None", "ebit": "331000000", "ebitda": "364000000", "netIncome": "224000000"}, {"fiscalDateEnding": "2020-03-31", "reportedCurrency": "USD", "grossProfit": "547000000", "totalRevenue": "1581000000", "costOfRevenue": "1034000000", "costofGoodsAndServicesSold": "1034000000", "operatingIncome": "225000000", "sellingGeneralAndAdministrative": "322000000", "researchAndDevelopment": "None", "operatingExpenses": "322000000", "investmentIncomeNet": "None", "netInterestIncome": "-35000000", "interestIncome": "35000000", "interestExpense": "35000000", "nonInterestIncome": "None", "otherNonOperatingIncome": "-16000000", "depreciation": "None", "depreciationAndAmortization": "33000000", "incomeBeforeTax": "174000000", "incomeTaxExpense": "33000000", "interestAndDebtExpense": "None", "netIncomeFromContinuingOperations": "141000000", "comprehensiveIncomeNetOfTax": "None", "ebit": "217000000", "ebitda": "250000000", "netIncome": "530000000"}, {"fiscalDateEnding": "2019-12-31", "reportedCurrency": "USD", "grossProfit": "565000000", "totalRevenue": "1639000000", "costOfRevenue": "1074000000", "costofGoodsAndServicesSold": "1074000000", "operatingIncome": "255000000", "sellingGeneralAndAdministrative": "227000000", "researchAndDevelopment": "None", "operatingExpenses": "310000000", "investmentIncomeNet": "None", "netInterestIncome": "-40000000", "interestIncome": "35000000", "interestExpense": "40000000", "nonInterestIncome": "None", "otherNonOperatingIncome": "1000000", "depreciation": "None", "depreciationAndAmortization": "33000000", "incomeBeforeTax": "217000000", "incomeTaxExpense": "49000000", "interestAndDebtExpense": "None", "netIncomeFromContinuingOperations": "109000000", "comprehensiveIncomeNetOfTax": "None", "ebit": "259000000", "ebitda": "292000000", "netIncome": "453000000"}, {"fiscalDateEnding": "2019-09-30", "reportedCurrency": "USD", "grossProfit": "665000000", "totalRevenue": "1947000000", "costOfRevenue": "1282000000", "costofGoodsAndServicesSold": "1282000000", "operatingIncome": "316000000", "sellingGeneralAndAdministrative": "349000000", "researchAndDevelopment": "None", "operatingExpenses": "349000000", "investmentIncomeNet": "None", "netInterestIncome": "-39000000", "interestIncome": "41000000", "interestExpense": "39000000", "nonInterestIncome": "None", "otherNonOperatingIncome": "-8000000", "depreciation": "None", "depreciationAndAmortization": "33000000", "incomeBeforeTax": "269000000", "incomeTaxExpense": "73000000", "interestAndDebtExpense": "None", "netIncomeFromContinuingOperations": "196000000", "comprehensiveIncomeNetOfTax": "None", "ebit": "317000000", "ebitda": "350000000", "netIncome": "126000000"}, {"fiscalDateEnding": "2019-06-30", "reportedCurrency": "USD", "grossProfit": "782000000", "totalRevenue": "2275000000", "costOfRevenue": "1493000000", "costofGoodsAndServicesSold": "1493000000", "operatingIncome": "392000000", "sellingGeneralAndAdministrative": "390000000", "researchAndDevelopment": "None", "operatingExpenses": "390000000", "investmentIncomeNet": "None", "netInterestIncome": "-41000000", "interestIncome": "77000000", "interestExpense": "41000000", "nonInterestIncome": "None", "otherNonOperatingIncome": "-4000000", "depreciation": "None", "depreciationAndAmortization": "33000000", "incomeBeforeTax": "347000000", "incomeTaxExpense": "95000000", "interestAndDebtExpense": "None", "netIncomeFromContinuingOperations": "252000000", "comprehensiveIncomeNetOfTax": "None", "ebit": "397000000", "ebitda": "430000000", "netIncome": "240000000"}, {"fiscalDateEnding": "2019-03-31", "reportedCurrency": "USD", "grossProfit": "599000000", "totalRevenue": "1908000000", "costOfRevenue": "1309000000", "costofGoodsAndServicesSold": "1309000000", "operatingIncome": "211000000", "sellingGeneralAndAdministrative": "372000000", "researchAndDevelopment": "None", "operatingExpenses": "372000000", "investmentIncomeNet": "None", "netInterestIncome": "-39000000", "interestIncome": "39000000", "interestExpense": "39000000", "nonInterestIncome": "None", "otherNonOperatingIncome": "-4000000", "depreciation": "None", "depreciationAndAmortization": "31000000", "incomeBeforeTax": "168000000", "incomeTaxExpense": "41000000", "interestAndDebtExpense": "None", "netIncomeFromContinuingOperations": "127000000", "comprehensiveIncomeNetOfTax": "None", "ebit": "201000000", "ebitda": "232000000", "netIncome": "116000000"}, {"fiscalDateEnding": "2018-12-31", "reportedCurrency": "USD", "grossProfit": "653000000", "totalRevenue": "2041000000", "costOfRevenue": "1388000000", "costofGoodsAndServicesSold": "1388000000", "operatingIncome": "309000000", "sellingGeneralAndAdministrative": "344000000", "researchAndDevelopment": "0", "operatingExpenses": "344000000", "investmentIncomeNet": "None", "netInterestIncome": "None", "interestIncome": "None", "interestExpense": "39000000", "nonInterestIncome": "None", "otherNonOperatingIncome": "-2000000", "depreciation": "None", "depreciationAndAmortization": "-2000000", "incomeBeforeTax": "268000000", "incomeTaxExpense": "60000000", "interestAndDebtExpense": "None", "netIncomeFromContinuingOperations": "208000000", "comprehensiveIncomeNetOfTax": "None", "ebit": "287000000", "ebitda": "285000000", "netIncome": "194000000"}, {"fiscalDateEnding": "2018-09-30", "reportedCurrency": "USD", "grossProfit": "667000000", "totalRevenue": "2101000000", "costOfRevenue": "1434000000", "costofGoodsAndServicesSold": "1434000000", "operatingIncome": "300000000", "sellingGeneralAndAdministrative": "367000000", "researchAndDevelopment": "0", "operatingExpenses": "367000000", "investmentIncomeNet": "None", "netInterestIncome": "None", "interestIncome": "None", "interestExpense": "38000000", "nonInterestIncome": "None", "otherNonOperatingIncome": "None", "depreciation": "None", "depreciationAndAmortization": "-2000000", "incomeBeforeTax": "262000000", "incomeTaxExpense": "71000000", "interestAndDebtExpense": "None", "netIncomeFromContinuingOperations": "191000000", "comprehensiveIncomeNetOfTax": "None", "ebit": "300000000", "ebitda": "298000000", "netIncome": "180000000"}, {"fiscalDateEnding": "2018-06-30", "reportedCurrency": "USD", "grossProfit": "750000000", "totalRevenue": "2297000000", "costOfRevenue": "1547000000", "costofGoodsAndServicesSold": "1547000000", "operatingIncome": "358000000", "sellingGeneralAndAdministrative": "392000000", "researchAndDevelopment": "0", "operatingExpenses": "392000000", "investmentIncomeNet": "None", "netInterestIncome": "None", "interestIncome": "None", "interestExpense": "38000000", "nonInterestIncome": "None", "otherNonOperatingIncome": "-8000000", "depreciation": "None", "depreciationAndAmortization": "-3000000", "incomeBeforeTax": "312000000", "incomeTaxExpense": "88000000", "interestAndDebtExpense": "None", "netIncomeFromContinuingOperations": "224000000", "comprehensiveIncomeNetOfTax": "None", "ebit": "353000000", "ebitda": "350000000", "netIncome": "211000000"}, {"fiscalDateEnding": "2018-03-31", "reportedCurrency": "USD", "grossProfit": "619000000", "totalRevenue": "1920000000", "costOfRevenue": "1301000000", "costofGoodsAndServicesSold": "1301000000", "operatingIncome": "244000000", "sellingGeneralAndAdministrative": "375000000", "researchAndDevelopment": "0", "operatingExpenses": "375000000", "investmentIncomeNet": "None", "netInterestIncome": "None", "interestIncome": "None", "interestExpense": "41000000", "nonInterestIncome": "None", "otherNonOperatingIncome": "-3000000", "depreciation": "None", "depreciationAndAmortization": "-3000000", "incomeBeforeTax": "200000000", "incomeTaxExpense": "39000000", "interestAndDebtExpense": "None", "netIncomeFromContinuingOperations": "161000000", "comprehensiveIncomeNetOfTax": "None", "ebit": "247000000", "ebitda": "244000000", "netIncome": "149000000"}, {"fiscalDateEnding": "2017-12-31", "reportedCurrency": "USD", "grossProfit": "616000000", "totalRevenue": "1874000000", "costOfRevenue": "1258000000", "costofGoodsAndServicesSold": "1258000000", "operatingIncome": "264000000", "sellingGeneralAndAdministrative": "352000000", "researchAndDevelopment": "0", "operatingExpenses": "352000000", "investmentIncomeNet": "None", "netInterestIncome": "None", "interestIncome": "None", "interestExpense": "39000000", "nonInterestIncome": "None", "otherNonOperatingIncome": "-64000000", "depreciation": "None", "depreciationAndAmortization": "-64000000", "incomeBeforeTax": "161000000", "incomeTaxExpense": "62000000", "interestAndDebtExpense": "None", "netIncomeFromContinuingOperations": "99000000", "comprehensiveIncomeNetOfTax": "None", "ebit": "264000000", "ebitda": "200000000", "netIncome": "87000000"}, {"fiscalDateEnding": "2017-09-30", "reportedCurrency": "USD", "grossProfit": "650000000", "totalRevenue": "1936000000", "costOfRevenue": "1286000000", "costofGoodsAndServicesSold": "1286000000", "operatingIncome": "295000000", "sellingGeneralAndAdministrative": "355000000", "researchAndDevelopment": "0", "operatingExpenses": "355000000", "investmentIncomeNet": "None", "netInterestIncome": "None", "interestIncome": "None", "interestExpense": "43000000", "nonInterestIncome": "None", "otherNonOperatingIncome": "4000000", "depreciation": "None", "depreciationAndAmortization": "31000000", "incomeBeforeTax": "256000000", "incomeTaxExpense": "96000000", "interestAndDebtExpense": "None", "netIncomeFromContinuingOperations": "160000000", "comprehensiveIncomeNetOfTax": "None", "ebit": "302000000", "ebitda": "333000000", "netIncome": "148000000"}, {"fiscalDateEnding": "2017-06-30", "reportedCurrency": "USD", "grossProfit": "737000000", "totalRevenue": "2057000000", "costOfRevenue": "1320000000", "costofGoodsAndServicesSold": "1320000000", "operatingIncome": "357000000", "sellingGeneralAndAdministrative": "380000000", "researchAndDevelopment": "0", "operatingExpenses": "380000000", "investmentIncomeNet": "None", "netInterestIncome": "None", "interestIncome": "None", "interestExpense": "153000000", "nonInterestIncome": "None", "otherNonOperatingIncome": "51000000", "depreciation": "None", "depreciationAndAmortization": "1000000", "incomeBeforeTax": "255000000", "incomeTaxExpense": "84000000", "interestAndDebtExpense": "None", "netIncomeFromContinuingOperations": "171000000", "comprehensiveIncomeNetOfTax": "None", "ebit": "414000000", "ebitda": "415000000", "netIncome": "158000000"}, {"fiscalDateEnding": "2017-03-31", "reportedCurrency": "USD", "grossProfit": "608000000", "totalRevenue": "1777000000", "costOfRevenue": "1169000000", "costofGoodsAndServicesSold": "1169000000", "operatingIncome": "253000000", "sellingGeneralAndAdministrative": "355000000", "researchAndDevelopment": "0", "operatingExpenses": "355000000", "investmentIncomeNet": "None", "netInterestIncome": "None", "interestIncome": "None", "interestExpense": "43000000", "nonInterestIncome": "None", "otherNonOperatingIncome": "3000000", "depreciation": "None", "depreciationAndAmortization": "31000000", "incomeBeforeTax": "213000000", "incomeTaxExpense": "63000000", "interestAndDebtExpense": "None", "netIncomeFromContinuingOperations": "150000000", "comprehensiveIncomeNetOfTax": "None", "ebit": "222000000", "ebitda": "253000000", "netIncome": "140000000"}, {"fiscalDateEnding": "2016-12-31", "reportedCurrency": "USD", "grossProfit": "573000000", "totalRevenue": "1759000000", "costOfRevenue": "1186000000", "costofGoodsAndServicesSold": "1186000000", "operatingIncome": "215000000", "sellingGeneralAndAdministrative": "358000000", "researchAndDevelopment": "0", "operatingExpenses": "358000000", "investmentIncomeNet": "None", "netInterestIncome": "None", "interestIncome": "None", "interestExpense": "43000000", "nonInterestIncome": "None", "otherNonOperatingIncome": "1000000", "depreciation": "None", "depreciationAndAmortization": "1000000", "incomeBeforeTax": "173000000", "incomeTaxExpense": "67000000", "interestAndDebtExpense": "None", "netIncomeFromContinuingOperations": "106000000", "comprehensiveIncomeNetOfTax": "None", "ebit": "249000000", "ebitda": "250000000", "netIncome": "98000000"}, {"fiscalDateEnding": "2016-09-30", "reportedCurrency": "USD", "grossProfit": "614000000", "totalRevenue": "1877000000", "costOfRevenue": "1263000000", "costofGoodsAndServicesSold": "1263000000", "operatingIncome": "269000000", "sellingGeneralAndAdministrative": "345000000", "researchAndDevelopment": "0", "operatingExpenses": "345000000", "investmentIncomeNet": "None", "netInterestIncome": "None", "interestIncome": "None", "interestExpense": "43000000", "nonInterestIncome": "None", "otherNonOperatingIncome": "1000000", "depreciation": "None", "depreciationAndAmortization": "2000000", "incomeBeforeTax": "227000000", "incomeTaxExpense": "81000000", "interestAndDebtExpense": "None", "netIncomeFromContinuingOperations": "146000000", "comprehensiveIncomeNetOfTax": "None", "ebit": "302000000", "ebitda": "304000000", "netIncome": "134000000"}, {"fiscalDateEnding": "2016-06-30", "reportedCurrency": "USD", "grossProfit": "700000000", "totalRevenue": "2001000000", "costOfRevenue": "1301000000", "costofGoodsAndServicesSold": "1301000000", "operatingIncome": "335000000", "sellingGeneralAndAdministrative": "365000000", "researchAndDevelopment": "0", "operatingExpenses": "365000000", "investmentIncomeNet": "None", "netInterestIncome": "None", "interestIncome": "None", "interestExpense": "87000000", "nonInterestIncome": "None", "otherNonOperatingIncome": "5000000", "depreciation": "None", "depreciationAndAmortization": "34000000", "incomeBeforeTax": "253000000", "incomeTaxExpense": "90000000", "interestAndDebtExpense": "None", "netIncomeFromContinuingOperations": "163000000", "comprehensiveIncomeNetOfTax": "None", "ebit": "301000000", "ebitda": "335000000", "netIncome": "150000000"}, {"fiscalDateEnding": "2016-03-31", "reportedCurrency": "USD", "grossProfit": "569000000", "totalRevenue": "1720000000", "costOfRevenue": "1151000000", "costofGoodsAndServicesSold": "1151000000", "operatingIncome": "234000000", "sellingGeneralAndAdministrative": "335000000", "researchAndDevelopment": "0", "operatingExpenses": "335000000", "investmentIncomeNet": "None", "netInterestIncome": "None", "interestIncome": "None", "interestExpense": "56000000", "nonInterestIncome": "None", "otherNonOperatingIncome": "-1000000", "depreciation": "None", "depreciationAndAmortization": "-3000000", "incomeBeforeTax": "177000000", "incomeTaxExpense": "58000000", "interestAndDebtExpense": "None", "netIncomeFromContinuingOperations": "119000000", "comprehensiveIncomeNetOfTax": "None", "ebit": "234000000", "ebitda": "231000000", "netIncome": "109000000"}, {"fiscalDateEnding": "2015-12-31", "reportedCurrency": "USD", "grossProfit": "532000000", "totalRevenue": "1715000000", "costOfRevenue": "1183000000", "costofGoodsAndServicesSold": "1183000000", "operatingIncome": "212000000", "sellingGeneralAndAdministrative": "320000000", "researchAndDevelopment": "0", "operatingExpenses": "320000000", "investmentIncomeNet": "None", "netInterestIncome": "None", "interestIncome": "None", "interestExpense": "54000000", "nonInterestIncome": "None", "otherNonOperatingIncome": "None", "depreciation": "None", "depreciationAndAmortization": "2000000", "incomeBeforeTax": "160000000", "incomeTaxExpense": "74000000", "interestAndDebtExpense": "None", "netIncomeFromContinuingOperations": "396000000", "comprehensiveIncomeNetOfTax": "None", "ebit": "212000000", "ebitda": "214000000", "netIncome": "75000000"}, {"fiscalDateEnding": "2015-09-30", "reportedCurrency": "USD", "grossProfit": "589000000", "totalRevenue": "1839000000", "costOfRevenue": "1250000000", "costofGoodsAndServicesSold": "1250000000", "operatingIncome": "258000000", "sellingGeneralAndAdministrative": "331000000", "researchAndDevelopment": "0", "operatingExpenses": "331000000", "investmentIncomeNet": "None", "netInterestIncome": "None", "interestIncome": "None", "interestExpense": "54000000", "nonInterestIncome": "None", "otherNonOperatingIncome": "None", "depreciation": "None", "depreciationAndAmortization": "32000000", "incomeBeforeTax": "198000000", "incomeTaxExpense": "77000000", "interestAndDebtExpense": "None", "netIncomeFromContinuingOperations": "0", "comprehensiveIncomeNetOfTax": "None", "ebit": "226000000", "ebitda": "258000000", "netIncome": "111000000"}, {"fiscalDateEnding": "2015-06-30", "reportedCurrency": "USD", "grossProfit": "637000000", "totalRevenue": "1929000000", "costOfRevenue": "1292000000", "costofGoodsAndServicesSold": "1292000000", "operatingIncome": "279000000", "sellingGeneralAndAdministrative": "358000000", "researchAndDevelopment": "0", "operatingExpenses": "358000000", "investmentIncomeNet": "None", "netInterestIncome": "None", "interestIncome": "None", "interestExpense": "61000000", "nonInterestIncome": "None", "otherNonOperatingIncome": "3000000", "depreciation": "None", "depreciationAndAmortization": "2000000", "incomeBeforeTax": "221000000", "incomeTaxExpense": "102000000", "interestAndDebtExpense": "None", "netIncomeFromContinuingOperations": "119000000", "comprehensiveIncomeNetOfTax": "None", "ebit": "280000000", "ebitda": "282000000", "netIncome": "105000000"}, {"fiscalDateEnding": "2015-03-31", "reportedCurrency": "USD", "grossProfit": "568000000", "totalRevenue": "2018000000", "costOfRevenue": "1450000000", "costofGoodsAndServicesSold": "1450000000", "operatingIncome": "171000000", "sellingGeneralAndAdministrative": "397000000", "researchAndDevelopment": "0", "operatingExpenses": "397000000", "investmentIncomeNet": "None", "netInterestIncome": "None", "interestIncome": "None", "interestExpense": "56000000", "nonInterestIncome": "None", "otherNonOperatingIncome": "1000000", "depreciation": "None", "depreciationAndAmortization": "31000000", "incomeBeforeTax": "116000000", "incomeTaxExpense": "43000000", "interestAndDebtExpense": "None", "netIncomeFromContinuingOperations": "73000000", "comprehensiveIncomeNetOfTax": "None", "ebit": "140000000", "ebitda": "171000000", "netIncome": "64000000"}, {"fiscalDateEnding": "2014-12-31", "reportedCurrency": "USD", "grossProfit": "568000000", "totalRevenue": "2064000000", "costOfRevenue": "1496000000", "costofGoodsAndServicesSold": "1496000000", "operatingIncome": "194000000", "sellingGeneralAndAdministrative": "382000000", "researchAndDevelopment": "0", "operatingExpenses": "382000000", "investmentIncomeNet": "None", "netInterestIncome": "None", "interestIncome": "None", "interestExpense": "56000000", "nonInterestIncome": "None", "otherNonOperatingIncome": "None", "depreciation": "None", "depreciationAndAmortization": "-16000000", "incomeBeforeTax": "140000000", "incomeTaxExpense": "28000000", "interestAndDebtExpense": "None", "netIncomeFromContinuingOperations": "868000000", "comprehensiveIncomeNetOfTax": "None", "ebit": "194000000", "ebitda": "178000000", "netIncome": "100000000"}, {"fiscalDateEnding": "2014-09-30", "reportedCurrency": "USD", "grossProfit": "611000000", "totalRevenue": "2232000000", "costOfRevenue": "1621000000", "costofGoodsAndServicesSold": "1621000000", "operatingIncome": "202000000", "sellingGeneralAndAdministrative": "409000000", "researchAndDevelopment": "0", "operatingExpenses": "409000000", "investmentIncomeNet": "None", "netInterestIncome": "None", "interestIncome": "None", "interestExpense": "57000000", "nonInterestIncome": "None", "otherNonOperatingIncome": "7000000", "depreciation": "None", "depreciationAndAmortization": "34000000", "incomeBeforeTax": "152000000", "incomeTaxExpense": "-403000000", "interestAndDebtExpense": "None", "netIncomeFromContinuingOperations": "555000000", "comprehensiveIncomeNetOfTax": "None", "ebit": "168000000", "ebitda": "202000000", "netIncome": "543000000"}, {"fiscalDateEnding": "2014-06-30", "reportedCurrency": "USD", "grossProfit": "661000000", "totalRevenue": "2260000000", "costOfRevenue": "1599000000", "costofGoodsAndServicesSold": "1599000000", "operatingIncome": "240000000", "sellingGeneralAndAdministrative": "421000000", "researchAndDevelopment": "0", "operatingExpenses": "421000000", "investmentIncomeNet": "None", "netInterestIncome": "None", "interestIncome": "None", "interestExpense": "56000000", "nonInterestIncome": "None", "otherNonOperatingIncome": "6000000", "depreciation": "None", "depreciationAndAmortization": "29000000", "incomeBeforeTax": "190000000", "incomeTaxExpense": "37000000", "interestAndDebtExpense": "None", "netIncomeFromContinuingOperations": "153000000", "comprehensiveIncomeNetOfTax": "None", "ebit": "211000000", "ebitda": "240000000", "netIncome": "139000000"}, {"fiscalDateEnding": "2014-03-31", "reportedCurrency": "USD", "grossProfit": "547000000", "totalRevenue": "1965000000", "costOfRevenue": "1418000000", "costofGoodsAndServicesSold": "1418000000", "operatingIncome": "152000000", "sellingGeneralAndAdministrative": "395000000", "researchAndDevelopment": "0", "operatingExpenses": "395000000", "investmentIncomeNet": "None", "netInterestIncome": "None", "interestIncome": "None", "interestExpense": "56000000", "nonInterestIncome": "None", "otherNonOperatingIncome": "None", "depreciation": "None", "depreciationAndAmortization": "42000000", "incomeBeforeTax": "93000000", "incomeTaxExpense": "5000000", "interestAndDebtExpense": "None", "netIncomeFromContinuingOperations": "0", "comprehensiveIncomeNetOfTax": "None", "ebit": "153000000", "ebitda": "195000000", "netIncome": "74000000"}, {"fiscalDateEnding": "2013-12-31", "reportedCurrency": "USD", "grossProfit": "531000000", "totalRevenue": "1998000000", "costOfRevenue": "1467000000", "costofGoodsAndServicesSold": "1467000000", "operatingIncome": "141000000", "sellingGeneralAndAdministrative": "390000000", "researchAndDevelopment": "0", "operatingExpenses": "390000000", "investmentIncomeNet": "None", "netInterestIncome": "None", "interestIncome": "None", "interestExpense": "57000000", "nonInterestIncome": "None", "otherNonOperatingIncome": "-14000000", "depreciation": "None", "depreciationAndAmortization": "-3000000", "incomeBeforeTax": "70000000", "incomeTaxExpense": "20000000", "interestAndDebtExpense": "None", "netIncomeFromContinuingOperations": "50000000", "comprehensiveIncomeNetOfTax": "None", "ebit": "130000000", "ebitda": "127000000", "netIncome": "45000000"}, {"fiscalDateEnding": "2013-09-30", "reportedCurrency": "USD", "grossProfit": "607000000", "totalRevenue": "2150000000", "costOfRevenue": "1543000000", "costofGoodsAndServicesSold": "1543000000", "operatingIncome": "212000000", "sellingGeneralAndAdministrative": "395000000", "researchAndDevelopment": "0", "operatingExpenses": "395000000", "investmentIncomeNet": "None", "netInterestIncome": "None", "interestIncome": "None", "interestExpense": "58000000", "nonInterestIncome": "None", "otherNonOperatingIncome": "None", "depreciation": "None", "depreciationAndAmortization": "46000000", "incomeBeforeTax": "154000000", "incomeTaxExpense": "38000000", "interestAndDebtExpense": "None", "netIncomeFromContinuingOperations": "116000000", "comprehensiveIncomeNetOfTax": "None", "ebit": "222000000", "ebitda": "268000000", "netIncome": "103000000"}, {"fiscalDateEnding": "2013-06-30", "reportedCurrency": "USD", "grossProfit": "609000000", "totalRevenue": "2149000000", "costOfRevenue": "1540000000", "costofGoodsAndServicesSold": "1540000000", "operatingIncome": "188000000", "sellingGeneralAndAdministrative": "421000000", "researchAndDevelopment": "0", "operatingExpenses": "421000000", "investmentIncomeNet": "None", "netInterestIncome": "None", "interestIncome": "None", "interestExpense": "60000000", "nonInterestIncome": "None", "otherNonOperatingIncome": "3000000", "depreciation": "None", "depreciationAndAmortization": "-5000000", "incomeBeforeTax": "131000000", "incomeTaxExpense": "39000000", "interestAndDebtExpense": "None", "netIncomeFromContinuingOperations": "92000000", "comprehensiveIncomeNetOfTax": "None", "ebit": "193000000", "ebitda": "188000000", "netIncome": "77000000"}, {"fiscalDateEnding": "2013-03-31", "reportedCurrency": "USD", "grossProfit": "508000000", "totalRevenue": "1876000000", "costOfRevenue": "1368000000", "costofGoodsAndServicesSold": "1368000000", "operatingIncome": "132000000", "sellingGeneralAndAdministrative": "376000000", "researchAndDevelopment": "0", "operatingExpenses": "376000000", "investmentIncomeNet": "None", "netInterestIncome": "None", "interestIncome": "None", "interestExpense": "60000000", "nonInterestIncome": "None", "otherNonOperatingIncome": "7000000", "depreciation": "None", "depreciationAndAmortization": "-3000000", "incomeBeforeTax": "79000000", "incomeTaxExpense": "14000000", "interestAndDebtExpense": "None", "netIncomeFromContinuingOperations": "65000000", "comprehensiveIncomeNetOfTax": "None", "ebit": "135000000", "ebitda": "132000000", "netIncome": "56000000"}, {"fiscalDateEnding": "2012-12-31", "reportedCurrency": "USD", "grossProfit": "446000000", "totalRevenue": "1890000000", "costOfRevenue": "1444000000", "costofGoodsAndServicesSold": "1444000000", "operatingIncome": "21000000", "sellingGeneralAndAdministrative": "375000000", "researchAndDevelopment": "0", "operatingExpenses": "380000000", "investmentIncomeNet": "None", "netInterestIncome": "None", "interestIncome": "None", "interestExpense": "60000000", "nonInterestIncome": "None", "otherNonOperatingIncome": "None", "depreciation": "None", "depreciationAndAmortization": "86000000", "incomeBeforeTax": "-37000000", "incomeTaxExpense": "35000000", "interestAndDebtExpense": "None", "netIncomeFromContinuingOperations": "0", "comprehensiveIncomeNetOfTax": "None", "ebit": "34000000", "ebitda": "120000000", "netIncome": "-87000000"}, {"fiscalDateEnding": "2012-09-30", "reportedCurrency": "USD", "grossProfit": "500000000", "totalRevenue": "1976000000", "costOfRevenue": "1476000000", "costofGoodsAndServicesSold": "1476000000", "operatingIncome": "101000000", "sellingGeneralAndAdministrative": "398000000", "researchAndDevelopment": "0", "operatingExpenses": "398000000", "investmentIncomeNet": "None", "netInterestIncome": "None", "interestIncome": "None", "interestExpense": "62000000", "nonInterestIncome": "None", "otherNonOperatingIncome": "None", "depreciation": "None", "depreciationAndAmortization": "58000000", "incomeBeforeTax": "45000000", "incomeTaxExpense": "14000000", "interestAndDebtExpense": "None", "netIncomeFromContinuingOperations": "0", "comprehensiveIncomeNetOfTax": "None", "ebit": "55000000", "ebitda": "113000000", "netIncome": "15000000"}, {"fiscalDateEnding": "2012-06-30", "reportedCurrency": "USD", "grossProfit": "525000000", "totalRevenue": "2004000000", "costOfRevenue": "1479000000", "costofGoodsAndServicesSold": "1479000000", "operatingIncome": "47000000", "sellingGeneralAndAdministrative": "403000000", "researchAndDevelopment": "0", "operatingExpenses": "403000000", "investmentIncomeNet": "None", "netInterestIncome": "None", "interestIncome": "None", "interestExpense": "68000000", "nonInterestIncome": "None", "otherNonOperatingIncome": "None", "depreciation": "None", "depreciationAndAmortization": "216000000", "incomeBeforeTax": "-19000000", "incomeTaxExpense": "30000000", "interestAndDebtExpense": "None", "netIncomeFromContinuingOperations": "0", "comprehensiveIncomeNetOfTax": "None", "ebit": "47000000", "ebitda": "263000000", "netIncome": "-75000000"}, {"fiscalDateEnding": "2012-03-31", "reportedCurrency": "USD", "grossProfit": "485000000", "totalRevenue": "1875000000", "costOfRevenue": "1390000000", "costofGoodsAndServicesSold": "1390000000", "operatingIncome": "102000000", "sellingGeneralAndAdministrative": "383000000", "researchAndDevelopment": "0", "operatingExpenses": "383000000", "investmentIncomeNet": "None", "netInterestIncome": "None", "interestIncome": "None", "interestExpense": "64000000", "nonInterestIncome": "None", "otherNonOperatingIncome": "None", "depreciation": "None", "depreciationAndAmortization": "49000000", "incomeBeforeTax": "53000000", "incomeTaxExpense": "4000000", "interestAndDebtExpense": "None", "netIncomeFromContinuingOperations": "0", "comprehensiveIncomeNetOfTax": "None", "ebit": "75000000", "ebitda": "124000000", "netIncome": "33000000"}, {"fiscalDateEnding": "2011-12-31", "reportedCurrency": "USD", "grossProfit": "332000000", "totalRevenue": "1667000000", "costOfRevenue": "1335000000", "costofGoodsAndServicesSold": "1335000000", "operatingIncome": "-509000000", "sellingGeneralAndAdministrative": "347000000", "researchAndDevelopment": "0", "operatingExpenses": "347000000", "investmentIncomeNet": "None", "netInterestIncome": "None", "interestIncome": "None", "interestExpense": "64000000", "nonInterestIncome": "None", "otherNonOperatingIncome": "None", "depreciation": "None", "depreciationAndAmortization": "494000000", "incomeBeforeTax": "-570000000", "incomeTaxExpense": "-112000000", "interestAndDebtExpense": "None", "netIncomeFromContinuingOperations": "0", "comprehensiveIncomeNetOfTax": "None", "ebit": "-1000000000", "ebitda": "-506000000", "netIncome": "-573000000"}, {"fiscalDateEnding": "2011-09-30", "reportedCurrency": "USD", "grossProfit": "495000000", "totalRevenue": "2006000000", "costOfRevenue": "1511000000", "costofGoodsAndServicesSold": "1511000000", "operatingIncome": "102000000", "sellingGeneralAndAdministrative": "393000000", "researchAndDevelopment": "0", "operatingExpenses": "393000000", "investmentIncomeNet": "None", "netInterestIncome": "None", "interestIncome": "None", "interestExpense": "63000000", "nonInterestIncome": "None", "otherNonOperatingIncome": "22000000", "depreciation": "None", "depreciationAndAmortization": "41000000", "incomeBeforeTax": "61000000", "incomeTaxExpense": "12000000", "interestAndDebtExpense": "None", "netIncomeFromContinuingOperations": "49000000", "comprehensiveIncomeNetOfTax": "None", "ebit": "95000000", "ebitda": "136000000", "netIncome": "36000000"}, {"fiscalDateEnding": "2011-06-30", "reportedCurrency": "USD", "grossProfit": "532000000", "totalRevenue": "2022000000", "costOfRevenue": "1490000000", "costofGoodsAndServicesSold": "1490000000", "operatingIncome": "91000000", "sellingGeneralAndAdministrative": "441000000", "researchAndDevelopment": "0", "operatingExpenses": "441000000", "investmentIncomeNet": "None", "netInterestIncome": "None", "interestIncome": "None", "interestExpense": "64000000", "nonInterestIncome": "None", "otherNonOperatingIncome": "31000000", "depreciation": "None", "depreciationAndAmortization": "33000000", "incomeBeforeTax": "58000000", "incomeTaxExpense": "38000000", "interestAndDebtExpense": "None", "netIncomeFromContinuingOperations": "20000000", "comprehensiveIncomeNetOfTax": "None", "ebit": "95000000", "ebitda": "128000000", "netIncome": "8000000"}, {"fiscalDateEnding": "2011-03-31", "reportedCurrency": "USD", "grossProfit": "425000000", "totalRevenue": "1772000000", "costOfRevenue": "1347000000", "costofGoodsAndServicesSold": "1347000000", "operatingIncome": "21000000", "sellingGeneralAndAdministrative": "404000000", "researchAndDevelopment": "0", "operatingExpenses": "404000000", "investmentIncomeNet": "None", "netInterestIncome": "None", "interestIncome": "None", "interestExpense": "63000000", "nonInterestIncome": "None", "otherNonOperatingIncome": "21000000", "depreciation": "None", "depreciationAndAmortization": "42000000", "incomeBeforeTax": "-21000000", "incomeTaxExpense": "13000000", "interestAndDebtExpense": "None", "netIncomeFromContinuingOperations": "-34000000", "comprehensiveIncomeNetOfTax": "None", "ebit": "21000000", "ebitda": "63000000", "netIncome": "-46000000"}, {"fiscalDateEnding": "2010-12-31", "reportedCurrency": "USD", "grossProfit": "308000000", "totalRevenue": "1735000000", "costOfRevenue": "1427000000", "costofGoodsAndServicesSold": "1427000000", "operatingIncome": "-798000000", "sellingGeneralAndAdministrative": "385000000", "researchAndDevelopment": "0", "operatingExpenses": "385000000", "investmentIncomeNet": "None", "netInterestIncome": "None", "interestIncome": "None", "interestExpense": "63000000", "nonInterestIncome": "None", "otherNonOperatingIncome": "None", "depreciation": "None", "depreciationAndAmortization": "720000000", "incomeBeforeTax": "-853000000", "incomeTaxExpense": "172000000", "interestAndDebtExpense": "None", "netIncomeFromContinuingOperations": "0", "comprehensiveIncomeNetOfTax": "None", "ebit": "-1510000000", "ebitda": "-790000000", "netIncome": "-1034000000"}, {"fiscalDateEnding": "2010-09-30", "reportedCurrency": "USD", "grossProfit": "494000000", "totalRevenue": "1957000000", "costOfRevenue": "1463000000", "costofGoodsAndServicesSold": "1463000000", "operatingIncome": "102000000", "sellingGeneralAndAdministrative": "392000000", "researchAndDevelopment": "0", "operatingExpenses": "392000000", "investmentIncomeNet": "None", "netInterestIncome": "None", "interestIncome": "None", "interestExpense": "63000000", "nonInterestIncome": "None", "otherNonOperatingIncome": "None", "depreciation": "None", "depreciationAndAmortization": "64000000", "incomeBeforeTax": "38000000", "incomeTaxExpense": "31000000", "interestAndDebtExpense": "None", "netIncomeFromContinuingOperations": "0", "comprehensiveIncomeNetOfTax": "None", "ebit": "37000000", "ebitda": "101000000", "netIncome": "-5000000"}, {"fiscalDateEnding": "2010-06-30", "reportedCurrency": "USD", "grossProfit": "546000000", "totalRevenue": "2048000000", "costOfRevenue": "1502000000", "costofGoodsAndServicesSold": "1502000000", "operatingIncome": "119000000", "sellingGeneralAndAdministrative": "427000000", "researchAndDevelopment": "0", "operatingExpenses": "427000000", "investmentIncomeNet": "None", "netInterestIncome": "None", "interestIncome": "None", "interestExpense": "67000000", "nonInterestIncome": "None", "otherNonOperatingIncome": "None", "depreciation": "None", "depreciationAndAmortization": "103000000", "incomeBeforeTax": "16000000", "incomeTaxExpense": "4000000", "interestAndDebtExpense": "None", "netIncomeFromContinuingOperations": "0", "comprehensiveIncomeNetOfTax": "None", "ebit": "119000000", "ebitda": "222000000", "netIncome": "3000000"}, {"fiscalDateEnding": "2010-03-31", "reportedCurrency": "USD", "grossProfit": "492000000", "totalRevenue": "1852000000", "costOfRevenue": "1360000000", "costofGoodsAndServicesSold": "1360000000", "operatingIncome": "78000000", "sellingGeneralAndAdministrative": "414000000", "researchAndDevelopment": "0", "operatingExpenses": "414000000", "investmentIncomeNet": "None", "netInterestIncome": "None", "interestIncome": "None", "interestExpense": "58000000", "nonInterestIncome": "None", "otherNonOperatingIncome": "None", "depreciation": "None", "depreciationAndAmortization": "None", "incomeBeforeTax": "22000000", "incomeTaxExpense": "18000000", "interestAndDebtExpense": "None", "netIncomeFromContinuingOperations": "0", "comprehensiveIncomeNetOfTax": "None", "ebit": "22000000", "ebitda": "78000000", "netIncome": "-7000000"}, {"fiscalDateEnding": "2009-12-31", "reportedCurrency": "USD", "grossProfit": "487000000", "totalRevenue": "1869000000", "costOfRevenue": "1382000000", "costofGoodsAndServicesSold": "1382000000", "operatingIncome": "-196000000", "sellingGeneralAndAdministrative": "421000000", "researchAndDevelopment": "0", "operatingExpenses": "421000000", "investmentIncomeNet": "None", "netInterestIncome": "None", "interestIncome": "None", "interestExpense": "56000000", "nonInterestIncome": "None", "otherNonOperatingIncome": "None", "depreciation": "None", "depreciationAndAmortization": "262000000", "incomeBeforeTax": "-245000000", "incomeTaxExpense": "-84000000", "interestAndDebtExpense": "None", "netIncomeFromContinuingOperations": "0", "comprehensiveIncomeNetOfTax": "None", "ebit": "-451000000", "ebitda": "-189000000", "netIncome": "-185000000"}, {"fiscalDateEnding": "2009-09-30", "reportedCurrency": "USD", "grossProfit": "570000000", "totalRevenue": "2094000000", "costOfRevenue": "1524000000", "costofGoodsAndServicesSold": "1524000000", "operatingIncome": "138000000", "sellingGeneralAndAdministrative": "432000000", "researchAndDevelopment": "0", "operatingExpenses": "432000000", "investmentIncomeNet": "None", "netInterestIncome": "None", "interestIncome": "None", "interestExpense": "56000000", "nonInterestIncome": "None", "otherNonOperatingIncome": "None", "depreciation": "None", "depreciationAndAmortization": "49000000", "incomeBeforeTax": "89000000", "incomeTaxExpense": "26000000", "interestAndDebtExpense": "None", "netIncomeFromContinuingOperations": "0", "comprehensiveIncomeNetOfTax": "None", "ebit": "96000000", "ebitda": "145000000", "netIncome": "28000000"}, {"fiscalDateEnding": "2009-06-30", "reportedCurrency": "USD", "grossProfit": "546000000", "totalRevenue": "2036000000", "costOfRevenue": "1490000000", "costofGoodsAndServicesSold": "1490000000", "operatingIncome": "112000000", "sellingGeneralAndAdministrative": "434000000", "researchAndDevelopment": "0", "operatingExpenses": "434000000", "investmentIncomeNet": "None", "netInterestIncome": "None", "interestIncome": "None", "interestExpense": "57000000", "nonInterestIncome": "None", "otherNonOperatingIncome": "None", "depreciation": "None", "depreciationAndAmortization": "49000000", "incomeBeforeTax": "63000000", "incomeTaxExpense": "1000000", "interestAndDebtExpense": "None", "netIncomeFromContinuingOperations": "0", "comprehensiveIncomeNetOfTax": "None", "ebit": "75000000", "ebitda": "124000000", "netIncome": "63000000"}, {"fiscalDateEnding": "2009-03-31", "reportedCurrency": "USD", "grossProfit": "416000000", "totalRevenue": "1819000000", "costOfRevenue": "1403000000", "costofGoodsAndServicesSold": "1403000000", "operatingIncome": "-7000000", "sellingGeneralAndAdministrative": "423000000", "researchAndDevelopment": "0", "operatingExpenses": "423000000", "investmentIncomeNet": "None", "netInterestIncome": "None", "interestIncome": "None", "interestExpense": "56000000", "nonInterestIncome": "None", "otherNonOperatingIncome": "None", "depreciation": "None", "depreciationAndAmortization": "None", "incomeBeforeTax": "-66000000", "incomeTaxExpense": "8000000", "interestAndDebtExpense": "None", "netIncomeFromContinuingOperations": "0", "comprehensiveIncomeNetOfTax": "None", "ebit": "-66000000", "ebitda": "-5000000", "netIncome": "-81000000"}, {"fiscalDateEnding": "2008-12-31", "reportedCurrency": "USD", "grossProfit": "398000000", "totalRevenue": "1979000000", "costOfRevenue": "1581000000", "costofGoodsAndServicesSold": "1581000000", "operatingIncome": "-491000000", "sellingGeneralAndAdministrative": "422000000", "researchAndDevelopment": "0", "operatingExpenses": "422000000", "investmentIncomeNet": "None", "netInterestIncome": "None", "interestIncome": "None", "interestExpense": "56000000", "nonInterestIncome": "None", "otherNonOperatingIncome": "None", "depreciation": "None", "depreciationAndAmortization": "443000000", "incomeBeforeTax": "-579000000", "incomeTaxExpense": "-75000000", "interestAndDebtExpense": "None", "netIncomeFromContinuingOperations": "0", "comprehensiveIncomeNetOfTax": "None", "ebit": "-491000000", "ebitda": "-48000000", "netIncome": "-508000000"}, {"fiscalDateEnding": "2008-09-30", "reportedCurrency": "USD", "grossProfit": "648000000", "totalRevenue": "2528000000", "costOfRevenue": "1880000000", "costofGoodsAndServicesSold": "1880000000", "operatingIncome": "196000000", "sellingGeneralAndAdministrative": "452000000", "researchAndDevelopment": "0", "operatingExpenses": "452000000", "investmentIncomeNet": "None", "netInterestIncome": "None", "interestIncome": "None", "interestExpense": "59000000", "nonInterestIncome": "None", "otherNonOperatingIncome": "None", "depreciation": "None", "depreciationAndAmortization": "-2000000", "incomeBeforeTax": "139000000", "incomeTaxExpense": "92000000", "interestAndDebtExpense": "None", "netIncomeFromContinuingOperations": "0", "comprehensiveIncomeNetOfTax": "None", "ebit": "198000000", "ebitda": "196000000", "netIncome": "33000000"}, {"fiscalDateEnding": "2008-06-30", "reportedCurrency": "USD", "grossProfit": "699000000", "totalRevenue": "2640000000", "costOfRevenue": "1941000000", "costofGoodsAndServicesSold": "1941000000", "operatingIncome": "215000000", "sellingGeneralAndAdministrative": "484000000", "researchAndDevelopment": "0", "operatingExpenses": "484000000", "investmentIncomeNet": "None", "netInterestIncome": "None", "interestIncome": "None", "interestExpense": "57000000", "nonInterestIncome": "None", "otherNonOperatingIncome": "None", "depreciation": "None", "depreciationAndAmortization": "-1000000", "incomeBeforeTax": "159000000", "incomeTaxExpense": "75000000", "interestAndDebtExpense": "None", "netIncomeFromContinuingOperations": "0", "comprehensiveIncomeNetOfTax": "None", "ebit": "216000000", "ebitda": "215000000", "netIncome": "82000000"}, {"fiscalDateEnding": "2008-03-31", "reportedCurrency": "USD", "grossProfit": "628000000", "totalRevenue": "2446000000", "costOfRevenue": "1818000000", "costofGoodsAndServicesSold": "1818000000", "operatingIncome": "160000000", "sellingGeneralAndAdministrative": "468000000", "researchAndDevelopment": "0", "operatingExpenses": "468000000", "investmentIncomeNet": "None", "netInterestIncome": "None", "interestIncome": "None", "interestExpense": "56000000", "nonInterestIncome": "None", "otherNonOperatingIncome": "None", "depreciation": "None", "depreciationAndAmortization": "28000000", "incomeBeforeTax": "76000000", "incomeTaxExpense": "40000000", "interestAndDebtExpense": "None", "netIncomeFromContinuingOperations": "0", "comprehensiveIncomeNetOfTax": "None", "ebit": "132000000", "ebitda": "160000000", "netIncome": "2000000"}, {"fiscalDateEnding": "2007-12-31", "reportedCurrency": "USD", "grossProfit": "690000000", "totalRevenue": "2698000000", "costOfRevenue": "2008000000", "costofGoodsAndServicesSold": "2008000000", "operatingIncome": "-37000000", "sellingGeneralAndAdministrative": "500000000", "researchAndDevelopment": "0", "operatingExpenses": "727000000", "investmentIncomeNet": "None", "netInterestIncome": "None", "interestIncome": "None", "interestExpense": "61000000", "nonInterestIncome": "None", "otherNonOperatingIncome": "None", "depreciation": "None", "depreciationAndAmortization": "226000000", "incomeBeforeTax": "-96000000", "incomeTaxExpense": "34000000", "interestAndDebtExpense": "None", "netIncomeFromContinuingOperations": "0", "comprehensiveIncomeNetOfTax": "None", "ebit": "-37000000", "ebitda": "189000000", "netIncome": "-151000000"}, {"fiscalDateEnding": "2007-09-30", "reportedCurrency": "USD", "grossProfit": "862000000", "totalRevenue": "3059000000", "costOfRevenue": "2197000000", "costofGoodsAndServicesSold": "2197000000", "operatingIncome": "374000000", "sellingGeneralAndAdministrative": "488000000", "researchAndDevelopment": "0", "operatingExpenses": "488000000", "investmentIncomeNet": "None", "netInterestIncome": "None", "interestIncome": "None", "interestExpense": "65000000", "nonInterestIncome": "None", "otherNonOperatingIncome": "None", "depreciation": "None", "depreciationAndAmortization": "-20000000", "incomeBeforeTax": "329000000", "incomeTaxExpense": "109000000", "interestAndDebtExpense": "None", "netIncomeFromContinuingOperations": "0", "comprehensiveIncomeNetOfTax": "None", "ebit": "374000000", "ebitda": "354000000", "netIncome": "205000000"}, {"fiscalDateEnding": "2007-06-30", "reportedCurrency": "USD", "grossProfit": "907000000", "totalRevenue": "3148000000", "costOfRevenue": "2241000000", "costofGoodsAndServicesSold": "2241000000", "operatingIncome": "365000000", "sellingGeneralAndAdministrative": "542000000", "researchAndDevelopment": "0", "operatingExpenses": "542000000", "investmentIncomeNet": "None", "netInterestIncome": "None", "interestIncome": "None", "interestExpense": "69000000", "nonInterestIncome": "None", "otherNonOperatingIncome": "None", "depreciation": "None", "depreciationAndAmortization": "-5000000", "incomeBeforeTax": "301000000", "incomeTaxExpense": "108000000", "interestAndDebtExpense": "None", "netIncomeFromContinuingOperations": "0", "comprehensiveIncomeNetOfTax": "None", "ebit": "366000000", "ebitda": "361000000", "netIncome": "189000000"}, {"fiscalDateEnding": "2007-03-31", "reportedCurrency": "USD", "grossProfit": "756000000", "totalRevenue": "2881000000", "costOfRevenue": "2125000000", "costofGoodsAndServicesSold": "2125000000", "operatingIncome": "257000000", "sellingGeneralAndAdministrative": "499000000", "researchAndDevelopment": "0", "operatingExpenses": "499000000", "investmentIncomeNet": "None", "netInterestIncome": "None", "interestIncome": "None", "interestExpense": "63000000", "nonInterestIncome": "None", "otherNonOperatingIncome": "None", "depreciation": "None", "depreciationAndAmortization": "-42000000", "incomeBeforeTax": "236000000", "incomeTaxExpense": "85000000", "interestAndDebtExpense": "None", "netIncomeFromContinuingOperations": "0", "comprehensiveIncomeNetOfTax": "None", "ebit": "257000000", "ebitda": "215000000", "netIncome": "143000000"}, {"fiscalDateEnding": "2006-12-31", "reportedCurrency": "USD", "grossProfit": "743000000", "totalRevenue": "2946000000", "costOfRevenue": "2203000000", "costofGoodsAndServicesSold": "2203000000", "operatingIncome": "-69000000", "sellingGeneralAndAdministrative": "492000000", "researchAndDevelopment": "0", "operatingExpenses": "812000000", "investmentIncomeNet": "None", "netInterestIncome": "None", "interestIncome": "None", "interestExpense": "69000000", "nonInterestIncome": "None", "otherNonOperatingIncome": "None", "depreciation": "None", "depreciationAndAmortization": "306000000", "incomeBeforeTax": "-122000000", "incomeTaxExpense": "58000000", "interestAndDebtExpense": "None", "netIncomeFromContinuingOperations": "0", "comprehensiveIncomeNetOfTax": "None", "ebit": "-69000000", "ebitda": "237000000", "netIncome": "-187000000"}, {"fiscalDateEnding": "2006-09-30", "reportedCurrency": "USD", "grossProfit": "923000000", "totalRevenue": "3295000000", "costOfRevenue": "2372000000", "costofGoodsAndServicesSold": "2372000000", "operatingIncome": "400000000", "sellingGeneralAndAdministrative": "523000000", "researchAndDevelopment": "0", "operatingExpenses": "523000000", "investmentIncomeNet": "None", "netInterestIncome": "None", "interestIncome": "None", "interestExpense": "54000000", "nonInterestIncome": "None", "otherNonOperatingIncome": "None", "depreciation": "None", "depreciationAndAmortization": "-10000000", "incomeBeforeTax": "356000000", "incomeTaxExpense": "124000000", "interestAndDebtExpense": "None", "netIncomeFromContinuingOperations": "0", "comprehensiveIncomeNetOfTax": "None", "ebit": "400000000", "ebitda": "390000000", "netIncome": "252000000"}, {"fiscalDateEnding": "2006-06-30", "reportedCurrency": "USD", "grossProfit": "986000000", "totalRevenue": "3389000000", "costOfRevenue": "2403000000", "costofGoodsAndServicesSold": "2403000000", "operatingIncome": "444000000", "sellingGeneralAndAdministrative": "532000000", "researchAndDevelopment": "0", "operatingExpenses": "542000000", "investmentIncomeNet": "None", "netInterestIncome": "None", "interestIncome": "None", "interestExpense": "53000000", "nonInterestIncome": "None", "otherNonOperatingIncome": "None", "depreciation": "None", "depreciationAndAmortization": "56000000", "incomeBeforeTax": "345000000", "incomeTaxExpense": "120000000", "interestAndDebtExpense": "None", "netIncomeFromContinuingOperations": "0", "comprehensiveIncomeNetOfTax": "None", "ebit": "444000000", "ebitda": "500000000", "netIncome": "219000000"}, {"fiscalDateEnding": "2006-03-31", "reportedCurrency": "USD", "grossProfit": "880000000", "totalRevenue": "3186000000", "costOfRevenue": "2306000000", "costofGoodsAndServicesSold": "2306000000", "operatingIncome": "357000000", "sellingGeneralAndAdministrative": "523000000", "researchAndDevelopment": "0", "operatingExpenses": "523000000", "investmentIncomeNet": "None", "netInterestIncome": "None", "interestIncome": "None", "interestExpense": "64000000", "nonInterestIncome": "None", "otherNonOperatingIncome": "None", "depreciation": "None", "depreciationAndAmortization": "-34000000", "incomeBeforeTax": "327000000", "incomeTaxExpense": "113000000", "interestAndDebtExpense": "None", "netIncomeFromContinuingOperations": "0", "comprehensiveIncomeNetOfTax": "None", "ebit": "357000000", "ebitda": "323000000", "netIncome": "204000000"}, {"fiscalDateEnding": "2005-12-31", "reportedCurrency": "USD", "grossProfit": "819000000", "totalRevenue": "2965000000", "costOfRevenue": "2146000000", "costofGoodsAndServicesSold": "2146000000", "operatingIncome": "292000000", "sellingGeneralAndAdministrative": "458000000", "researchAndDevelopment": "0", "operatingExpenses": "527000000", "investmentIncomeNet": "None", "netInterestIncome": "None", "interestIncome": "None", "interestExpense": "66000000", "nonInterestIncome": "None", "otherNonOperatingIncome": "None", "depreciation": "None", "depreciationAndAmortization": "18000000", "incomeBeforeTax": "250000000", "incomeTaxExpense": "120000000", "interestAndDebtExpense": "None", "netIncomeFromContinuingOperations": "0", "comprehensiveIncomeNetOfTax": "None", "ebit": "274000000", "ebitda": "292000000", "netIncome": "173000000"}, {"fiscalDateEnding": "2005-09-30", "reportedCurrency": "USD", "grossProfit": "964000000", "totalRevenue": "3360000000", "costOfRevenue": "2396000000", "costofGoodsAndServicesSold": "2396000000", "operatingIncome": "469000000", "sellingGeneralAndAdministrative": "496000000", "researchAndDevelopment": "0", "operatingExpenses": "495000000", "investmentIncomeNet": "None", "netInterestIncome": "None", "interestIncome": "None", "interestExpense": "64000000", "nonInterestIncome": "None", "otherNonOperatingIncome": "None", "depreciation": "None", "depreciationAndAmortization": "8000000", "incomeBeforeTax": "409000000", "incomeTaxExpense": "141000000", "interestAndDebtExpense": "None", "netIncomeFromContinuingOperations": "0", "comprehensiveIncomeNetOfTax": "None", "ebit": "447000000", "ebitda": "455000000", "netIncome": "262000000"}, {"fiscalDateEnding": "2005-06-30", "reportedCurrency": "USD", "grossProfit": "985000000", "totalRevenue": "3348000000", "costOfRevenue": "2363000000", "costofGoodsAndServicesSold": "2363000000", "operatingIncome": "473000000", "sellingGeneralAndAdministrative": "515000000", "researchAndDevelopment": "0", "operatingExpenses": "512000000", "investmentIncomeNet": "None", "netInterestIncome": "None", "interestIncome": "None", "interestExpense": "58000000", "nonInterestIncome": "None", "otherNonOperatingIncome": "None", "depreciation": "None", "depreciationAndAmortization": "-19000000", "incomeBeforeTax": "432000000", "incomeTaxExpense": "153000000", "interestAndDebtExpense": "None", "netIncomeFromContinuingOperations": "0", "comprehensiveIncomeNetOfTax": "None", "ebit": "473000000", "ebitda": "454000000", "netIncome": "274000000"}, {"fiscalDateEnding": "2005-03-31", "reportedCurrency": "USD", "grossProfit": "841000000", "totalRevenue": "2969000000", "costOfRevenue": "2128000000", "costofGoodsAndServicesSold": "2128000000", "operatingIncome": "343000000", "sellingGeneralAndAdministrative": "500000000", "researchAndDevelopment": "0", "operatingExpenses": "498000000", "investmentIncomeNet": "None", "netInterestIncome": "None", "interestIncome": "None", "interestExpense": "59000000", "nonInterestIncome": "None", "otherNonOperatingIncome": "None", "depreciation": "None", "depreciationAndAmortization": "-39000000", "incomeBeforeTax": "321000000", "incomeTaxExpense": "104000000", "interestAndDebtExpense": "None", "netIncomeFromContinuingOperations": "0", "comprehensiveIncomeNetOfTax": "None", "ebit": "343000000", "ebitda": "304000000", "netIncome": "231000000"}, {"fiscalDateEnding": "2004-12-31", "reportedCurrency": "USD", "grossProfit": "902000000", "totalRevenue": "3034000000", "costOfRevenue": "2132000000", "costofGoodsAndServicesSold": "2132000000", "operatingIncome": "214000000", "sellingGeneralAndAdministrative": "520000000", "researchAndDevelopment": "0", "operatingExpenses": "688000000", "investmentIncomeNet": "None", "netInterestIncome": "None", "interestIncome": "None", "interestExpense": "57000000", "nonInterestIncome": "None", "otherNonOperatingIncome": "None", "depreciation": "None", "depreciationAndAmortization": "108000000", "incomeBeforeTax": "206000000", "incomeTaxExpense": "95000000", "interestAndDebtExpense": "None", "netIncomeFromContinuingOperations": "0", "comprehensiveIncomeNetOfTax": "None", "ebit": "106000000", "ebitda": "214000000", "netIncome": "105000000"}]}