{"symbol": "CB", "annualReports": [{"fiscalDateEnding": "2024-12-31", "reportedCurrency": "USD", "grossProfit": "56010000000", "totalRevenue": "56010000000", "costOfRevenue": "None", "costofGoodsAndServicesSold": "None", "operatingIncome": "11455000000", "sellingGeneralAndAdministrative": "4380000000", "researchAndDevelopment": "None", "operatingExpenses": "44555000000", "investmentIncomeNet": "None", "netInterestIncome": "-741000000", "interestIncome": "80000000", "interestExpense": "741000000", "nonInterestIncome": "None", "otherNonOperatingIncome": "None", "depreciation": "None", "depreciationAndAmortization": "323000000", "incomeBeforeTax": "11455000000", "incomeTaxExpense": "1815000000", "interestAndDebtExpense": "None", "netIncomeFromContinuingOperations": "9640000000", "comprehensiveIncomeNetOfTax": "None", "ebit": "12196000000", "ebitda": "12519000000", "netIncome": "9272000000"}, {"fiscalDateEnding": "2023-12-31", "reportedCurrency": "USD", "grossProfit": "49997000000", "totalRevenue": "49997000000", "costOfRevenue": "-505000000", "costofGoodsAndServicesSold": "-505000000", "operatingIncome": "9448000000", "sellingGeneralAndAdministrative": "4007000000", "researchAndDevelopment": "None", "operatingExpenses": "12883000000", "investmentIncomeNet": "None", "netInterestIncome": "-653000000", "interestIncome": "67000000", "interestExpense": "672000000", "nonInterestIncome": "None", "otherNonOperatingIncome": "None", "depreciation": "None", "depreciationAndAmortization": "310000000", "incomeBeforeTax": "9526000000", "incomeTaxExpense": "511000000", "interestAndDebtExpense": "None", "netIncomeFromContinuingOperations": "7103000000", "comprehensiveIncomeNetOfTax": "None", "ebit": "-219000000", "ebitda": "91000000", "netIncome": "9028000000"}, {"fiscalDateEnding": "2022-12-31", "reportedCurrency": "USD", "grossProfit": "43124000000", "totalRevenue": "43124000000", "costOfRevenue": "None", "costofGoodsAndServicesSold": "None", "operatingIncome": "7138000000", "sellingGeneralAndAdministrative": "3395000000", "researchAndDevelopment": "None", "operatingExpenses": "-35986000000", "investmentIncomeNet": "None", "netInterestIncome": "-570000000", "interestIncome": "570000000", "interestExpense": "570000000", "nonInterestIncome": "None", "otherNonOperatingIncome": "None", "depreciation": "None", "depreciationAndAmortization": "285000000", "incomeBeforeTax": "6568000000", "incomeTaxExpense": "1255000000", "interestAndDebtExpense": "None", "netIncomeFromContinuingOperations": "5313000000", "comprehensiveIncomeNetOfTax": "None", "ebit": "7055000000", "ebitda": "7340000000", "netIncome": "5246000000"}, {"fiscalDateEnding": "2021-12-31", "reportedCurrency": "USD", "grossProfit": "40963000000", "totalRevenue": "40963000000", "costOfRevenue": "None", "costofGoodsAndServicesSold": "None", "operatingIncome": "9816000000", "sellingGeneralAndAdministrative": "3136000000", "researchAndDevelopment": "None", "operatingExpenses": "-31147000000", "investmentIncomeNet": "None", "netInterestIncome": "-492000000", "interestIncome": "492000000", "interestExpense": "492000000", "nonInterestIncome": "None", "otherNonOperatingIncome": "-2935000000", "depreciation": "None", "depreciationAndAmortization": "287000000", "incomeBeforeTax": "9816000000", "incomeTaxExpense": "1277000000", "interestAndDebtExpense": "None", "netIncomeFromContinuingOperations": "8539000000", "comprehensiveIncomeNetOfTax": "None", "ebit": "10286000000", "ebitda": "10573000000", "netIncome": "8525000000"}, {"fiscalDateEnding": "2020-12-31", "reportedCurrency": "USD", "grossProfit": "35994000000", "totalRevenue": "35994000000", "costOfRevenue": "None", "costofGoodsAndServicesSold": "None", "operatingIncome": "4162000000", "sellingGeneralAndAdministrative": "2979000000", "researchAndDevelopment": "None", "operatingExpenses": "-31832000000", "investmentIncomeNet": "None", "netInterestIncome": "-516000000", "interestIncome": "516000000", "interestExpense": "516000000", "nonInterestIncome": "None", "otherNonOperatingIncome": "2311000000", "depreciation": "None", "depreciationAndAmortization": "290000000", "incomeBeforeTax": "4162000000", "incomeTaxExpense": "629000000", "interestAndDebtExpense": "None", "netIncomeFromContinuingOperations": "3533000000", "comprehensiveIncomeNetOfTax": "None", "ebit": "4678000000", "ebitda": "4968000000", "netIncome": "3533000000"}, {"fiscalDateEnding": "2019-12-31", "reportedCurrency": "USD", "grossProfit": "34230000000", "totalRevenue": "34230000000", "costOfRevenue": "25514000000", "costofGoodsAndServicesSold": "25514000000", "operatingIncome": "5249000000", "sellingGeneralAndAdministrative": "3030000000", "researchAndDevelopment": "None", "operatingExpenses": "-28981000000", "investmentIncomeNet": "None", "netInterestIncome": "-552000000", "interestIncome": "25000000", "interestExpense": "552000000", "nonInterestIncome": "None", "otherNonOperatingIncome": "3704000000", "depreciation": "None", "depreciationAndAmortization": "305000000", "incomeBeforeTax": "5249000000", "incomeTaxExpense": "795000000", "interestAndDebtExpense": "None", "netIncomeFromContinuingOperations": "4454000000", "comprehensiveIncomeNetOfTax": "None", "ebit": "5249000000", "ebitda": "5554000000", "netIncome": "4454000000"}, {"fiscalDateEnding": "2018-12-31", "reportedCurrency": "USD", "grossProfit": "32679000000", "totalRevenue": "32717000000", "costOfRevenue": "38000000", "costofGoodsAndServicesSold": "38000000", "operatingIncome": "5298000000", "sellingGeneralAndAdministrative": "2886000000", "researchAndDevelopment": "0", "operatingExpenses": "27360000000", "investmentIncomeNet": "None", "netInterestIncome": "-641000000", "interestIncome": "127000000", "interestExpense": "641000000", "nonInterestIncome": "None", "otherNonOperatingIncome": "-2298000000", "depreciation": "None", "depreciationAndAmortization": "339000000", "incomeBeforeTax": "4657000000", "incomeTaxExpense": "695000000", "interestAndDebtExpense": "None", "netIncomeFromContinuingOperations": "3962000000", "comprehensiveIncomeNetOfTax": "None", "ebit": "5298000000", "ebitda": "5637000000", "netIncome": "3962000000"}, {"fiscalDateEnding": "2017-12-31", "reportedCurrency": "USD", "grossProfit": "32340000000", "totalRevenue": "32340000000", "costOfRevenue": "24795000000", "costofGoodsAndServicesSold": "24795000000", "operatingIncome": "3722000000", "sellingGeneralAndAdministrative": "2833000000", "researchAndDevelopment": "0", "operatingExpenses": "8874000000", "investmentIncomeNet": "None", "netInterestIncome": "-607000000", "interestIncome": "189000000", "interestExpense": "607000000", "nonInterestIncome": "None", "otherNonOperatingIncome": "618000000", "depreciation": "None", "depreciationAndAmortization": "260000000", "incomeBeforeTax": "3722000000", "incomeTaxExpense": "-139000000", "interestAndDebtExpense": "None", "netIncomeFromContinuingOperations": "3861000000", "comprehensiveIncomeNetOfTax": "None", "ebit": "3722000000", "ebitda": "3982000000", "netIncome": "3861000000"}, {"fiscalDateEnding": "2016-12-31", "reportedCurrency": "USD", "grossProfit": "31469000000", "totalRevenue": "31469000000", "costOfRevenue": "-11000000", "costofGoodsAndServicesSold": "-11000000", "operatingIncome": "4950000000", "sellingGeneralAndAdministrative": "3081000000", "researchAndDevelopment": "0", "operatingExpenses": "9004000000", "investmentIncomeNet": "None", "netInterestIncome": "-605000000", "interestIncome": "341000000", "interestExpense": "605000000", "nonInterestIncome": "None", "otherNonOperatingIncome": "-35000000", "depreciation": "None", "depreciationAndAmortization": "19000000", "incomeBeforeTax": "4950000000", "incomeTaxExpense": "815000000", "interestAndDebtExpense": "None", "netIncomeFromContinuingOperations": "4135000000", "comprehensiveIncomeNetOfTax": "None", "ebit": "4950000000", "ebitda": "4969000000", "netIncome": "4135000000"}, {"fiscalDateEnding": "2015-12-31", "reportedCurrency": "USD", "grossProfit": "18987000000", "totalRevenue": "18987000000", "costOfRevenue": "19000000", "costofGoodsAndServicesSold": "19000000", "operatingIncome": "3296000000", "sellingGeneralAndAdministrative": "2270000000", "researchAndDevelopment": "0", "operatingExpenses": "15372000000", "investmentIncomeNet": "None", "netInterestIncome": "None", "interestIncome": "187000000", "interestExpense": "300000000", "nonInterestIncome": "None", "otherNonOperatingIncome": "-1280000000", "depreciation": "None", "depreciationAndAmortization": "171000000", "incomeBeforeTax": "3296000000", "incomeTaxExpense": "462000000", "interestAndDebtExpense": "None", "netIncomeFromContinuingOperations": "3296000000", "comprehensiveIncomeNetOfTax": "None", "ebit": "3296000000", "ebitda": "3467000000", "netIncome": "2834000000"}, {"fiscalDateEnding": "2014-12-31", "reportedCurrency": "USD", "grossProfit": "19171000000", "totalRevenue": "19171000000", "costOfRevenue": "-2000000", "costofGoodsAndServicesSold": "-2000000", "operatingIncome": "3487000000", "sellingGeneralAndAdministrative": "2245000000", "researchAndDevelopment": "0", "operatingExpenses": "15406000000", "investmentIncomeNet": "None", "netInterestIncome": "None", "interestIncome": "None", "interestExpense": "280000000", "nonInterestIncome": "None", "otherNonOperatingIncome": "820000000", "depreciation": "None", "depreciationAndAmortization": "108000000", "incomeBeforeTax": "3487000000", "incomeTaxExpense": "634000000", "interestAndDebtExpense": "None", "netIncomeFromContinuingOperations": "3487000000", "comprehensiveIncomeNetOfTax": "None", "ebit": "3487000000", "ebitda": "3595000000", "netIncome": "2853000000"}, {"fiscalDateEnding": "2013-12-31", "reportedCurrency": "USD", "grossProfit": "19261000000", "totalRevenue": "19261000000", "costOfRevenue": "-16000000", "costofGoodsAndServicesSold": "-16000000", "operatingIncome": "4238000000", "sellingGeneralAndAdministrative": "2211000000", "researchAndDevelopment": "0", "operatingExpenses": "14764000000", "investmentIncomeNet": "None", "netInterestIncome": "None", "interestIncome": "None", "interestExpense": "275000000", "nonInterestIncome": "None", "otherNonOperatingIncome": "-1762000000", "depreciation": "None", "depreciationAndAmortization": "95000000", "incomeBeforeTax": "4238000000", "incomeTaxExpense": "480000000", "interestAndDebtExpense": "None", "netIncomeFromContinuingOperations": "4238000000", "comprehensiveIncomeNetOfTax": "None", "ebit": "4238000000", "ebitda": "4333000000", "netIncome": "3758000000"}, {"fiscalDateEnding": "2012-12-31", "reportedCurrency": "USD", "grossProfit": "15841000000", "totalRevenue": "15841000000", "costOfRevenue": "-2124000000", "costofGoodsAndServicesSold": "-2124000000", "operatingIncome": "2683000000", "sellingGeneralAndAdministrative": "1768000000", "researchAndDevelopment": "0", "operatingExpenses": "14739000000", "investmentIncomeNet": "None", "netInterestIncome": "None", "interestIncome": "None", "interestExpense": "238000000", "nonInterestIncome": "None", "otherNonOperatingIncome": "1350000000", "depreciation": "None", "depreciationAndAmortization": "51000000", "incomeBeforeTax": "2683000000", "incomeTaxExpense": "212000000", "interestAndDebtExpense": "None", "netIncomeFromContinuingOperations": "2976000000", "comprehensiveIncomeNetOfTax": "None", "ebit": "2683000000", "ebitda": "2734000000", "netIncome": "2471000000"}, {"fiscalDateEnding": "2011-12-31", "reportedCurrency": "USD", "grossProfit": "8115000000", "totalRevenue": "8115000000", "costOfRevenue": "-8719000000", "costofGoodsAndServicesSold": "-8719000000", "operatingIncome": "1614000000", "sellingGeneralAndAdministrative": "2052000000", "researchAndDevelopment": "0", "operatingExpenses": "14542000000", "investmentIncomeNet": "None", "netInterestIncome": "None", "interestIncome": "None", "interestExpense": "15000000", "nonInterestIncome": "None", "otherNonOperatingIncome": "-73000000", "depreciation": "None", "depreciationAndAmortization": "None", "incomeBeforeTax": "1614000000", "incomeTaxExpense": "394000000", "interestAndDebtExpense": "None", "netIncomeFromContinuingOperations": "2091000000", "comprehensiveIncomeNetOfTax": "None", "ebit": "1614000000", "ebitda": "1614000000", "netIncome": "1220000000"}, {"fiscalDateEnding": "2010-12-31", "reportedCurrency": "USD", "grossProfit": "16006000000", "totalRevenue": "16006000000", "costOfRevenue": "12150000000", "costofGoodsAndServicesSold": "12150000000", "operatingIncome": "3667000000", "sellingGeneralAndAdministrative": "1858000000", "researchAndDevelopment": "0", "operatingExpenses": "12144000000", "investmentIncomeNet": "None", "netInterestIncome": "None", "interestIncome": "None", "interestExpense": "224000000", "nonInterestIncome": "None", "otherNonOperatingIncome": "1526000000", "depreciation": "None", "depreciationAndAmortization": "None", "incomeBeforeTax": "3667000000", "incomeTaxExpense": "559000000", "interestAndDebtExpense": "None", "netIncomeFromContinuingOperations": "4634000000", "comprehensiveIncomeNetOfTax": "None", "ebit": "3667000000", "ebitda": "3667000000", "netIncome": "3108000000"}, {"fiscalDateEnding": "2009-12-31", "reportedCurrency": "USD", "grossProfit": "15075000000", "totalRevenue": "15075000000", "costOfRevenue": "11704000000", "costofGoodsAndServicesSold": "11704000000", "operatingIncome": "2876000000", "sellingGeneralAndAdministrative": "1811000000", "researchAndDevelopment": "0", "operatingExpenses": "11773000000", "investmentIncomeNet": "None", "netInterestIncome": "None", "interestIncome": "None", "interestExpense": "225000000", "nonInterestIncome": "None", "otherNonOperatingIncome": "2712000000", "depreciation": "None", "depreciationAndAmortization": "None", "incomeBeforeTax": "3077000000", "incomeTaxExpense": "528000000", "interestAndDebtExpense": "None", "netIncomeFromContinuingOperations": "5261000000", "comprehensiveIncomeNetOfTax": "None", "ebit": "2876000000", "ebitda": "2876000000", "netIncome": "2549000000"}, {"fiscalDateEnding": "2008-12-31", "reportedCurrency": "USD", "grossProfit": "13671000000", "totalRevenue": "13671000000", "costOfRevenue": "39000000", "costofGoodsAndServicesSold": "39000000", "operatingIncome": "1528000000", "sellingGeneralAndAdministrative": "1737000000", "researchAndDevelopment": "None", "operatingExpenses": "11835000000", "investmentIncomeNet": "None", "netInterestIncome": "None", "interestIncome": "None", "interestExpense": "230000000", "nonInterestIncome": "None", "otherNonOperatingIncome": "None", "depreciation": "None", "depreciationAndAmortization": "None", "incomeBeforeTax": "1567000000", "incomeTaxExpense": "370000000", "interestAndDebtExpense": "None", "netIncomeFromContinuingOperations": "None", "comprehensiveIncomeNetOfTax": "None", "ebit": "1528000000", "ebitda": "1528000000", "netIncome": "1197000000"}, {"fiscalDateEnding": "2007-12-31", "reportedCurrency": "USD", "grossProfit": "14154000000", "totalRevenue": "14154000000", "costOfRevenue": "10763000000", "costofGoodsAndServicesSold": "10763000000", "operatingIncome": "3153000000", "sellingGeneralAndAdministrative": "1455000000", "researchAndDevelopment": "None", "operatingExpenses": "-11001000000", "investmentIncomeNet": "None", "netInterestIncome": "None", "interestIncome": "None", "interestExpense": "175000000", "nonInterestIncome": "None", "otherNonOperatingIncome": "None", "depreciation": "None", "depreciationAndAmortization": "-6000000", "incomeBeforeTax": "3153000000", "incomeTaxExpense": "575000000", "interestAndDebtExpense": "None", "netIncomeFromContinuingOperations": "None", "comprehensiveIncomeNetOfTax": "None", "ebit": "3153000000", "ebitda": "3147000000", "netIncome": "2578000000"}, {"fiscalDateEnding": "2006-12-31", "reportedCurrency": "USD", "grossProfit": "13328000000", "totalRevenue": "13328000000", "costOfRevenue": "10294000000", "costofGoodsAndServicesSold": "10294000000", "operatingIncome": "2827000000", "sellingGeneralAndAdministrative": "1456000000", "researchAndDevelopment": "None", "operatingExpenses": "-10501000000", "investmentIncomeNet": "None", "netInterestIncome": "None", "interestIncome": "None", "interestExpense": "176000000", "nonInterestIncome": "None", "otherNonOperatingIncome": "None", "depreciation": "None", "depreciationAndAmortization": "10000000", "incomeBeforeTax": "2823000000", "incomeTaxExpense": "522000000", "interestAndDebtExpense": "None", "netIncomeFromContinuingOperations": "None", "comprehensiveIncomeNetOfTax": "None", "ebit": "2827000000", "ebitda": "2837000000", "netIncome": "2305000000"}, {"fiscalDateEnding": "2005-12-31", "reportedCurrency": "USD", "grossProfit": "13088000000", "totalRevenue": "13088000000", "costOfRevenue": "11645000000", "costofGoodsAndServicesSold": "11645000000", "operatingIncome": "1301000000", "sellingGeneralAndAdministrative": "1261000000", "researchAndDevelopment": "None", "operatingExpenses": "-11787000000", "investmentIncomeNet": "None", "netInterestIncome": "None", "interestIncome": "None", "interestExpense": "174000000", "nonInterestIncome": "None", "otherNonOperatingIncome": "None", "depreciation": "None", "depreciationAndAmortization": "90000000", "incomeBeforeTax": "1301000000", "incomeTaxExpense": "273000000", "interestAndDebtExpense": "None", "netIncomeFromContinuingOperations": "None", "comprehensiveIncomeNetOfTax": "None", "ebit": "1301000000", "ebitda": "1391000000", "netIncome": "1028000000"}], "quarterlyReports": [{"fiscalDateEnding": "2024-12-31", "reportedCurrency": "USD", "grossProfit": "14278000000", "totalRevenue": "14278000000", "costOfRevenue": "None", "costofGoodsAndServicesSold": "None", "operatingIncome": "3119000000", "sellingGeneralAndAdministrative": "1122000000", "researchAndDevelopment": "None", "operatingExpenses": "11159000000", "investmentIncomeNet": "None", "netInterestIncome": "-189000000", "interestIncome": "22000000", "interestExpense": "189000000", "nonInterestIncome": "None", "otherNonOperatingIncome": "None", "depreciation": "None", "depreciationAndAmortization": "82000000", "incomeBeforeTax": "3119000000", "incomeTaxExpense": "479000000", "interestAndDebtExpense": "None", "netIncomeFromContinuingOperations": "2640000000", "comprehensiveIncomeNetOfTax": "None", "ebit": "3308000000", "ebitda": "3390000000", "netIncome": "2575000000"}, {"fiscalDateEnding": "2024-09-30", "reportedCurrency": "USD", "grossProfit": "14849000000", "totalRevenue": "14849000000", "costOfRevenue": "23000000", "costofGoodsAndServicesSold": "23000000", "operatingIncome": "2838000000", "sellingGeneralAndAdministrative": "1094000000", "researchAndDevelopment": "None", "operatingExpenses": "14872000000", "investmentIncomeNet": "None", "netInterestIncome": "-192000000", "interestIncome": "20000000", "interestExpense": "192000000", "nonInterestIncome": "None", "otherNonOperatingIncome": "None", "depreciation": "None", "depreciationAndAmortization": "81000000", "incomeBeforeTax": "2994000000", "incomeTaxExpense": "504000000", "interestAndDebtExpense": "None", "netIncomeFromContinuingOperations": "2490000000", "comprehensiveIncomeNetOfTax": "None", "ebit": "3186000000", "ebitda": "3267000000", "netIncome": "2324000000"}, {"fiscalDateEnding": "2024-06-30", "reportedCurrency": "USD", "grossProfit": "13846000000", "totalRevenue": "13875000000", "costOfRevenue": "29000000", "costofGoodsAndServicesSold": "29000000", "operatingIncome": "2774000000", "sellingGeneralAndAdministrative": "1094000000", "researchAndDevelopment": "None", "operatingExpenses": "3429000000", "investmentIncomeNet": "None", "netInterestIncome": "-182000000", "interestIncome": "23000000", "interestExpense": "182000000", "nonInterestIncome": "None", "otherNonOperatingIncome": "None", "depreciation": "None", "depreciationAndAmortization": "80000000", "incomeBeforeTax": "2706000000", "incomeTaxExpense": "490000000", "interestAndDebtExpense": "None", "netIncomeFromContinuingOperations": "2216000000", "comprehensiveIncomeNetOfTax": "None", "ebit": "2888000000", "ebitda": "2968000000", "netIncome": "2230000000"}, {"fiscalDateEnding": "2024-03-31", "reportedCurrency": "USD", "grossProfit": "12894000000", "totalRevenue": "12883000000", "costOfRevenue": "-11000000", "costofGoodsAndServicesSold": "-11000000", "operatingIncome": "2768000000", "sellingGeneralAndAdministrative": "1070000000", "researchAndDevelopment": "None", "operatingExpenses": "3336000000", "investmentIncomeNet": "None", "netInterestIncome": "-178000000", "interestIncome": "15000000", "interestExpense": "178000000", "nonInterestIncome": "None", "otherNonOperatingIncome": "None", "depreciation": "None", "depreciationAndAmortization": "80000000", "incomeBeforeTax": "2636000000", "incomeTaxExpense": "342000000", "interestAndDebtExpense": "None", "netIncomeFromContinuingOperations": "2294000000", "comprehensiveIncomeNetOfTax": "None", "ebit": "2814000000", "ebitda": "2894000000", "netIncome": "2143000000"}, {"fiscalDateEnding": "2023-12-31", "reportedCurrency": "USD", "grossProfit": "13260000000", "totalRevenue": "13260000000", "costOfRevenue": "None", "costofGoodsAndServicesSold": "None", "operatingIncome": "2588000000", "sellingGeneralAndAdministrative": "1048000000", "researchAndDevelopment": "None", "operatingExpenses": "3249000000", "investmentIncomeNet": "None", "netInterestIncome": "-173000000", "interestIncome": "23000000", "interestExpense": "173000000", "nonInterestIncome": "None", "otherNonOperatingIncome": "None", "depreciation": "None", "depreciationAndAmortization": "84000000", "incomeBeforeTax": "2612000000", "incomeTaxExpense": "-678000000", "interestAndDebtExpense": "None", "netIncomeFromContinuingOperations": "3290000000", "comprehensiveIncomeNetOfTax": "None", "ebit": "2785000000", "ebitda": "2869000000", "netIncome": "3300000000"}, {"fiscalDateEnding": "2023-09-30", "reportedCurrency": "USD", "grossProfit": "13872000000", "totalRevenue": "13872000000", "costOfRevenue": "None", "costofGoodsAndServicesSold": "None", "operatingIncome": "2485000000", "sellingGeneralAndAdministrative": "1060000000", "researchAndDevelopment": "None", "operatingExpenses": "-11387000000", "investmentIncomeNet": "None", "netInterestIncome": "-174000000", "interestIncome": "193000000", "interestExpense": "174000000", "nonInterestIncome": "None", "otherNonOperatingIncome": "None", "depreciation": "None", "depreciationAndAmortization": "84000000", "incomeBeforeTax": "2145000000", "incomeTaxExpense": "413000000", "interestAndDebtExpense": "None", "netIncomeFromContinuingOperations": "1732000000", "comprehensiveIncomeNetOfTax": "None", "ebit": "2485000000", "ebitda": "2569000000", "netIncome": "2043000000"}, {"fiscalDateEnding": "2023-06-30", "reportedCurrency": "USD", "grossProfit": "11845000000", "totalRevenue": "11845000000", "costOfRevenue": "None", "costofGoodsAndServicesSold": "None", "operatingIncome": "2192000000", "sellingGeneralAndAdministrative": "969000000", "researchAndDevelopment": "None", "operatingExpenses": "-9653000000", "investmentIncomeNet": "None", "netInterestIncome": "-165000000", "interestIncome": "57000000", "interestExpense": "165000000", "nonInterestIncome": "None", "otherNonOperatingIncome": "None", "depreciation": "None", "depreciationAndAmortization": "70000000", "incomeBeforeTax": "1985000000", "incomeTaxExpense": "392000000", "interestAndDebtExpense": "None", "netIncomeFromContinuingOperations": "1593000000", "comprehensiveIncomeNetOfTax": "None", "ebit": "2192000000", "ebitda": "2262000000", "netIncome": "1793000000"}, {"fiscalDateEnding": "2023-03-31", "reportedCurrency": "USD", "grossProfit": "11197000000", "totalRevenue": "11197000000", "costOfRevenue": "-151000000", "costofGoodsAndServicesSold": "-151000000", "operatingIncome": "1579000000", "sellingGeneralAndAdministrative": "930000000", "researchAndDevelopment": "None", "operatingExpenses": "-9769000000", "investmentIncomeNet": "None", "netInterestIncome": "-160000000", "interestIncome": "185000000", "interestExpense": "160000000", "nonInterestIncome": "None", "otherNonOperatingIncome": "None", "depreciation": "None", "depreciationAndAmortization": "72000000", "incomeBeforeTax": "1914000000", "incomeTaxExpense": "384000000", "interestAndDebtExpense": "None", "netIncomeFromContinuingOperations": "1530000000", "comprehensiveIncomeNetOfTax": "None", "ebit": "1579000000", "ebitda": "1651000000", "netIncome": "1892000000"}, {"fiscalDateEnding": "2022-12-31", "reportedCurrency": "USD", "grossProfit": "11500000000", "totalRevenue": "11500000000", "costOfRevenue": "None", "costofGoodsAndServicesSold": "None", "operatingIncome": "1808000000", "sellingGeneralAndAdministrative": "916000000", "researchAndDevelopment": "None", "operatingExpenses": "-9692000000", "investmentIncomeNet": "None", "netInterestIncome": "-154000000", "interestIncome": "154000000", "interestExpense": "154000000", "nonInterestIncome": "None", "otherNonOperatingIncome": "None", "depreciation": "None", "depreciationAndAmortization": "74000000", "incomeBeforeTax": "1654000000", "incomeTaxExpense": "342000000", "interestAndDebtExpense": "None", "netIncomeFromContinuingOperations": "1312000000", "comprehensiveIncomeNetOfTax": "None", "ebit": "1808000000", "ebitda": "1882000000", "netIncome": "1312000000"}, {"fiscalDateEnding": "2022-09-30", "reportedCurrency": "USD", "grossProfit": "12082000000", "totalRevenue": "12082000000", "costOfRevenue": "None", "costofGoodsAndServicesSold": "None", "operatingIncome": "1227000000", "sellingGeneralAndAdministrative": "883000000", "researchAndDevelopment": "None", "operatingExpenses": "1208000000", "investmentIncomeNet": "None", "netInterestIncome": "-150000000", "interestIncome": "150000000", "interestExpense": "150000000", "nonInterestIncome": "None", "otherNonOperatingIncome": "None", "depreciation": "None", "depreciationAndAmortization": "69000000", "incomeBeforeTax": "1077000000", "incomeTaxExpense": "265000000", "interestAndDebtExpense": "None", "netIncomeFromContinuingOperations": "812000000", "comprehensiveIncomeNetOfTax": "None", "ebit": "1227000000", "ebitda": "1296000000", "netIncome": "812000000"}, {"fiscalDateEnding": "2022-06-30", "reportedCurrency": "USD", "grossProfit": "9923000000", "totalRevenue": "9923000000", "costOfRevenue": "None", "costofGoodsAndServicesSold": "None", "operatingIncome": "1642000000", "sellingGeneralAndAdministrative": "818000000", "researchAndDevelopment": "None", "operatingExpenses": "-8281000000", "investmentIncomeNet": "None", "netInterestIncome": "-134000000", "interestIncome": "205000000", "interestExpense": "134000000", "nonInterestIncome": "None", "otherNonOperatingIncome": "-4786000000", "depreciation": "None", "depreciationAndAmortization": "71000000", "incomeBeforeTax": "1508000000", "incomeTaxExpense": "293000000", "interestAndDebtExpense": "None", "netIncomeFromContinuingOperations": "1417000000", "comprehensiveIncomeNetOfTax": "None", "ebit": "1642000000", "ebitda": "1713000000", "netIncome": "1215000000"}, {"fiscalDateEnding": "2022-03-31", "reportedCurrency": "USD", "grossProfit": "9638000000", "totalRevenue": "9638000000", "costOfRevenue": "None", "costofGoodsAndServicesSold": "None", "operatingIncome": "2461000000", "sellingGeneralAndAdministrative": "778000000", "researchAndDevelopment": "None", "operatingExpenses": "-7177000000", "investmentIncomeNet": "None", "netInterestIncome": "-132000000", "interestIncome": "3000000", "interestExpense": "132000000", "nonInterestIncome": "None", "otherNonOperatingIncome": "-4788000000", "depreciation": "None", "depreciationAndAmortization": "71000000", "incomeBeforeTax": "2329000000", "incomeTaxExpense": "355000000", "interestAndDebtExpense": "None", "netIncomeFromContinuingOperations": "1974000000", "comprehensiveIncomeNetOfTax": "None", "ebit": "2461000000", "ebitda": "2532000000", "netIncome": "1974000000"}, {"fiscalDateEnding": "2021-12-31", "reportedCurrency": "USD", "grossProfit": "10480000000", "totalRevenue": "10483000000", "costOfRevenue": "3000000", "costofGoodsAndServicesSold": "3000000", "operatingIncome": "2671000000", "sellingGeneralAndAdministrative": "811000000", "researchAndDevelopment": "None", "operatingExpenses": "-7809000000", "investmentIncomeNet": "None", "netInterestIncome": "-126000000", "interestIncome": "126000000", "interestExpense": "126000000", "nonInterestIncome": "None", "otherNonOperatingIncome": "-784000000", "depreciation": "None", "depreciationAndAmortization": "71000000", "incomeBeforeTax": "2545000000", "incomeTaxExpense": "404000000", "interestAndDebtExpense": "None", "netIncomeFromContinuingOperations": "2141000000", "comprehensiveIncomeNetOfTax": "None", "ebit": "2671000000", "ebitda": "2742000000", "netIncome": "2141000000"}, {"fiscalDateEnding": "2021-09-30", "reportedCurrency": "USD", "grossProfit": "10821000000", "totalRevenue": "10845000000", "costOfRevenue": "24000000", "costofGoodsAndServicesSold": "24000000", "operatingIncome": "2173000000", "sellingGeneralAndAdministrative": "806000000", "researchAndDevelopment": "None", "operatingExpenses": "-8648000000", "investmentIncomeNet": "None", "netInterestIncome": "-122000000", "interestIncome": "680000000", "interestExpense": "122000000", "nonInterestIncome": "None", "otherNonOperatingIncome": "-564000000", "depreciation": "None", "depreciationAndAmortization": "71000000", "incomeBeforeTax": "2051000000", "incomeTaxExpense": "218000000", "interestAndDebtExpense": "None", "netIncomeFromContinuingOperations": "1833000000", "comprehensiveIncomeNetOfTax": "None", "ebit": "2173000000", "ebitda": "2244000000", "netIncome": "1833000000"}, {"fiscalDateEnding": "2021-06-30", "reportedCurrency": "USD", "grossProfit": "9664000000", "totalRevenue": "9664000000", "costOfRevenue": "-15000000", "costofGoodsAndServicesSold": "-15000000", "operatingIncome": "2704000000", "sellingGeneralAndAdministrative": "775000000", "researchAndDevelopment": "None", "operatingExpenses": "-6975000000", "investmentIncomeNet": "None", "netInterestIncome": "-122000000", "interestIncome": "122000000", "interestExpense": "122000000", "nonInterestIncome": "None", "otherNonOperatingIncome": "706000000", "depreciation": "None", "depreciationAndAmortization": "73000000", "incomeBeforeTax": "1028000000", "incomeTaxExpense": "317000000", "interestAndDebtExpense": "None", "netIncomeFromContinuingOperations": "711000000", "comprehensiveIncomeNetOfTax": "None", "ebit": "2704000000", "ebitda": "2777000000", "netIncome": "2265000000"}, {"fiscalDateEnding": "2021-03-31", "reportedCurrency": "USD", "grossProfit": "9971000000", "totalRevenue": "9971000000", "costOfRevenue": "-4000000", "costofGoodsAndServicesSold": "-4000000", "operatingIncome": "2760000000", "sellingGeneralAndAdministrative": "744000000", "researchAndDevelopment": "None", "operatingExpenses": "-7215000000", "investmentIncomeNet": "None", "netInterestIncome": "-122000000", "interestIncome": "2000000", "interestExpense": "122000000", "nonInterestIncome": "None", "otherNonOperatingIncome": "-2293000000", "depreciation": "None", "depreciationAndAmortization": "72000000", "incomeBeforeTax": "1658000000", "incomeTaxExpense": "338000000", "interestAndDebtExpense": "None", "netIncomeFromContinuingOperations": "1320000000", "comprehensiveIncomeNetOfTax": "None", "ebit": "2760000000", "ebitda": "2832000000", "netIncome": "2300000000"}, {"fiscalDateEnding": "2020-12-31", "reportedCurrency": "USD", "grossProfit": "9898000000", "totalRevenue": "9848000000", "costOfRevenue": "-50000000", "costofGoodsAndServicesSold": "-50000000", "operatingIncome": "2878000000", "sellingGeneralAndAdministrative": "778000000", "researchAndDevelopment": "None", "operatingExpenses": "-7020000000", "investmentIncomeNet": "None", "netInterestIncome": "-126000000", "interestIncome": "126000000", "interestExpense": "126000000", "nonInterestIncome": "None", "otherNonOperatingIncome": "855000000", "depreciation": "None", "depreciationAndAmortization": "73000000", "incomeBeforeTax": "2752000000", "incomeTaxExpense": "334000000", "interestAndDebtExpense": "None", "netIncomeFromContinuingOperations": "2418000000", "comprehensiveIncomeNetOfTax": "None", "ebit": "2878000000", "ebitda": "2951000000", "netIncome": "2418000000"}, {"fiscalDateEnding": "2020-09-30", "reportedCurrency": "USD", "grossProfit": "9488000000", "totalRevenue": "9464000000", "costOfRevenue": "-24000000", "costofGoodsAndServicesSold": "-24000000", "operatingIncome": "1466000000", "sellingGeneralAndAdministrative": "733000000", "researchAndDevelopment": "None", "operatingExpenses": "-8022000000", "investmentIncomeNet": "None", "netInterestIncome": "-130000000", "interestIncome": "349000000", "interestExpense": "130000000", "nonInterestIncome": "None", "otherNonOperatingIncome": "687000000", "depreciation": "None", "depreciationAndAmortization": "72000000", "incomeBeforeTax": "1336000000", "incomeTaxExpense": "142000000", "interestAndDebtExpense": "None", "netIncomeFromContinuingOperations": "1194000000", "comprehensiveIncomeNetOfTax": "None", "ebit": "1466000000", "ebitda": "1538000000", "netIncome": "1194000000"}, {"fiscalDateEnding": "2020-06-30", "reportedCurrency": "USD", "grossProfit": "8985000000", "totalRevenue": "8985000000", "costOfRevenue": "-40000000", "costofGoodsAndServicesSold": "-40000000", "operatingIncome": "-265000000", "sellingGeneralAndAdministrative": "727000000", "researchAndDevelopment": "None", "operatingExpenses": "-9290000000", "investmentIncomeNet": "None", "netInterestIncome": "-128000000", "interestIncome": "3000000", "interestExpense": "128000000", "nonInterestIncome": "None", "otherNonOperatingIncome": "3248000000", "depreciation": "None", "depreciationAndAmortization": "72000000", "incomeBeforeTax": "-393000000", "incomeTaxExpense": "-62000000", "interestAndDebtExpense": "None", "netIncomeFromContinuingOperations": "-331000000", "comprehensiveIncomeNetOfTax": "None", "ebit": "-265000000", "ebitda": "-193000000", "netIncome": "-331000000"}, {"fiscalDateEnding": "2020-03-31", "reportedCurrency": "USD", "grossProfit": "7641000000", "totalRevenue": "7697000000", "costOfRevenue": "56000000", "costofGoodsAndServicesSold": "56000000", "operatingIncome": "599000000", "sellingGeneralAndAdministrative": "741000000", "researchAndDevelopment": "None", "operatingExpenses": "-7042000000", "investmentIncomeNet": "None", "netInterestIncome": "-132000000", "interestIncome": "9000000", "interestExpense": "132000000", "nonInterestIncome": "None", "otherNonOperatingIncome": "-2479000000", "depreciation": "None", "depreciationAndAmortization": "73000000", "incomeBeforeTax": "467000000", "incomeTaxExpense": "215000000", "interestAndDebtExpense": "None", "netIncomeFromContinuingOperations": "252000000", "comprehensiveIncomeNetOfTax": "None", "ebit": "599000000", "ebitda": "672000000", "netIncome": "252000000"}, {"fiscalDateEnding": "2019-12-31", "reportedCurrency": "USD", "grossProfit": "8762000000", "totalRevenue": "8762000000", "costOfRevenue": "6523000000", "costofGoodsAndServicesSold": "6523000000", "operatingIncome": "1476000000", "sellingGeneralAndAdministrative": "810000000", "researchAndDevelopment": "None", "operatingExpenses": "-7286000000", "investmentIncomeNet": "None", "netInterestIncome": "-134000000", "interestIncome": "6000000", "interestExpense": "134000000", "nonInterestIncome": "None", "otherNonOperatingIncome": "-87000000", "depreciation": "None", "depreciationAndAmortization": "76000000", "incomeBeforeTax": "1342000000", "incomeTaxExpense": "169000000", "interestAndDebtExpense": "None", "netIncomeFromContinuingOperations": "1173000000", "comprehensiveIncomeNetOfTax": "None", "ebit": "1476000000", "ebitda": "1552000000", "netIncome": "1173000000"}, {"fiscalDateEnding": "2019-09-30", "reportedCurrency": "USD", "grossProfit": "9038000000", "totalRevenue": "9079000000", "costOfRevenue": "41000000", "costofGoodsAndServicesSold": "41000000", "operatingIncome": "1459000000", "sellingGeneralAndAdministrative": "752000000", "researchAndDevelopment": "None", "operatingExpenses": "7584000000", "investmentIncomeNet": "None", "netInterestIncome": "-138000000", "interestIncome": "7000000", "interestExpense": "138000000", "nonInterestIncome": "None", "otherNonOperatingIncome": "694000000", "depreciation": "None", "depreciationAndAmortization": "76000000", "incomeBeforeTax": "1321000000", "incomeTaxExpense": "230000000", "interestAndDebtExpense": "None", "netIncomeFromContinuingOperations": "1091000000", "comprehensiveIncomeNetOfTax": "None", "ebit": "1459000000", "ebitda": "1535000000", "netIncome": "1091000000"}, {"fiscalDateEnding": "2019-06-30", "reportedCurrency": "USD", "grossProfit": "8524000000", "totalRevenue": "8524000000", "costOfRevenue": "6420000000", "costofGoodsAndServicesSold": "6420000000", "operatingIncome": "1498000000", "sellingGeneralAndAdministrative": "758000000", "researchAndDevelopment": "None", "operatingExpenses": "7025000000", "investmentIncomeNet": "None", "netInterestIncome": "-140000000", "interestIncome": "110000000", "interestExpense": "140000000", "nonInterestIncome": "None", "otherNonOperatingIncome": "1252000000", "depreciation": "None", "depreciationAndAmortization": "77000000", "incomeBeforeTax": "1358000000", "incomeTaxExpense": "208000000", "interestAndDebtExpense": "None", "netIncomeFromContinuingOperations": "1150000000", "comprehensiveIncomeNetOfTax": "None", "ebit": "1498000000", "ebitda": "1575000000", "netIncome": "1150000000"}, {"fiscalDateEnding": "2019-03-31", "reportedCurrency": "USD", "grossProfit": "7906000000", "totalRevenue": "7906000000", "costOfRevenue": "5758000000", "costofGoodsAndServicesSold": "5758000000", "operatingIncome": "1368000000", "sellingGeneralAndAdministrative": "710000000", "researchAndDevelopment": "None", "operatingExpenses": "6505000000", "investmentIncomeNet": "None", "netInterestIncome": "-140000000", "interestIncome": "None", "interestExpense": "140000000", "nonInterestIncome": "None", "otherNonOperatingIncome": "1845000000", "depreciation": "None", "depreciationAndAmortization": "76000000", "incomeBeforeTax": "1228000000", "incomeTaxExpense": "188000000", "interestAndDebtExpense": "None", "netIncomeFromContinuingOperations": "1040000000", "comprehensiveIncomeNetOfTax": "None", "ebit": "1368000000", "ebitda": "1444000000", "netIncome": "1040000000"}, {"fiscalDateEnding": "2018-12-31", "reportedCurrency": "USD", "grossProfit": "7606000000", "totalRevenue": "7626000000", "costOfRevenue": "20000000", "costofGoodsAndServicesSold": "20000000", "operatingIncome": "667000000", "sellingGeneralAndAdministrative": "728000000", "researchAndDevelopment": "0", "operatingExpenses": "6939000000", "investmentIncomeNet": "None", "netInterestIncome": "None", "interestIncome": "None", "interestExpense": "153000000", "nonInterestIncome": "None", "otherNonOperatingIncome": "-235000000", "depreciation": "None", "depreciationAndAmortization": "86000000", "incomeBeforeTax": "514000000", "incomeTaxExpense": "159000000", "interestAndDebtExpense": "None", "netIncomeFromContinuingOperations": "355000000", "comprehensiveIncomeNetOfTax": "None", "ebit": "667000000", "ebitda": "753000000", "netIncome": "355000000"}, {"fiscalDateEnding": "2018-09-30", "reportedCurrency": "USD", "grossProfit": "8736000000", "totalRevenue": "8750000000", "costOfRevenue": "14000000", "costofGoodsAndServicesSold": "14000000", "operatingIncome": "1578000000", "sellingGeneralAndAdministrative": "719000000", "researchAndDevelopment": "0", "operatingExpenses": "7156000000", "investmentIncomeNet": "None", "netInterestIncome": "None", "interestIncome": "None", "interestExpense": "164000000", "nonInterestIncome": "None", "otherNonOperatingIncome": "-251000000", "depreciation": "None", "depreciationAndAmortization": "83000000", "incomeBeforeTax": "1414000000", "incomeTaxExpense": "183000000", "interestAndDebtExpense": "None", "netIncomeFromContinuingOperations": "1231000000", "comprehensiveIncomeNetOfTax": "None", "ebit": "1578000000", "ebitda": "1661000000", "netIncome": "1231000000"}, {"fiscalDateEnding": "2018-06-30", "reportedCurrency": "USD", "grossProfit": "8500000000", "totalRevenue": "8500000000", "costOfRevenue": "6101000000", "costofGoodsAndServicesSold": "6101000000", "operatingIncome": "1679000000", "sellingGeneralAndAdministrative": "747000000", "researchAndDevelopment": "0", "operatingExpenses": "6818000000", "investmentIncomeNet": "None", "netInterestIncome": "None", "interestIncome": "None", "interestExpense": "167000000", "nonInterestIncome": "None", "otherNonOperatingIncome": "-578000000", "depreciation": "None", "depreciationAndAmortization": "85000000", "incomeBeforeTax": "1512000000", "incomeTaxExpense": "218000000", "interestAndDebtExpense": "None", "netIncomeFromContinuingOperations": "1294000000", "comprehensiveIncomeNetOfTax": "None", "ebit": "1679000000", "ebitda": "1764000000", "netIncome": "1294000000"}, {"fiscalDateEnding": "2018-03-31", "reportedCurrency": "USD", "grossProfit": "7837000000", "totalRevenue": "7837000000", "costOfRevenue": "5717000000", "costofGoodsAndServicesSold": "5717000000", "operatingIncome": "1374000000", "sellingGeneralAndAdministrative": "692000000", "researchAndDevelopment": "0", "operatingExpenses": "6447000000", "investmentIncomeNet": "None", "netInterestIncome": "None", "interestIncome": "None", "interestExpense": "157000000", "nonInterestIncome": "None", "otherNonOperatingIncome": "-1234000000", "depreciation": "None", "depreciationAndAmortization": "85000000", "incomeBeforeTax": "1217000000", "incomeTaxExpense": "135000000", "interestAndDebtExpense": "None", "netIncomeFromContinuingOperations": "1082000000", "comprehensiveIncomeNetOfTax": "None", "ebit": "1374000000", "ebitda": "1459000000", "netIncome": "1082000000"}, {"fiscalDateEnding": "2017-12-31", "reportedCurrency": "USD", "grossProfit": "8042000000", "totalRevenue": "8042000000", "costOfRevenue": "6709000000", "costofGoodsAndServicesSold": "6709000000", "operatingIncome": "1307000000", "sellingGeneralAndAdministrative": "737000000", "researchAndDevelopment": "0", "operatingExpenses": "6631000000", "investmentIncomeNet": "None", "netInterestIncome": "None", "interestIncome": "None", "interestExpense": "156000000", "nonInterestIncome": "None", "otherNonOperatingIncome": "-301000000", "depreciation": "None", "depreciationAndAmortization": "66000000", "incomeBeforeTax": "1151000000", "incomeTaxExpense": "-382000000", "interestAndDebtExpense": "None", "netIncomeFromContinuingOperations": "1533000000", "comprehensiveIncomeNetOfTax": "None", "ebit": "1501000000", "ebitda": "1567000000", "netIncome": "1533000000"}, {"fiscalDateEnding": "2017-09-30", "reportedCurrency": "USD", "grossProfit": "8610000000", "totalRevenue": "8610000000", "costOfRevenue": "-24000000", "costofGoodsAndServicesSold": "-24000000", "operatingIncome": "-5000000", "sellingGeneralAndAdministrative": "714000000", "researchAndDevelopment": "0", "operatingExpenses": "8565000000", "investmentIncomeNet": "None", "netInterestIncome": "None", "interestIncome": "None", "interestExpense": "150000000", "nonInterestIncome": "None", "otherNonOperatingIncome": "153000000", "depreciation": "None", "depreciationAndAmortization": "65000000", "incomeBeforeTax": "-155000000", "incomeTaxExpense": "-85000000", "interestAndDebtExpense": "None", "netIncomeFromContinuingOperations": "-70000000", "comprehensiveIncomeNetOfTax": "None", "ebit": "-70000000", "ebitda": "-5000000", "netIncome": "-70000000"}, {"fiscalDateEnding": "2017-06-30", "reportedCurrency": "USD", "grossProfit": "8108000000", "totalRevenue": "8108000000", "costOfRevenue": "-16000000", "costofGoodsAndServicesSold": "-16000000", "operatingIncome": "1652000000", "sellingGeneralAndAdministrative": "706000000", "researchAndDevelopment": "0", "operatingExpenses": "6384000000", "investmentIncomeNet": "None", "netInterestIncome": "None", "interestIncome": "None", "interestExpense": "147000000", "nonInterestIncome": "None", "otherNonOperatingIncome": "459000000", "depreciation": "None", "depreciationAndAmortization": "65000000", "incomeBeforeTax": "1505000000", "incomeTaxExpense": "200000000", "interestAndDebtExpense": "None", "netIncomeFromContinuingOperations": "1305000000", "comprehensiveIncomeNetOfTax": "None", "ebit": "1587000000", "ebitda": "1652000000", "netIncome": "1305000000"}, {"fiscalDateEnding": "2017-03-31", "reportedCurrency": "USD", "grossProfit": "7510000000", "totalRevenue": "7510000000", "costOfRevenue": "-30000000", "costofGoodsAndServicesSold": "-30000000", "operatingIncome": "1375000000", "sellingGeneralAndAdministrative": "676000000", "researchAndDevelopment": "0", "operatingExpenses": "6024000000", "investmentIncomeNet": "None", "netInterestIncome": "None", "interestIncome": "None", "interestExpense": "154000000", "nonInterestIncome": "None", "otherNonOperatingIncome": "307000000", "depreciation": "None", "depreciationAndAmortization": "64000000", "incomeBeforeTax": "1221000000", "incomeTaxExpense": "128000000", "interestAndDebtExpense": "None", "netIncomeFromContinuingOperations": "1093000000", "comprehensiveIncomeNetOfTax": "None", "ebit": "1311000000", "ebitda": "1375000000", "netIncome": "1093000000"}, {"fiscalDateEnding": "2016-12-31", "reportedCurrency": "USD", "grossProfit": "8157000000", "totalRevenue": "8168000000", "costOfRevenue": "11000000", "costofGoodsAndServicesSold": "11000000", "operatingIncome": "2023000000", "sellingGeneralAndAdministrative": "708000000", "researchAndDevelopment": "0", "operatingExpenses": "6014000000", "investmentIncomeNet": "None", "netInterestIncome": "None", "interestIncome": "None", "interestExpense": "154000000", "nonInterestIncome": "None", "otherNonOperatingIncome": "-1229000000", "depreciation": "None", "depreciationAndAmortization": "3000000", "incomeBeforeTax": "1869000000", "incomeTaxExpense": "259000000", "interestAndDebtExpense": "None", "netIncomeFromContinuingOperations": "2049000000", "comprehensiveIncomeNetOfTax": "None", "ebit": "2164000000", "ebitda": "2167000000", "netIncome": "1610000000"}, {"fiscalDateEnding": "2016-09-30", "reportedCurrency": "USD", "grossProfit": "8527000000", "totalRevenue": "8527000000", "costOfRevenue": "-22000000", "costofGoodsAndServicesSold": "-22000000", "operatingIncome": "1789000000", "sellingGeneralAndAdministrative": "772000000", "researchAndDevelopment": "0", "operatingExpenses": "6623000000", "investmentIncomeNet": "None", "netInterestIncome": "None", "interestIncome": "None", "interestExpense": "152000000", "nonInterestIncome": "None", "otherNonOperatingIncome": "247000000", "depreciation": "None", "depreciationAndAmortization": "4000000", "incomeBeforeTax": "1637000000", "incomeTaxExpense": "277000000", "interestAndDebtExpense": "None", "netIncomeFromContinuingOperations": "1360000000", "comprehensiveIncomeNetOfTax": "None", "ebit": "2105000000", "ebitda": "2109000000", "netIncome": "1360000000"}, {"fiscalDateEnding": "2016-06-30", "reportedCurrency": "USD", "grossProfit": "7897000000", "totalRevenue": "7897000000", "costOfRevenue": "-3000000", "costofGoodsAndServicesSold": "-3000000", "operatingIncome": "1029000000", "sellingGeneralAndAdministrative": "829000000", "researchAndDevelopment": "0", "operatingExpenses": "6765000000", "investmentIncomeNet": "None", "netInterestIncome": "None", "interestIncome": "None", "interestExpense": "153000000", "nonInterestIncome": "None", "otherNonOperatingIncome": "947000000", "depreciation": "None", "depreciationAndAmortization": "5000000", "incomeBeforeTax": "881000000", "incomeTaxExpense": "155000000", "interestAndDebtExpense": "None", "netIncomeFromContinuingOperations": "726000000", "comprehensiveIncomeNetOfTax": "None", "ebit": "1029000000", "ebitda": "1034000000", "netIncome": "726000000"}, {"fiscalDateEnding": "2016-03-31", "reportedCurrency": "USD", "grossProfit": "6874000000", "totalRevenue": "6877000000", "costOfRevenue": "3000000", "costofGoodsAndServicesSold": "3000000", "operatingIncome": "702000000", "sellingGeneralAndAdministrative": "772000000", "researchAndDevelopment": "0", "operatingExpenses": "6020000000", "investmentIncomeNet": "None", "netInterestIncome": "None", "interestIncome": "None", "interestExpense": "146000000", "nonInterestIncome": "None", "otherNonOperatingIncome": "None", "depreciation": "None", "depreciationAndAmortization": "7000000", "incomeBeforeTax": "563000000", "incomeTaxExpense": "124000000", "interestAndDebtExpense": "None", "netIncomeFromContinuingOperations": "439000000", "comprehensiveIncomeNetOfTax": "None", "ebit": "702000000", "ebitda": "709000000", "netIncome": "439000000"}, {"fiscalDateEnding": "2015-12-31", "reportedCurrency": "USD", "grossProfit": "4692000000", "totalRevenue": "4692000000", "costOfRevenue": "3807000000", "costofGoodsAndServicesSold": "3807000000", "operatingIncome": "808000000", "sellingGeneralAndAdministrative": "570000000", "researchAndDevelopment": "0", "operatingExpenses": "3812000000", "investmentIncomeNet": "None", "netInterestIncome": "None", "interestIncome": "None", "interestExpense": "93000000", "nonInterestIncome": "None", "otherNonOperatingIncome": "-584000000", "depreciation": "None", "depreciationAndAmortization": "35000000", "incomeBeforeTax": "750000000", "incomeTaxExpense": "67000000", "interestAndDebtExpense": "None", "netIncomeFromContinuingOperations": "750000000", "comprehensiveIncomeNetOfTax": "None", "ebit": "808000000", "ebitda": "843000000", "netIncome": "683000000"}, {"fiscalDateEnding": "2015-09-30", "reportedCurrency": "USD", "grossProfit": "4820000000", "totalRevenue": "4871000000", "costOfRevenue": "51000000", "costofGoodsAndServicesSold": "51000000", "operatingIncome": "677000000", "sellingGeneralAndAdministrative": "568000000", "researchAndDevelopment": "0", "operatingExpenses": "4134000000", "investmentIncomeNet": "None", "netInterestIncome": "None", "interestIncome": "None", "interestExpense": "68000000", "nonInterestIncome": "None", "otherNonOperatingIncome": "-321000000", "depreciation": "None", "depreciationAndAmortization": "51000000", "incomeBeforeTax": "660000000", "incomeTaxExpense": "132000000", "interestAndDebtExpense": "None", "netIncomeFromContinuingOperations": "660000000", "comprehensiveIncomeNetOfTax": "None", "ebit": "677000000", "ebitda": "728000000", "netIncome": "528000000"}, {"fiscalDateEnding": "2015-06-30", "reportedCurrency": "USD", "grossProfit": "5054000000", "totalRevenue": "5048000000", "costOfRevenue": "-6000000", "costofGoodsAndServicesSold": "-6000000", "operatingIncome": "1101000000", "sellingGeneralAndAdministrative": "578000000", "researchAndDevelopment": "0", "operatingExpenses": "3892000000", "investmentIncomeNet": "None", "netInterestIncome": "None", "interestIncome": "None", "interestExpense": "71000000", "nonInterestIncome": "None", "otherNonOperatingIncome": "-816000000", "depreciation": "None", "depreciationAndAmortization": "55000000", "incomeBeforeTax": "1085000000", "incomeTaxExpense": "143000000", "interestAndDebtExpense": "None", "netIncomeFromContinuingOperations": "1085000000", "comprehensiveIncomeNetOfTax": "None", "ebit": "1101000000", "ebitda": "1156000000", "netIncome": "942000000"}, {"fiscalDateEnding": "2015-03-31", "reportedCurrency": "USD", "grossProfit": "4389000000", "totalRevenue": "4389000000", "costOfRevenue": "-11000000", "costofGoodsAndServicesSold": "-11000000", "operatingIncome": "839000000", "sellingGeneralAndAdministrative": "554000000", "researchAndDevelopment": "0", "operatingExpenses": "3520000000", "investmentIncomeNet": "None", "netInterestIncome": "None", "interestIncome": "None", "interestExpense": "68000000", "nonInterestIncome": "None", "otherNonOperatingIncome": "441000000", "depreciation": "None", "depreciationAndAmortization": "30000000", "incomeBeforeTax": "801000000", "incomeTaxExpense": "120000000", "interestAndDebtExpense": "None", "netIncomeFromContinuingOperations": "801000000", "comprehensiveIncomeNetOfTax": "None", "ebit": "839000000", "ebitda": "869000000", "netIncome": "681000000"}, {"fiscalDateEnding": "2014-12-31", "reportedCurrency": "USD", "grossProfit": "4734000000", "totalRevenue": "4734000000", "costOfRevenue": "3939000000", "costofGoodsAndServicesSold": "3939000000", "operatingIncome": "824000000", "sellingGeneralAndAdministrative": "590000000", "researchAndDevelopment": "0", "operatingExpenses": "3883000000", "investmentIncomeNet": "None", "netInterestIncome": "None", "interestIncome": "None", "interestExpense": "67000000", "nonInterestIncome": "None", "otherNonOperatingIncome": "87000000", "depreciation": "None", "depreciationAndAmortization": "30000000", "incomeBeforeTax": "787000000", "incomeTaxExpense": "232000000", "interestAndDebtExpense": "None", "netIncomeFromContinuingOperations": "787000000", "comprehensiveIncomeNetOfTax": "None", "ebit": "824000000", "ebitda": "854000000", "netIncome": "555000000"}, {"fiscalDateEnding": "2014-09-30", "reportedCurrency": "USD", "grossProfit": "5194000000", "totalRevenue": "5200000000", "costOfRevenue": "6000000", "costofGoodsAndServicesSold": "6000000", "operatingIncome": "1004000000", "sellingGeneralAndAdministrative": "554000000", "researchAndDevelopment": "0", "operatingExpenses": "4169000000", "investmentIncomeNet": "None", "netInterestIncome": "None", "interestIncome": "None", "interestExpense": "70000000", "nonInterestIncome": "None", "otherNonOperatingIncome": "-375000000", "depreciation": "None", "depreciationAndAmortization": "27000000", "incomeBeforeTax": "961000000", "incomeTaxExpense": "176000000", "interestAndDebtExpense": "None", "netIncomeFromContinuingOperations": "961000000", "comprehensiveIncomeNetOfTax": "None", "ebit": "1004000000", "ebitda": "1031000000", "netIncome": "785000000"}, {"fiscalDateEnding": "2014-06-30", "reportedCurrency": "USD", "grossProfit": "4815000000", "totalRevenue": "4815000000", "costOfRevenue": "-17000000", "costofGoodsAndServicesSold": "-17000000", "operatingIncome": "954000000", "sellingGeneralAndAdministrative": "566000000", "researchAndDevelopment": "0", "operatingExpenses": "3831000000", "investmentIncomeNet": "None", "netInterestIncome": "None", "interestIncome": "None", "interestExpense": "72000000", "nonInterestIncome": "None", "otherNonOperatingIncome": "589000000", "depreciation": "None", "depreciationAndAmortization": "30000000", "incomeBeforeTax": "912000000", "incomeTaxExpense": "133000000", "interestAndDebtExpense": "None", "netIncomeFromContinuingOperations": "912000000", "comprehensiveIncomeNetOfTax": "None", "ebit": "954000000", "ebitda": "984000000", "netIncome": "779000000"}, {"fiscalDateEnding": "2014-03-31", "reportedCurrency": "USD", "grossProfit": "4413000000", "totalRevenue": "4419000000", "costOfRevenue": "6000000", "costofGoodsAndServicesSold": "6000000", "operatingIncome": "877000000", "sellingGeneralAndAdministrative": "535000000", "researchAndDevelopment": "0", "operatingExpenses": "3521000000", "investmentIncomeNet": "None", "netInterestIncome": "None", "interestIncome": "None", "interestExpense": "71000000", "nonInterestIncome": "None", "otherNonOperatingIncome": "519000000", "depreciation": "None", "depreciationAndAmortization": "21000000", "incomeBeforeTax": "827000000", "incomeTaxExpense": "93000000", "interestAndDebtExpense": "None", "netIncomeFromContinuingOperations": "827000000", "comprehensiveIncomeNetOfTax": "None", "ebit": "877000000", "ebitda": "898000000", "netIncome": "734000000"}, {"fiscalDateEnding": "2013-12-31", "reportedCurrency": "USD", "grossProfit": "5083000000", "totalRevenue": "5083000000", "costOfRevenue": "3958000000", "costofGoodsAndServicesSold": "3958000000", "operatingIncome": "1129000000", "sellingGeneralAndAdministrative": "570000000", "researchAndDevelopment": "0", "operatingExpenses": "3918000000", "investmentIncomeNet": "None", "netInterestIncome": "None", "interestIncome": "None", "interestExpense": "70000000", "nonInterestIncome": "None", "otherNonOperatingIncome": "-192000000", "depreciation": "None", "depreciationAndAmortization": "27000000", "incomeBeforeTax": "1086000000", "incomeTaxExpense": "88000000", "interestAndDebtExpense": "None", "netIncomeFromContinuingOperations": "1086000000", "comprehensiveIncomeNetOfTax": "None", "ebit": "1129000000", "ebitda": "1156000000", "netIncome": "998000000"}, {"fiscalDateEnding": "2013-09-30", "reportedCurrency": "USD", "grossProfit": "5172000000", "totalRevenue": "5172000000", "costOfRevenue": "-14000000", "costofGoodsAndServicesSold": "-14000000", "operatingIncome": "1113000000", "sellingGeneralAndAdministrative": "563000000", "researchAndDevelopment": "0", "operatingExpenses": "4029000000", "investmentIncomeNet": "None", "netInterestIncome": "None", "interestIncome": "None", "interestExpense": "72000000", "nonInterestIncome": "None", "otherNonOperatingIncome": "16000000", "depreciation": "None", "depreciationAndAmortization": "30000000", "incomeBeforeTax": "1071000000", "incomeTaxExpense": "155000000", "interestAndDebtExpense": "None", "netIncomeFromContinuingOperations": "1071000000", "comprehensiveIncomeNetOfTax": "None", "ebit": "1113000000", "ebitda": "1143000000", "netIncome": "916000000"}, {"fiscalDateEnding": "2013-06-30", "reportedCurrency": "USD", "grossProfit": "4126000000", "totalRevenue": "4126000000", "costOfRevenue": "-568000000", "costofGoodsAndServicesSold": "-568000000", "operatingIncome": "1056000000", "sellingGeneralAndAdministrative": "478000000", "researchAndDevelopment": "0", "operatingExpenses": "3626000000", "investmentIncomeNet": "None", "netInterestIncome": "None", "interestIncome": "None", "interestExpense": "69000000", "nonInterestIncome": "None", "otherNonOperatingIncome": "-1470000000", "depreciation": "None", "depreciationAndAmortization": "23000000", "incomeBeforeTax": "881000000", "incomeTaxExpense": "105000000", "interestAndDebtExpense": "None", "netIncomeFromContinuingOperations": "1006000000", "comprehensiveIncomeNetOfTax": "None", "ebit": "1056000000", "ebitda": "1079000000", "netIncome": "776000000"}, {"fiscalDateEnding": "2013-03-31", "reportedCurrency": "USD", "grossProfit": "3643000000", "totalRevenue": "3643000000", "costOfRevenue": "-671000000", "costofGoodsAndServicesSold": "-671000000", "operatingIncome": "1120000000", "sellingGeneralAndAdministrative": "429000000", "researchAndDevelopment": "0", "operatingExpenses": "3175000000", "investmentIncomeNet": "None", "netInterestIncome": "None", "interestIncome": "None", "interestExpense": "56000000", "nonInterestIncome": "None", "otherNonOperatingIncome": "-116000000", "depreciation": "None", "depreciationAndAmortization": "15000000", "incomeBeforeTax": "861000000", "incomeTaxExpense": "109000000", "interestAndDebtExpense": "None", "netIncomeFromContinuingOperations": "1075000000", "comprehensiveIncomeNetOfTax": "None", "ebit": "1120000000", "ebitda": "1135000000", "netIncome": "752000000"}, {"fiscalDateEnding": "2012-12-31", "reportedCurrency": "USD", "grossProfit": "3944000000", "totalRevenue": "3944000000", "costOfRevenue": "-772000000", "costofGoodsAndServicesSold": "-772000000", "operatingIncome": "693000000", "sellingGeneralAndAdministrative": "462000000", "researchAndDevelopment": "0", "operatingExpenses": "3994000000", "investmentIncomeNet": "None", "netInterestIncome": "None", "interestIncome": "None", "interestExpense": "60000000", "nonInterestIncome": "None", "otherNonOperatingIncome": "303000000", "depreciation": "None", "depreciationAndAmortization": "-660000000", "incomeBeforeTax": "361000000", "incomeTaxExpense": "-149000000", "interestAndDebtExpense": "None", "netIncomeFromContinuingOperations": "630000000", "comprehensiveIncomeNetOfTax": "None", "ebit": "1353000000", "ebitda": "693000000", "netIncome": "510000000"}, {"fiscalDateEnding": "2012-09-30", "reportedCurrency": "USD", "grossProfit": "5138000000", "totalRevenue": "4658000000", "costOfRevenue": "-480000000", "costofGoodsAndServicesSold": "-480000000", "operatingIncome": "850000000", "sellingGeneralAndAdministrative": "519000000", "researchAndDevelopment": "0", "operatingExpenses": "4288000000", "investmentIncomeNet": "None", "netInterestIncome": "None", "interestIncome": "None", "interestExpense": "63000000", "nonInterestIncome": "None", "otherNonOperatingIncome": "731000000", "depreciation": "None", "depreciationAndAmortization": "None", "incomeBeforeTax": "787000000", "incomeTaxExpense": "147000000", "interestAndDebtExpense": "None", "netIncomeFromContinuingOperations": "787000000", "comprehensiveIncomeNetOfTax": "None", "ebit": "787000000", "ebitda": "850000000", "netIncome": "640000000"}, {"fiscalDateEnding": "2012-06-30", "reportedCurrency": "USD", "grossProfit": "3507000000", "totalRevenue": "3507000000", "costOfRevenue": "-419000000", "costofGoodsAndServicesSold": "-419000000", "operatingIncome": "538000000", "sellingGeneralAndAdministrative": "514000000", "researchAndDevelopment": "0", "operatingExpenses": "3388000000", "investmentIncomeNet": "None", "netInterestIncome": "None", "interestIncome": "None", "interestExpense": "62000000", "nonInterestIncome": "None", "otherNonOperatingIncome": "313000000", "depreciation": "None", "depreciationAndAmortization": "None", "incomeBeforeTax": "476000000", "incomeTaxExpense": "148000000", "interestAndDebtExpense": "None", "netIncomeFromContinuingOperations": "476000000", "comprehensiveIncomeNetOfTax": "None", "ebit": "476000000", "ebitda": "538000000", "netIncome": "328000000"}, {"fiscalDateEnding": "2012-03-31", "reportedCurrency": "USD", "grossProfit": "4185000000", "totalRevenue": "4185000000", "costOfRevenue": "-1804000000", "costofGoodsAndServicesSold": "-1804000000", "operatingIncome": "1145000000", "sellingGeneralAndAdministrative": "510000000", "researchAndDevelopment": "0", "operatingExpenses": "3040000000", "investmentIncomeNet": "None", "netInterestIncome": "None", "interestIncome": "None", "interestExpense": "62000000", "nonInterestIncome": "None", "otherNonOperatingIncome": "3000000", "depreciation": "None", "depreciationAndAmortization": "None", "incomeBeforeTax": "1083000000", "incomeTaxExpense": "110000000", "interestAndDebtExpense": "None", "netIncomeFromContinuingOperations": "1083000000", "comprehensiveIncomeNetOfTax": "None", "ebit": "1083000000", "ebitda": "1145000000", "netIncome": "973000000"}, {"fiscalDateEnding": "2011-12-31", "reportedCurrency": "USD", "grossProfit": "4479000000", "totalRevenue": "4479000000", "costOfRevenue": "-9520000000", "costofGoodsAndServicesSold": "-9520000000", "operatingIncome": "935000000", "sellingGeneralAndAdministrative": "526000000", "researchAndDevelopment": "0", "operatingExpenses": "3561000000", "investmentIncomeNet": "None", "netInterestIncome": "None", "interestIncome": "None", "interestExpense": "63000000", "nonInterestIncome": "None", "otherNonOperatingIncome": "-464000000", "depreciation": "None", "depreciationAndAmortization": "None", "incomeBeforeTax": "872000000", "incomeTaxExpense": "122000000", "interestAndDebtExpense": "None", "netIncomeFromContinuingOperations": "722000000", "comprehensiveIncomeNetOfTax": "None", "ebit": "872000000", "ebitda": "935000000", "netIncome": "750000000"}, {"fiscalDateEnding": "2011-09-30", "reportedCurrency": "USD", "grossProfit": "3934000000", "totalRevenue": "3934000000", "costOfRevenue": "-360000000", "costofGoodsAndServicesSold": "-360000000", "operatingIncome": "196000000", "sellingGeneralAndAdministrative": "517000000", "researchAndDevelopment": "0", "operatingExpenses": "4106000000", "investmentIncomeNet": "None", "netInterestIncome": "None", "interestIncome": "None", "interestExpense": "62000000", "nonInterestIncome": "None", "otherNonOperatingIncome": "22000000", "depreciation": "None", "depreciationAndAmortization": "None", "incomeBeforeTax": "134000000", "incomeTaxExpense": "165000000", "interestAndDebtExpense": "None", "netIncomeFromContinuingOperations": "134000000", "comprehensiveIncomeNetOfTax": "None", "ebit": "134000000", "ebitda": "196000000", "netIncome": "-31000000"}, {"fiscalDateEnding": "2011-06-30", "reportedCurrency": "USD", "grossProfit": "3874000000", "totalRevenue": "3874000000", "costOfRevenue": "-379000000", "costofGoodsAndServicesSold": "-379000000", "operatingIncome": "791000000", "sellingGeneralAndAdministrative": "515000000", "researchAndDevelopment": "0", "operatingExpenses": "3476000000", "investmentIncomeNet": "None", "netInterestIncome": "None", "interestIncome": "None", "interestExpense": "62000000", "nonInterestIncome": "None", "otherNonOperatingIncome": "303000000", "depreciation": "None", "depreciationAndAmortization": "None", "incomeBeforeTax": "485000000", "incomeTaxExpense": "-122000000", "interestAndDebtExpense": "None", "netIncomeFromContinuingOperations": "910000000", "comprehensiveIncomeNetOfTax": "None", "ebit": "729000000", "ebitda": "791000000", "netIncome": "607000000"}, {"fiscalDateEnding": "2011-03-31", "reportedCurrency": "USD", "grossProfit": "3808000000", "totalRevenue": "10688000000", "costOfRevenue": "6880000000", "costofGoodsAndServicesSold": "6880000000", "operatingIncome": "419000000", "sellingGeneralAndAdministrative": "494000000", "researchAndDevelopment": "0", "operatingExpenses": "3399000000", "investmentIncomeNet": "None", "netInterestIncome": "None", "interestIncome": "None", "interestExpense": "63000000", "nonInterestIncome": "None", "otherNonOperatingIncome": "66000000", "depreciation": "None", "depreciationAndAmortization": "None", "incomeBeforeTax": "356000000", "incomeTaxExpense": "97000000", "interestAndDebtExpense": "None", "netIncomeFromContinuingOperations": "325000000", "comprehensiveIncomeNetOfTax": "None", "ebit": "356000000", "ebitda": "419000000", "netIncome": "259000000"}, {"fiscalDateEnding": "2010-12-31", "reportedCurrency": "USD", "grossProfit": "4409000000", "totalRevenue": "4409000000", "costOfRevenue": "3212000000", "costofGoodsAndServicesSold": "3212000000", "operatingIncome": "1196000000", "sellingGeneralAndAdministrative": "502000000", "researchAndDevelopment": "0", "operatingExpenses": "3242000000", "investmentIncomeNet": "None", "netInterestIncome": "None", "interestIncome": "None", "interestExpense": "62000000", "nonInterestIncome": "None", "otherNonOperatingIncome": "-497000000", "depreciation": "None", "depreciationAndAmortization": "None", "incomeBeforeTax": "1134000000", "incomeTaxExpense": "133000000", "interestAndDebtExpense": "None", "netIncomeFromContinuingOperations": "-5423000000", "comprehensiveIncomeNetOfTax": "None", "ebit": "1134000000", "ebitda": "1196000000", "netIncome": "1001000000"}, {"fiscalDateEnding": "2010-09-30", "reportedCurrency": "USD", "grossProfit": "3888000000", "totalRevenue": "3888000000", "costOfRevenue": "3026000000", "costofGoodsAndServicesSold": "3026000000", "operatingIncome": "893000000", "sellingGeneralAndAdministrative": "433000000", "researchAndDevelopment": "0", "operatingExpenses": "2995000000", "investmentIncomeNet": "None", "netInterestIncome": "None", "interestIncome": "None", "interestExpense": "58000000", "nonInterestIncome": "None", "otherNonOperatingIncome": "953000000", "depreciation": "None", "depreciationAndAmortization": "None", "incomeBeforeTax": "835000000", "incomeTaxExpense": "160000000", "interestAndDebtExpense": "None", "netIncomeFromContinuingOperations": "1628000000", "comprehensiveIncomeNetOfTax": "None", "ebit": "835000000", "ebitda": "893000000", "netIncome": "675000000"}, {"fiscalDateEnding": "2010-06-30", "reportedCurrency": "USD", "grossProfit": "3760000000", "totalRevenue": "3760000000", "costOfRevenue": "2894000000", "costofGoodsAndServicesSold": "2894000000", "operatingIncome": "871000000", "sellingGeneralAndAdministrative": "463000000", "researchAndDevelopment": "0", "operatingExpenses": "2889000000", "investmentIncomeNet": "None", "netInterestIncome": "None", "interestIncome": "None", "interestExpense": "52000000", "nonInterestIncome": "None", "otherNonOperatingIncome": "487000000", "depreciation": "None", "depreciationAndAmortization": "None", "incomeBeforeTax": "825000000", "incomeTaxExpense": "142000000", "interestAndDebtExpense": "None", "netIncomeFromContinuingOperations": "1164000000", "comprehensiveIncomeNetOfTax": "None", "ebit": "819000000", "ebitda": "871000000", "netIncome": "677000000"}, {"fiscalDateEnding": "2010-03-31", "reportedCurrency": "USD", "grossProfit": "3949000000", "totalRevenue": "3953000000", "costOfRevenue": "4000000", "costofGoodsAndServicesSold": "4000000", "operatingIncome": "931000000", "sellingGeneralAndAdministrative": "460000000", "researchAndDevelopment": "0", "operatingExpenses": "3018000000", "investmentIncomeNet": "None", "netInterestIncome": "None", "interestIncome": "None", "interestExpense": "52000000", "nonInterestIncome": "None", "otherNonOperatingIncome": "583000000", "depreciation": "None", "depreciationAndAmortization": "None", "incomeBeforeTax": "879000000", "incomeTaxExpense": "124000000", "interestAndDebtExpense": "None", "netIncomeFromContinuingOperations": "7265000000", "comprehensiveIncomeNetOfTax": "None", "ebit": "879000000", "ebitda": "931000000", "netIncome": "755000000"}, {"fiscalDateEnding": "2009-12-31", "reportedCurrency": "USD", "grossProfit": "4272000000", "totalRevenue": "4272000000", "costOfRevenue": "3021000000", "costofGoodsAndServicesSold": "3021000000", "operatingIncome": "1217000000", "sellingGeneralAndAdministrative": "486000000", "researchAndDevelopment": "0", "operatingExpenses": "3055000000", "investmentIncomeNet": "None", "netInterestIncome": "None", "interestIncome": "None", "interestExpense": "56000000", "nonInterestIncome": "None", "otherNonOperatingIncome": "None", "depreciation": "None", "depreciationAndAmortization": "None", "incomeBeforeTax": "1161000000", "incomeTaxExpense": "208000000", "interestAndDebtExpense": "None", "netIncomeFromContinuingOperations": "0", "comprehensiveIncomeNetOfTax": "None", "ebit": "1161000000", "ebitda": "1217000000", "netIncome": "953000000"}, {"fiscalDateEnding": "2009-09-30", "reportedCurrency": "USD", "grossProfit": "3681000000", "totalRevenue": "3681000000", "costOfRevenue": "2985000000", "costofGoodsAndServicesSold": "2985000000", "operatingIncome": "648000000", "sellingGeneralAndAdministrative": "451000000", "researchAndDevelopment": "0", "operatingExpenses": "3033000000", "investmentIncomeNet": "None", "netInterestIncome": "None", "interestIncome": "None", "interestExpense": "60000000", "nonInterestIncome": "None", "otherNonOperatingIncome": "1985000000", "depreciation": "None", "depreciationAndAmortization": "None", "incomeBeforeTax": "588000000", "incomeTaxExpense": "94000000", "interestAndDebtExpense": "None", "netIncomeFromContinuingOperations": "2479000000", "comprehensiveIncomeNetOfTax": "None", "ebit": "588000000", "ebitda": "648000000", "netIncome": "494000000"}, {"fiscalDateEnding": "2009-06-30", "reportedCurrency": "USD", "grossProfit": "3547000000", "totalRevenue": "3547000000", "costOfRevenue": "2879000000", "costofGoodsAndServicesSold": "2879000000", "operatingIncome": "692000000", "sellingGeneralAndAdministrative": "454000000", "researchAndDevelopment": "0", "operatingExpenses": "2855000000", "investmentIncomeNet": "None", "netInterestIncome": "None", "interestIncome": "None", "interestExpense": "56000000", "nonInterestIncome": "None", "otherNonOperatingIncome": "972000000", "depreciation": "None", "depreciationAndAmortization": "None", "incomeBeforeTax": "636000000", "incomeTaxExpense": "101000000", "interestAndDebtExpense": "None", "netIncomeFromContinuingOperations": "1507000000", "comprehensiveIncomeNetOfTax": "None", "ebit": "636000000", "ebitda": "692000000", "netIncome": "535000000"}, {"fiscalDateEnding": "2009-03-31", "reportedCurrency": "USD", "grossProfit": "3575000000", "totalRevenue": "3575000000", "costOfRevenue": "2819000000", "costofGoodsAndServicesSold": "2819000000", "operatingIncome": "745000000", "sellingGeneralAndAdministrative": "420000000", "researchAndDevelopment": "0", "operatingExpenses": "2830000000", "investmentIncomeNet": "None", "netInterestIncome": "None", "interestIncome": "None", "interestExpense": "53000000", "nonInterestIncome": "None", "otherNonOperatingIncome": "None", "depreciation": "None", "depreciationAndAmortization": "None", "incomeBeforeTax": "692000000", "incomeTaxExpense": "125000000", "interestAndDebtExpense": "None", "netIncomeFromContinuingOperations": "0", "comprehensiveIncomeNetOfTax": "None", "ebit": "692000000", "ebitda": "745000000", "netIncome": "567000000"}, {"fiscalDateEnding": "2008-12-31", "reportedCurrency": "USD", "grossProfit": "3103000000", "totalRevenue": "3103000000", "costOfRevenue": "2877000000", "costofGoodsAndServicesSold": "2877000000", "operatingIncome": "161000000", "sellingGeneralAndAdministrative": "444000000", "researchAndDevelopment": "0", "operatingExpenses": "2942000000", "investmentIncomeNet": "None", "netInterestIncome": "None", "interestIncome": "None", "interestExpense": "54000000", "nonInterestIncome": "None", "otherNonOperatingIncome": "None", "depreciation": "None", "depreciationAndAmortization": "None", "incomeBeforeTax": "107000000", "incomeTaxExpense": "87000000", "interestAndDebtExpense": "None", "netIncomeFromContinuingOperations": "0", "comprehensiveIncomeNetOfTax": "None", "ebit": "107000000", "ebitda": "161000000", "netIncome": "20000000"}, {"fiscalDateEnding": "2008-09-30", "reportedCurrency": "USD", "grossProfit": "3613000000", "totalRevenue": "3613000000", "costOfRevenue": "-6000000", "costofGoodsAndServicesSold": "-6000000", "operatingIncome": "115000000", "sellingGeneralAndAdministrative": "457000000", "researchAndDevelopment": "0", "operatingExpenses": "3504000000", "investmentIncomeNet": "None", "netInterestIncome": "None", "interestIncome": "None", "interestExpense": "68000000", "nonInterestIncome": "None", "otherNonOperatingIncome": "None", "depreciation": "None", "depreciationAndAmortization": "None", "incomeBeforeTax": "61000000", "incomeTaxExpense": "7000000", "interestAndDebtExpense": "None", "netIncomeFromContinuingOperations": "0", "comprehensiveIncomeNetOfTax": "None", "ebit": "47000000", "ebitda": "115000000", "netIncome": "54000000"}, {"fiscalDateEnding": "2008-06-30", "reportedCurrency": "USD", "grossProfit": "3834000000", "totalRevenue": "3834000000", "costOfRevenue": "3014000000", "costofGoodsAndServicesSold": "3014000000", "operatingIncome": "945000000", "sellingGeneralAndAdministrative": "461000000", "researchAndDevelopment": "0", "operatingExpenses": "2889000000", "investmentIncomeNet": "None", "netInterestIncome": "None", "interestIncome": "None", "interestExpense": "62000000", "nonInterestIncome": "None", "otherNonOperatingIncome": "None", "depreciation": "None", "depreciationAndAmortization": "None", "incomeBeforeTax": "883000000", "incomeTaxExpense": "137000000", "interestAndDebtExpense": "None", "netIncomeFromContinuingOperations": "0", "comprehensiveIncomeNetOfTax": "None", "ebit": "883000000", "ebitda": "945000000", "netIncome": "746000000"}, {"fiscalDateEnding": "2008-03-31", "reportedCurrency": "USD", "grossProfit": "3076000000", "totalRevenue": "3076000000", "costOfRevenue": "2485000000", "costofGoodsAndServicesSold": "2485000000", "operatingIncome": "576000000", "sellingGeneralAndAdministrative": "375000000", "researchAndDevelopment": "0", "operatingExpenses": "2500000000", "investmentIncomeNet": "None", "netInterestIncome": "None", "interestIncome": "None", "interestExpense": "46000000", "nonInterestIncome": "None", "otherNonOperatingIncome": "None", "depreciation": "None", "depreciationAndAmortization": "2000000", "incomeBeforeTax": "530000000", "incomeTaxExpense": "153000000", "interestAndDebtExpense": "None", "netIncomeFromContinuingOperations": "0", "comprehensiveIncomeNetOfTax": "None", "ebit": "576000000", "ebitda": "578000000", "netIncome": "377000000"}, {"fiscalDateEnding": "2007-12-31", "reportedCurrency": "USD", "grossProfit": "3495000000", "totalRevenue": "3495000000", "costOfRevenue": "2690000000", "costofGoodsAndServicesSold": "2690000000", "operatingIncome": "756000000", "sellingGeneralAndAdministrative": "385000000", "researchAndDevelopment": "0", "operatingExpenses": "2739000000", "investmentIncomeNet": "None", "netInterestIncome": "None", "interestIncome": "None", "interestExpense": "43000000", "nonInterestIncome": "None", "otherNonOperatingIncome": "None", "depreciation": "None", "depreciationAndAmortization": "-1000000", "incomeBeforeTax": "713000000", "incomeTaxExpense": "141000000", "interestAndDebtExpense": "None", "netIncomeFromContinuingOperations": "0", "comprehensiveIncomeNetOfTax": "None", "ebit": "756000000", "ebitda": "755000000", "netIncome": "572000000"}, {"fiscalDateEnding": "2007-09-30", "reportedCurrency": "USD", "grossProfit": "3642000000", "totalRevenue": "3642000000", "costOfRevenue": "2770000000", "costofGoodsAndServicesSold": "2770000000", "operatingIncome": "840000000", "sellingGeneralAndAdministrative": "358000000", "researchAndDevelopment": "0", "operatingExpenses": "2802000000", "investmentIncomeNet": "None", "netInterestIncome": "None", "interestIncome": "None", "interestExpense": "44000000", "nonInterestIncome": "None", "otherNonOperatingIncome": "None", "depreciation": "None", "depreciationAndAmortization": "1000000", "incomeBeforeTax": "796000000", "incomeTaxExpense": "140000000", "interestAndDebtExpense": "None", "netIncomeFromContinuingOperations": "0", "comprehensiveIncomeNetOfTax": "None", "ebit": "840000000", "ebitda": "841000000", "netIncome": "656000000"}, {"fiscalDateEnding": "2007-06-30", "reportedCurrency": "USD", "grossProfit": "3468000000", "totalRevenue": "3468000000", "costOfRevenue": "2616000000", "costofGoodsAndServicesSold": "2616000000", "operatingIncome": "856000000", "sellingGeneralAndAdministrative": "356000000", "researchAndDevelopment": "0", "operatingExpenses": "2612000000", "investmentIncomeNet": "None", "netInterestIncome": "None", "interestIncome": "None", "interestExpense": "42000000", "nonInterestIncome": "None", "otherNonOperatingIncome": "None", "depreciation": "None", "depreciationAndAmortization": "-4000000", "incomeBeforeTax": "814000000", "incomeTaxExpense": "165000000", "interestAndDebtExpense": "None", "netIncomeFromContinuingOperations": "0", "comprehensiveIncomeNetOfTax": "None", "ebit": "856000000", "ebitda": "852000000", "netIncome": "649000000"}, {"fiscalDateEnding": "2007-03-31", "reportedCurrency": "USD", "grossProfit": "3549000000", "totalRevenue": "3549000000", "costOfRevenue": "2669000000", "costofGoodsAndServicesSold": "2669000000", "operatingIncome": "876000000", "sellingGeneralAndAdministrative": "356000000", "researchAndDevelopment": "0", "operatingExpenses": "2673000000", "investmentIncomeNet": "None", "netInterestIncome": "None", "interestIncome": "None", "interestExpense": "46000000", "nonInterestIncome": "None", "otherNonOperatingIncome": "None", "depreciation": "None", "depreciationAndAmortization": "-2000000", "incomeBeforeTax": "830000000", "incomeTaxExpense": "129000000", "interestAndDebtExpense": "None", "netIncomeFromContinuingOperations": "0", "comprehensiveIncomeNetOfTax": "None", "ebit": "876000000", "ebitda": "874000000", "netIncome": "701000000"}, {"fiscalDateEnding": "2006-12-31", "reportedCurrency": "USD", "grossProfit": "3469000000", "totalRevenue": "3469000000", "costOfRevenue": "2654000000", "costofGoodsAndServicesSold": "2654000000", "operatingIncome": "831000000", "sellingGeneralAndAdministrative": "365000000", "researchAndDevelopment": "0", "operatingExpenses": "2638000000", "investmentIncomeNet": "None", "netInterestIncome": "None", "interestIncome": "None", "interestExpense": "42000000", "nonInterestIncome": "None", "otherNonOperatingIncome": "None", "depreciation": "None", "depreciationAndAmortization": "-10000000", "incomeBeforeTax": "789000000", "incomeTaxExpense": "124000000", "interestAndDebtExpense": "None", "netIncomeFromContinuingOperations": "0", "comprehensiveIncomeNetOfTax": "None", "ebit": "831000000", "ebitda": "821000000", "netIncome": "665000000"}, {"fiscalDateEnding": "2006-09-30", "reportedCurrency": "USD", "grossProfit": "3389000000", "totalRevenue": "3389000000", "costOfRevenue": "2637000000", "costofGoodsAndServicesSold": "2637000000", "operatingIncome": "754000000", "sellingGeneralAndAdministrative": "353000000", "researchAndDevelopment": "0", "operatingExpenses": "2635000000", "investmentIncomeNet": "None", "netInterestIncome": "None", "interestIncome": "None", "interestExpense": "46000000", "nonInterestIncome": "None", "otherNonOperatingIncome": "None", "depreciation": "None", "depreciationAndAmortization": "1000000", "incomeBeforeTax": "708000000", "incomeTaxExpense": "130000000", "interestAndDebtExpense": "None", "netIncomeFromContinuingOperations": "0", "comprehensiveIncomeNetOfTax": "None", "ebit": "754000000", "ebitda": "755000000", "netIncome": "578000000"}, {"fiscalDateEnding": "2006-06-30", "reportedCurrency": "USD", "grossProfit": "3289000000", "totalRevenue": "3289000000", "costOfRevenue": "2549000000", "costofGoodsAndServicesSold": "2549000000", "operatingIncome": "752000000", "sellingGeneralAndAdministrative": "340000000", "researchAndDevelopment": "0", "operatingExpenses": "2537000000", "investmentIncomeNet": "None", "netInterestIncome": "None", "interestIncome": "None", "interestExpense": "45000000", "nonInterestIncome": "None", "otherNonOperatingIncome": "None", "depreciation": "None", "depreciationAndAmortization": "3000000", "incomeBeforeTax": "707000000", "incomeTaxExpense": "134000000", "interestAndDebtExpense": "None", "netIncomeFromContinuingOperations": "0", "comprehensiveIncomeNetOfTax": "None", "ebit": "752000000", "ebitda": "755000000", "netIncome": "573000000"}, {"fiscalDateEnding": "2006-03-31", "reportedCurrency": "USD", "grossProfit": "3181000000", "totalRevenue": "3181000000", "costOfRevenue": "2444000000", "costofGoodsAndServicesSold": "2444000000", "operatingIncome": "666000000", "sellingGeneralAndAdministrative": "398000000", "researchAndDevelopment": "0", "operatingExpenses": "2519000000", "investmentIncomeNet": "None", "netInterestIncome": "None", "interestIncome": "None", "interestExpense": "43000000", "nonInterestIncome": "None", "otherNonOperatingIncome": "None", "depreciation": "None", "depreciationAndAmortization": "16000000", "incomeBeforeTax": "619000000", "incomeTaxExpense": "134000000", "interestAndDebtExpense": "None", "netIncomeFromContinuingOperations": "0", "comprehensiveIncomeNetOfTax": "None", "ebit": "666000000", "ebitda": "682000000", "netIncome": "489000000"}, {"fiscalDateEnding": "2005-12-31", "reportedCurrency": "USD", "grossProfit": "3188000000", "totalRevenue": "3188000000", "costOfRevenue": "2898000000", "costofGoodsAndServicesSold": "2898000000", "operatingIncome": "286000000", "sellingGeneralAndAdministrative": "301000000", "researchAndDevelopment": "0", "operatingExpenses": "2902000000", "investmentIncomeNet": "None", "netInterestIncome": "None", "interestIncome": "None", "interestExpense": "46000000", "nonInterestIncome": "None", "otherNonOperatingIncome": "None", "depreciation": "None", "depreciationAndAmortization": "10000000", "incomeBeforeTax": "240000000", "incomeTaxExpense": "4000000", "interestAndDebtExpense": "None", "netIncomeFromContinuingOperations": "0", "comprehensiveIncomeNetOfTax": "None", "ebit": "286000000", "ebitda": "296000000", "netIncome": "236000000"}, {"fiscalDateEnding": "2005-09-30", "reportedCurrency": "USD", "grossProfit": "3494000000", "totalRevenue": "3494000000", "costOfRevenue": "3573000000", "costofGoodsAndServicesSold": "3573000000", "operatingIncome": "-54000000", "sellingGeneralAndAdministrative": "308000000", "researchAndDevelopment": "0", "operatingExpenses": "3548000000", "investmentIncomeNet": "None", "netInterestIncome": "None", "interestIncome": "None", "interestExpense": "43000000", "nonInterestIncome": "None", "otherNonOperatingIncome": "None", "depreciation": "None", "depreciationAndAmortization": "26000000", "incomeBeforeTax": "-97000000", "incomeTaxExpense": "15000000", "interestAndDebtExpense": "None", "netIncomeFromContinuingOperations": "0", "comprehensiveIncomeNetOfTax": "None", "ebit": "-54000000", "ebitda": "-28000000", "netIncome": "-112000000"}, {"fiscalDateEnding": "2005-06-30", "reportedCurrency": "USD", "grossProfit": "3258000000", "totalRevenue": "3258000000", "costOfRevenue": "2625673000", "costofGoodsAndServicesSold": "2625673000", "operatingIncome": "638000000", "sellingGeneralAndAdministrative": "316000000", "researchAndDevelopment": "0", "operatingExpenses": "2620000000", "investmentIncomeNet": "None", "netInterestIncome": "None", "interestIncome": "None", "interestExpense": "43000000", "nonInterestIncome": "None", "otherNonOperatingIncome": "None", "depreciation": "None", "depreciationAndAmortization": "22755000", "incomeBeforeTax": "595000000", "incomeTaxExpense": "128000000", "interestAndDebtExpense": "None", "netIncomeFromContinuingOperations": "0", "comprehensiveIncomeNetOfTax": "None", "ebit": "638000000", "ebitda": "660755000", "netIncome": "467000000"}, {"fiscalDateEnding": "2005-03-31", "reportedCurrency": "USD", "grossProfit": "3155682000", "totalRevenue": "3155682000", "costOfRevenue": "2548327000", "costofGoodsAndServicesSold": "2548327000", "operatingIncome": "595490000", "sellingGeneralAndAdministrative": "355537000", "researchAndDevelopment": "0", "operatingExpenses": "2543000000", "investmentIncomeNet": "None", "netInterestIncome": "None", "interestIncome": "None", "interestExpense": "42679000", "nonInterestIncome": "None", "otherNonOperatingIncome": "None", "depreciation": "None", "depreciationAndAmortization": "31245000", "incomeBeforeTax": "552811000", "incomeTaxExpense": "119783000", "interestAndDebtExpense": "None", "netIncomeFromContinuingOperations": "0", "comprehensiveIncomeNetOfTax": "None", "ebit": "595490000", "ebitda": "626735000", "netIncome": "433028000"}, {"fiscalDateEnding": "2004-12-31", "reportedCurrency": "USD", "grossProfit": "3296739000", "totalRevenue": "3296739000", "costOfRevenue": "3002676000", "costofGoodsAndServicesSold": "3002676000", "operatingIncome": "296792000", "sellingGeneralAndAdministrative": "337268000", "researchAndDevelopment": "0", "operatingExpenses": "-2999947000", "investmentIncomeNet": "None", "netInterestIncome": "None", "interestIncome": "None", "interestExpense": "43316000", "nonInterestIncome": "None", "otherNonOperatingIncome": "None", "depreciation": "None", "depreciationAndAmortization": "26728000", "incomeBeforeTax": "253476000", "incomeTaxExpense": "-28399000", "interestAndDebtExpense": "None", "netIncomeFromContinuingOperations": "0", "comprehensiveIncomeNetOfTax": "None", "ebit": "296792000", "ebitda": "323520000", "netIncome": "281875000"}]}