{"symbol": "NOC", "annualReports": [{"fiscalDateEnding": "2024-12-31", "reportedCurrency": "USD", "grossProfit": "8362000000", "totalRevenue": "41033000000", "costOfRevenue": "32671000000", "costofGoodsAndServicesSold": "32671000000", "operatingIncome": "4370000000", "sellingGeneralAndAdministrative": "3992000000", "researchAndDevelopment": "None", "operatingExpenses": "3992000000", "investmentIncomeNet": "None", "netInterestIncome": "-621000000", "interestIncome": "None", "interestExpense": "621000000", "nonInterestIncome": "None", "otherNonOperatingIncome": "None", "depreciation": "None", "depreciationAndAmortization": "-25000000", "incomeBeforeTax": "5016000000", "incomeTaxExpense": "842000000", "interestAndDebtExpense": "None", "netIncomeFromContinuingOperations": "4174000000", "comprehensiveIncomeNetOfTax": "None", "ebit": "4395000000", "ebitda": "4370000000", "netIncome": "4174000000"}, {"fiscalDateEnding": "2023-12-31", "reportedCurrency": "USD", "grossProfit": "39290000000", "totalRevenue": "39290000000", "costOfRevenue": "30795000000", "costofGoodsAndServicesSold": "30795000000", "operatingIncome": "2537000000", "sellingGeneralAndAdministrative": "4014000000", "researchAndDevelopment": "1200000000", "operatingExpenses": "4014000000", "investmentIncomeNet": "None", "netInterestIncome": "-537000000", "interestIncome": "None", "interestExpense": "545000000", "nonInterestIncome": "None", "otherNonOperatingIncome": "None", "depreciation": "None", "depreciationAndAmortization": "1338000000", "incomeBeforeTax": "2346000000", "incomeTaxExpense": "290000000", "interestAndDebtExpense": "None", "netIncomeFromContinuingOperations": "4671000000", "comprehensiveIncomeNetOfTax": "None", "ebit": "2537000000", "ebitda": "2537000000", "netIncome": "2056000000"}, {"fiscalDateEnding": "2022-12-31", "reportedCurrency": "USD", "grossProfit": "7474000000", "totalRevenue": "36602000000", "costOfRevenue": "29128000000", "costofGoodsAndServicesSold": "29128000000", "operatingIncome": "6342000000", "sellingGeneralAndAdministrative": "3873000000", "researchAndDevelopment": "1200000000", "operatingExpenses": "3873000000", "investmentIncomeNet": "None", "netInterestIncome": "-506000000", "interestIncome": "506000000", "interestExpense": "506000000", "nonInterestIncome": "None", "otherNonOperatingIncome": "4000000", "depreciation": "None", "depreciationAndAmortization": "1342000000", "incomeBeforeTax": "5836000000", "incomeTaxExpense": "940000000", "interestAndDebtExpense": "None", "netIncomeFromContinuingOperations": "4896000000", "comprehensiveIncomeNetOfTax": "None", "ebit": "6342000000", "ebitda": "7684000000", "netIncome": "4896000000"}, {"fiscalDateEnding": "2021-12-31", "reportedCurrency": "USD", "grossProfit": "7268000000", "totalRevenue": "35667000000", "costOfRevenue": "28399000000", "costofGoodsAndServicesSold": "28399000000", "operatingIncome": "5651000000", "sellingGeneralAndAdministrative": "3597000000", "researchAndDevelopment": "1100000000", "operatingExpenses": "3597000000", "investmentIncomeNet": "None", "netInterestIncome": "-556000000", "interestIncome": "556000000", "interestExpense": "556000000", "nonInterestIncome": "None", "otherNonOperatingIncome": "19000000", "depreciation": "None", "depreciationAndAmortization": "1239000000", "incomeBeforeTax": "8938000000", "incomeTaxExpense": "1933000000", "interestAndDebtExpense": "None", "netIncomeFromContinuingOperations": "6997000000", "comprehensiveIncomeNetOfTax": "None", "ebit": "7495000000", "ebitda": "8734000000", "netIncome": "7005000000"}, {"fiscalDateEnding": "2020-12-31", "reportedCurrency": "USD", "grossProfit": "7478000000", "totalRevenue": "36799000000", "costOfRevenue": "29321000000", "costofGoodsAndServicesSold": "29321000000", "operatingIncome": "4065000000", "sellingGeneralAndAdministrative": "3413000000", "researchAndDevelopment": "1100000000", "operatingExpenses": "3413000000", "investmentIncomeNet": "None", "netInterestIncome": "-593000000", "interestIncome": "593000000", "interestExpense": "593000000", "nonInterestIncome": "None", "otherNonOperatingIncome": "92000000", "depreciation": "None", "depreciationAndAmortization": "1267000000", "incomeBeforeTax": "3728000000", "incomeTaxExpense": "539000000", "interestAndDebtExpense": "None", "netIncomeFromContinuingOperations": "3148000000", "comprehensiveIncomeNetOfTax": "None", "ebit": "4321000000", "ebitda": "5588000000", "netIncome": "3189000000"}, {"fiscalDateEnding": "2019-12-31", "reportedCurrency": "USD", "grossProfit": "7259000000", "totalRevenue": "33841000000", "costOfRevenue": "26582000000", "costofGoodsAndServicesSold": "26582000000", "operatingIncome": "3076000000", "sellingGeneralAndAdministrative": "3290000000", "researchAndDevelopment": "953000000", "operatingExpenses": "3290000000", "investmentIncomeNet": "None", "netInterestIncome": "-528000000", "interestIncome": "528000000", "interestExpense": "528000000", "nonInterestIncome": "None", "otherNonOperatingIncome": "107000000", "depreciation": "None", "depreciationAndAmortization": "1265000000", "incomeBeforeTax": "2548000000", "incomeTaxExpense": "300000000", "interestAndDebtExpense": "None", "netIncomeFromContinuingOperations": "2201000000", "comprehensiveIncomeNetOfTax": "None", "ebit": "2969000000", "ebitda": "4234000000", "netIncome": "2248000000"}, {"fiscalDateEnding": "2018-12-31", "reportedCurrency": "USD", "grossProfit": "6791000000", "totalRevenue": "30095000000", "costOfRevenue": "23304000000", "costofGoodsAndServicesSold": "23304000000", "operatingIncome": "3780000000", "sellingGeneralAndAdministrative": "3011000000", "researchAndDevelopment": "764000000", "operatingExpenses": "3011000000", "investmentIncomeNet": "None", "netInterestIncome": "-562000000", "interestIncome": "562000000", "interestExpense": "562000000", "nonInterestIncome": "None", "otherNonOperatingIncome": "130000000", "depreciation": "None", "depreciationAndAmortization": "800000000", "incomeBeforeTax": "3742000000", "incomeTaxExpense": "513000000", "interestAndDebtExpense": "None", "netIncomeFromContinuingOperations": "3169000000", "comprehensiveIncomeNetOfTax": "None", "ebit": "4304000000", "ebitda": "5104000000", "netIncome": "3229000000"}, {"fiscalDateEnding": "2017-12-31", "reportedCurrency": "USD", "grossProfit": "5954000000", "totalRevenue": "25803000000", "costOfRevenue": "19849000000", "costofGoodsAndServicesSold": "19849000000", "operatingIncome": "3299000000", "sellingGeneralAndAdministrative": "2655000000", "researchAndDevelopment": "639000000", "operatingExpenses": "2655000000", "investmentIncomeNet": "None", "netInterestIncome": "-360000000", "interestIncome": "360000000", "interestExpense": "360000000", "nonInterestIncome": "None", "otherNonOperatingIncome": "110000000", "depreciation": "None", "depreciationAndAmortization": "475000000", "incomeBeforeTax": "3049000000", "incomeTaxExpense": "1034000000", "interestAndDebtExpense": "None", "netIncomeFromContinuingOperations": "2845000000", "comprehensiveIncomeNetOfTax": "None", "ebit": "4453000000", "ebitda": "4928000000", "netIncome": "2015000000"}, {"fiscalDateEnding": "2016-12-31", "reportedCurrency": "USD", "grossProfit": "5777000000", "totalRevenue": "24508000000", "costOfRevenue": "18731000000", "costofGoodsAndServicesSold": "18731000000", "operatingIncome": "3193000000", "sellingGeneralAndAdministrative": "2584000000", "researchAndDevelopment": "705000000", "operatingExpenses": "2584000000", "investmentIncomeNet": "None", "netInterestIncome": "-301000000", "interestIncome": "301000000", "interestExpense": "301000000", "nonInterestIncome": "None", "otherNonOperatingIncome": "31000000", "depreciation": "None", "depreciationAndAmortization": "456000000", "incomeBeforeTax": "2923000000", "incomeTaxExpense": "723000000", "interestAndDebtExpense": "None", "netIncomeFromContinuingOperations": "2025000000", "comprehensiveIncomeNetOfTax": "None", "ebit": "2938000000", "ebitda": "3394000000", "netIncome": "2200000000"}, {"fiscalDateEnding": "2015-12-31", "reportedCurrency": "USD", "grossProfit": "5642000000", "totalRevenue": "23526000000", "costOfRevenue": "17884000000", "costofGoodsAndServicesSold": "17884000000", "operatingIncome": "3076000000", "sellingGeneralAndAdministrative": "2566000000", "researchAndDevelopment": "712000000", "operatingExpenses": "2566000000", "investmentIncomeNet": "None", "netInterestIncome": "None", "interestIncome": "301000000", "interestExpense": "301000000", "nonInterestIncome": "None", "otherNonOperatingIncome": "15000000", "depreciation": "None", "depreciationAndAmortization": "467000000", "incomeBeforeTax": "2790000000", "incomeTaxExpense": "800000000", "interestAndDebtExpense": "None", "netIncomeFromContinuingOperations": "2065000000", "comprehensiveIncomeNetOfTax": "None", "ebit": "3091000000", "ebitda": "3558000000", "netIncome": "1990000000"}, {"fiscalDateEnding": "2014-12-31", "reportedCurrency": "USD", "grossProfit": "5601000000", "totalRevenue": "23979000000", "costOfRevenue": "18378000000", "costofGoodsAndServicesSold": "18378000000", "operatingIncome": "3196000000", "sellingGeneralAndAdministrative": "2405000000", "researchAndDevelopment": "569000000", "operatingExpenses": "2405000000", "investmentIncomeNet": "None", "netInterestIncome": "None", "interestIncome": "None", "interestExpense": "282000000", "nonInterestIncome": "None", "otherNonOperatingIncome": "23000000", "depreciation": "None", "depreciationAndAmortization": "462000000", "incomeBeforeTax": "2937000000", "incomeTaxExpense": "868000000", "interestAndDebtExpense": "None", "netIncomeFromContinuingOperations": "-247000000", "comprehensiveIncomeNetOfTax": "None", "ebit": "3219000000", "ebitda": "3681000000", "netIncome": "2069000000"}, {"fiscalDateEnding": "2013-12-31", "reportedCurrency": "USD", "grossProfit": "5379000000", "totalRevenue": "24661000000", "costOfRevenue": "19282000000", "costofGoodsAndServicesSold": "19282000000", "operatingIncome": "3123000000", "sellingGeneralAndAdministrative": "2256000000", "researchAndDevelopment": "507000000", "operatingExpenses": "2256000000", "investmentIncomeNet": "None", "netInterestIncome": "None", "interestIncome": "None", "interestExpense": "257000000", "nonInterestIncome": "None", "otherNonOperatingIncome": "-3000000", "depreciation": "None", "depreciationAndAmortization": "495000000", "incomeBeforeTax": "2863000000", "incomeTaxExpense": "911000000", "interestAndDebtExpense": "None", "netIncomeFromContinuingOperations": "1952000000", "comprehensiveIncomeNetOfTax": "None", "ebit": "3120000000", "ebitda": "3615000000", "netIncome": "1952000000"}, {"fiscalDateEnding": "2012-12-31", "reportedCurrency": "USD", "grossProfit": "5580000000", "totalRevenue": "25218000000", "costOfRevenue": "19638000000", "costofGoodsAndServicesSold": "19638000000", "operatingIncome": "3130000000", "sellingGeneralAndAdministrative": "2450000000", "researchAndDevelopment": "520000000", "operatingExpenses": "2450000000", "investmentIncomeNet": "None", "netInterestIncome": "None", "interestIncome": "None", "interestExpense": "212000000", "nonInterestIncome": "None", "otherNonOperatingIncome": "47000000", "depreciation": "None", "depreciationAndAmortization": "510000000", "incomeBeforeTax": "2965000000", "incomeTaxExpense": "987000000", "interestAndDebtExpense": "None", "netIncomeFromContinuingOperations": "1978000000", "comprehensiveIncomeNetOfTax": "None", "ebit": "3177000000", "ebitda": "3687000000", "netIncome": "1978000000"}, {"fiscalDateEnding": "2011-12-31", "reportedCurrency": "USD", "grossProfit": "5626000000", "totalRevenue": "26412000000", "costOfRevenue": "20786000000", "costofGoodsAndServicesSold": "20786000000", "operatingIncome": "3276000000", "sellingGeneralAndAdministrative": "2350000000", "researchAndDevelopment": "543000000", "operatingExpenses": "23136000000", "investmentIncomeNet": "None", "netInterestIncome": "None", "interestIncome": "None", "interestExpense": "221000000", "nonInterestIncome": "None", "otherNonOperatingIncome": "28000000", "depreciation": "None", "depreciationAndAmortization": "544000000", "incomeBeforeTax": "3083000000", "incomeTaxExpense": "997000000", "interestAndDebtExpense": "None", "netIncomeFromContinuingOperations": "2086000000", "comprehensiveIncomeNetOfTax": "None", "ebit": "3304000000", "ebitda": "3848000000", "netIncome": "2118000000"}, {"fiscalDateEnding": "2010-12-31", "reportedCurrency": "USD", "grossProfit": "5294000000", "totalRevenue": "28143000000", "costOfRevenue": "22849000000", "costofGoodsAndServicesSold": "22849000000", "operatingIncome": "2827000000", "sellingGeneralAndAdministrative": "3078000000", "researchAndDevelopment": "603000000", "operatingExpenses": "2467000000", "investmentIncomeNet": "None", "netInterestIncome": "None", "interestIncome": "None", "interestExpense": "269000000", "nonInterestIncome": "None", "otherNonOperatingIncome": "-194000000", "depreciation": "None", "depreciationAndAmortization": "555000000", "incomeBeforeTax": "2366000000", "incomeTaxExpense": "462000000", "interestAndDebtExpense": "None", "netIncomeFromContinuingOperations": "2038000000", "comprehensiveIncomeNetOfTax": "None", "ebit": "2827000000", "ebitda": "3382000000", "netIncome": "2053000000"}, {"fiscalDateEnding": "2009-12-31", "reportedCurrency": "USD", "grossProfit": "5625000000", "totalRevenue": "33755000000", "costOfRevenue": "28130000000", "costofGoodsAndServicesSold": "28130000000", "operatingIncome": "2483000000", "sellingGeneralAndAdministrative": "3142000000", "researchAndDevelopment": "610000000", "operatingExpenses": "3142000000", "investmentIncomeNet": "None", "netInterestIncome": "None", "interestIncome": "None", "interestExpense": "281000000", "nonInterestIncome": "None", "otherNonOperatingIncome": "64000000", "depreciation": "None", "depreciationAndAmortization": "585000000", "incomeBeforeTax": "2266000000", "incomeTaxExpense": "693000000", "interestAndDebtExpense": "None", "netIncomeFromContinuingOperations": "1573000000", "comprehensiveIncomeNetOfTax": "None", "ebit": "2698000000", "ebitda": "3283000000", "netIncome": "1686000000"}, {"fiscalDateEnding": "2008-12-31", "reportedCurrency": "USD", "grossProfit": "6189000000", "totalRevenue": "33887000000", "costOfRevenue": "27698000000", "costofGoodsAndServicesSold": "27698000000", "operatingIncome": "-111000000", "sellingGeneralAndAdministrative": "3240000000", "researchAndDevelopment": "576000000", "operatingExpenses": "6300000000", "investmentIncomeNet": "None", "netInterestIncome": "None", "interestIncome": "None", "interestExpense": "295000000", "nonInterestIncome": "None", "otherNonOperatingIncome": "None", "depreciation": "None", "depreciationAndAmortization": "761000000", "incomeBeforeTax": "-368000000", "incomeTaxExpense": "913000000", "interestAndDebtExpense": "None", "netIncomeFromContinuingOperations": "None", "comprehensiveIncomeNetOfTax": "None", "ebit": "-73000000", "ebitda": "688000000", "netIncome": "-1262000000"}, {"fiscalDateEnding": "2007-12-31", "reportedCurrency": "USD", "grossProfit": "6214000000", "totalRevenue": "32018000000", "costOfRevenue": "25804000000", "costofGoodsAndServicesSold": "25804000000", "operatingIncome": "3006000000", "sellingGeneralAndAdministrative": "3208000000", "researchAndDevelopment": "537000000", "operatingExpenses": "3208000000", "investmentIncomeNet": "None", "netInterestIncome": "None", "interestIncome": "None", "interestExpense": "336000000", "nonInterestIncome": "None", "otherNonOperatingIncome": "None", "depreciation": "None", "depreciationAndAmortization": "719000000", "incomeBeforeTax": "2686000000", "incomeTaxExpense": "883000000", "interestAndDebtExpense": "None", "netIncomeFromContinuingOperations": "None", "comprehensiveIncomeNetOfTax": "None", "ebit": "3006000000", "ebitda": "3725000000", "netIncome": "1790000000"}, {"fiscalDateEnding": "2006-12-31", "reportedCurrency": "USD", "grossProfit": "5488000000", "totalRevenue": "30148000000", "costOfRevenue": "24660000000", "costofGoodsAndServicesSold": "24660000000", "operatingIncome": "2454000000", "sellingGeneralAndAdministrative": "3034000000", "researchAndDevelopment": "574000000", "operatingExpenses": "3034000000", "investmentIncomeNet": "None", "netInterestIncome": "None", "interestIncome": "None", "interestExpense": "347000000", "nonInterestIncome": "None", "otherNonOperatingIncome": "None", "depreciation": "None", "depreciationAndAmortization": "691000000", "incomeBeforeTax": "2276000000", "incomeTaxExpense": "709000000", "interestAndDebtExpense": "None", "netIncomeFromContinuingOperations": "None", "comprehensiveIncomeNetOfTax": "None", "ebit": "2464000000", "ebitda": "3155000000", "netIncome": "1542000000"}, {"fiscalDateEnding": "2005-12-31", "reportedCurrency": "USD", "grossProfit": "5131000000", "totalRevenue": "30721000000", "costOfRevenue": "25590000000", "costofGoodsAndServicesSold": "25590000000", "operatingIncome": "2178000000", "sellingGeneralAndAdministrative": "2953000000", "researchAndDevelopment": "538000000", "operatingExpenses": "2953000000", "investmentIncomeNet": "None", "netInterestIncome": "None", "interestIncome": "None", "interestExpense": "388000000", "nonInterestIncome": "None", "otherNonOperatingIncome": "None", "depreciation": "None", "depreciationAndAmortization": "755000000", "incomeBeforeTax": "2044000000", "incomeTaxExpense": "661000000", "interestAndDebtExpense": "None", "netIncomeFromContinuingOperations": "None", "comprehensiveIncomeNetOfTax": "None", "ebit": "2199000000", "ebitda": "2954000000", "netIncome": "1400000000"}], "quarterlyReports": [{"fiscalDateEnding": "2024-12-31", "reportedCurrency": "USD", "grossProfit": "1932000000", "totalRevenue": "10686000000", "costOfRevenue": "8754000000", "costofGoodsAndServicesSold": "8754000000", "operatingIncome": "1193000000", "sellingGeneralAndAdministrative": "843000000", "researchAndDevelopment": "None", "operatingExpenses": "843000000", "investmentIncomeNet": "None", "netInterestIncome": "-160000000", "interestIncome": "None", "interestExpense": "160000000", "nonInterestIncome": "None", "otherNonOperatingIncome": "None", "depreciation": "None", "depreciationAndAmortization": "414000000", "incomeBeforeTax": "1551000000", "incomeTaxExpense": "287000000", "interestAndDebtExpense": "None", "netIncomeFromContinuingOperations": "1264000000", "comprehensiveIncomeNetOfTax": "None", "ebit": "952000000", "ebitda": "1366000000", "netIncome": "1264000000"}, {"fiscalDateEnding": "2024-09-30", "reportedCurrency": "USD", "grossProfit": "2106000000", "totalRevenue": "9996000000", "costOfRevenue": "7890000000", "costofGoodsAndServicesSold": "7890000000", "operatingIncome": "1120000000", "sellingGeneralAndAdministrative": "986000000", "researchAndDevelopment": "None", "operatingExpenses": "986000000", "investmentIncomeNet": "None", "netInterestIncome": "-161000000", "interestIncome": "None", "interestExpense": "161000000", "nonInterestIncome": "None", "otherNonOperatingIncome": "None", "depreciation": "None", "depreciationAndAmortization": "331000000", "incomeBeforeTax": "1188000000", "incomeTaxExpense": "162000000", "interestAndDebtExpense": "None", "netIncomeFromContinuingOperations": "1026000000", "comprehensiveIncomeNetOfTax": "None", "ebit": "1349000000", "ebitda": "1680000000", "netIncome": "1026000000"}, {"fiscalDateEnding": "2024-06-30", "reportedCurrency": "USD", "grossProfit": "2191000000", "totalRevenue": "10218000000", "costOfRevenue": "8027000000", "costofGoodsAndServicesSold": "8027000000", "operatingIncome": "1090000000", "sellingGeneralAndAdministrative": "934000000", "researchAndDevelopment": "None", "operatingExpenses": "1101000000", "investmentIncomeNet": "None", "netInterestIncome": "-154000000", "interestIncome": "None", "interestExpense": "154000000", "nonInterestIncome": "None", "otherNonOperatingIncome": "None", "depreciation": "None", "depreciationAndAmortization": "326000000", "incomeBeforeTax": "1146000000", "incomeTaxExpense": "206000000", "interestAndDebtExpense": "None", "netIncomeFromContinuingOperations": "940000000", "comprehensiveIncomeNetOfTax": "None", "ebit": "1257000000", "ebitda": "1583000000", "netIncome": "940000000"}, {"fiscalDateEnding": "2024-03-31", "reportedCurrency": "USD", "grossProfit": "2133000000", "totalRevenue": "10133000000", "costOfRevenue": "8000000000", "costofGoodsAndServicesSold": "8000000000", "operatingIncome": "1071000000", "sellingGeneralAndAdministrative": "894000000", "researchAndDevelopment": "None", "operatingExpenses": "1062000000", "investmentIncomeNet": "None", "netInterestIncome": "-146000000", "interestIncome": "None", "interestExpense": "146000000", "nonInterestIncome": "None", "otherNonOperatingIncome": "None", "depreciation": "None", "depreciationAndAmortization": "299000000", "incomeBeforeTax": "1131000000", "incomeTaxExpense": "187000000", "interestAndDebtExpense": "None", "netIncomeFromContinuingOperations": "944000000", "comprehensiveIncomeNetOfTax": "None", "ebit": "1239000000", "ebitda": "1538000000", "netIncome": "944000000"}, {"fiscalDateEnding": "2023-12-31", "reportedCurrency": "USD", "grossProfit": "485000000", "totalRevenue": "10638000000", "costOfRevenue": "10153000000", "costofGoodsAndServicesSold": "10153000000", "operatingIncome": "-393000000", "sellingGeneralAndAdministrative": "878000000", "researchAndDevelopment": "1200000000", "operatingExpenses": "878000000", "investmentIncomeNet": "None", "netInterestIncome": "-128000000", "interestIncome": "None", "interestExpense": "128000000", "nonInterestIncome": "None", "otherNonOperatingIncome": "None", "depreciation": "None", "depreciationAndAmortization": "400000000", "incomeBeforeTax": "-757000000", "incomeTaxExpense": "-222000000", "interestAndDebtExpense": "None", "netIncomeFromContinuingOperations": "-535000000", "comprehensiveIncomeNetOfTax": "None", "ebit": "-629000000", "ebitda": "-229000000", "netIncome": "-535000000"}, {"fiscalDateEnding": "2023-09-30", "reportedCurrency": "USD", "grossProfit": "2041000000", "totalRevenue": "9775000000", "costOfRevenue": "7734000000", "costofGoodsAndServicesSold": "7734000000", "operatingIncome": "1016000000", "sellingGeneralAndAdministrative": "1025000000", "researchAndDevelopment": "None", "operatingExpenses": "1025000000", "investmentIncomeNet": "None", "netInterestIncome": "-141000000", "interestIncome": "141000000", "interestExpense": "141000000", "nonInterestIncome": "None", "otherNonOperatingIncome": "None", "depreciation": "None", "depreciationAndAmortization": "317000000", "incomeBeforeTax": "1118000000", "incomeTaxExpense": "181000000", "interestAndDebtExpense": "None", "netIncomeFromContinuingOperations": "937000000", "comprehensiveIncomeNetOfTax": "None", "ebit": "1259000000", "ebitda": "1576000000", "netIncome": "937000000"}, {"fiscalDateEnding": "2023-06-30", "reportedCurrency": "USD", "grossProfit": "2040000000", "totalRevenue": "9576000000", "costOfRevenue": "7536000000", "costofGoodsAndServicesSold": "7536000000", "operatingIncome": "967000000", "sellingGeneralAndAdministrative": "1073000000", "researchAndDevelopment": "None", "operatingExpenses": "1073000000", "investmentIncomeNet": "None", "netInterestIncome": "-147000000", "interestIncome": "147000000", "interestExpense": "147000000", "nonInterestIncome": "None", "otherNonOperatingIncome": "34000000", "depreciation": "None", "depreciationAndAmortization": "323000000", "incomeBeforeTax": "987000000", "incomeTaxExpense": "175000000", "interestAndDebtExpense": "None", "netIncomeFromContinuingOperations": "1162000000", "comprehensiveIncomeNetOfTax": "None", "ebit": "1134000000", "ebitda": "1457000000", "netIncome": "812000000"}, {"fiscalDateEnding": "2023-03-31", "reportedCurrency": "USD", "grossProfit": "1985000000", "totalRevenue": "9301000000", "costOfRevenue": "7316000000", "costofGoodsAndServicesSold": "7316000000", "operatingIncome": "947000000", "sellingGeneralAndAdministrative": "1038000000", "researchAndDevelopment": "None", "operatingExpenses": "1038000000", "investmentIncomeNet": "None", "netInterestIncome": "-129000000", "interestIncome": "129000000", "interestExpense": "129000000", "nonInterestIncome": "None", "otherNonOperatingIncome": "48000000", "depreciation": "None", "depreciationAndAmortization": "298000000", "incomeBeforeTax": "998000000", "incomeTaxExpense": "156000000", "interestAndDebtExpense": "None", "netIncomeFromContinuingOperations": "1154000000", "comprehensiveIncomeNetOfTax": "None", "ebit": "1127000000", "ebitda": "1425000000", "netIncome": "842000000"}, {"fiscalDateEnding": "2022-12-31", "reportedCurrency": "USD", "grossProfit": "1824000000", "totalRevenue": "10033000000", "costOfRevenue": "8209000000", "costofGoodsAndServicesSold": "8209000000", "operatingIncome": "2572000000", "sellingGeneralAndAdministrative": "918000000", "researchAndDevelopment": "1200000000", "operatingExpenses": "918000000", "investmentIncomeNet": "None", "netInterestIncome": "-120000000", "interestIncome": "120000000", "interestExpense": "120000000", "nonInterestIncome": "None", "otherNonOperatingIncome": "58000000", "depreciation": "None", "depreciationAndAmortization": "382000000", "incomeBeforeTax": "2452000000", "incomeTaxExpense": "372000000", "interestAndDebtExpense": "None", "netIncomeFromContinuingOperations": "944000000", "comprehensiveIncomeNetOfTax": "None", "ebit": "2572000000", "ebitda": "2954000000", "netIncome": "2080000000"}, {"fiscalDateEnding": "2022-09-30", "reportedCurrency": "USD", "grossProfit": "1818000000", "totalRevenue": "8971000000", "costOfRevenue": "7153000000", "costofGoodsAndServicesSold": "7153000000", "operatingIncome": "1212000000", "sellingGeneralAndAdministrative": "974000000", "researchAndDevelopment": "None", "operatingExpenses": "974000000", "investmentIncomeNet": "None", "netInterestIncome": "-122000000", "interestIncome": "122000000", "interestExpense": "122000000", "nonInterestIncome": "None", "otherNonOperatingIncome": "-8000000", "depreciation": "None", "depreciationAndAmortization": "327000000", "incomeBeforeTax": "1090000000", "incomeTaxExpense": "175000000", "interestAndDebtExpense": "None", "netIncomeFromContinuingOperations": "1265000000", "comprehensiveIncomeNetOfTax": "None", "ebit": "1212000000", "ebitda": "1539000000", "netIncome": "915000000"}, {"fiscalDateEnding": "2022-06-30", "reportedCurrency": "USD", "grossProfit": "1959000000", "totalRevenue": "8801000000", "costOfRevenue": "6842000000", "costofGoodsAndServicesSold": "6842000000", "operatingIncome": "1281000000", "sellingGeneralAndAdministrative": "1005000000", "researchAndDevelopment": "None", "operatingExpenses": "1005000000", "investmentIncomeNet": "None", "netInterestIncome": "-131000000", "interestIncome": "131000000", "interestExpense": "131000000", "nonInterestIncome": "None", "otherNonOperatingIncome": "-50000000", "depreciation": "None", "depreciationAndAmortization": "330000000", "incomeBeforeTax": "1150000000", "incomeTaxExpense": "204000000", "interestAndDebtExpense": "None", "netIncomeFromContinuingOperations": "1354000000", "comprehensiveIncomeNetOfTax": "None", "ebit": "1281000000", "ebitda": "1611000000", "netIncome": "946000000"}, {"fiscalDateEnding": "2022-03-31", "reportedCurrency": "USD", "grossProfit": "1873000000", "totalRevenue": "8797000000", "costOfRevenue": "6924000000", "costofGoodsAndServicesSold": "6924000000", "operatingIncome": "1277000000", "sellingGeneralAndAdministrative": "976000000", "researchAndDevelopment": "None", "operatingExpenses": "976000000", "investmentIncomeNet": "None", "netInterestIncome": "-133000000", "interestIncome": "133000000", "interestExpense": "133000000", "nonInterestIncome": "None", "otherNonOperatingIncome": "4000000", "depreciation": "None", "depreciationAndAmortization": "303000000", "incomeBeforeTax": "1144000000", "incomeTaxExpense": "189000000", "interestAndDebtExpense": "None", "netIncomeFromContinuingOperations": "1333000000", "comprehensiveIncomeNetOfTax": "None", "ebit": "1277000000", "ebitda": "1580000000", "netIncome": "955000000"}, {"fiscalDateEnding": "2021-12-31", "reportedCurrency": "USD", "grossProfit": "1551000000", "totalRevenue": "8639000000", "costOfRevenue": "7088000000", "costofGoodsAndServicesSold": "7088000000", "operatingIncome": "742000000", "sellingGeneralAndAdministrative": "809000000", "researchAndDevelopment": "None", "operatingExpenses": "809000000", "investmentIncomeNet": "None", "netInterestIncome": "-133000000", "interestIncome": "133000000", "interestExpense": "133000000", "nonInterestIncome": "None", "otherNonOperatingIncome": "13000000", "depreciation": "None", "depreciationAndAmortization": "331000000", "incomeBeforeTax": "3345000000", "incomeTaxExpense": "635000000", "interestAndDebtExpense": "None", "netIncomeFromContinuingOperations": "2702000000", "comprehensiveIncomeNetOfTax": "None", "ebit": "3478000000", "ebitda": "3809000000", "netIncome": "2710000000"}, {"fiscalDateEnding": "2021-09-30", "reportedCurrency": "USD", "grossProfit": "1934000000", "totalRevenue": "8720000000", "costOfRevenue": "6786000000", "costofGoodsAndServicesSold": "6786000000", "operatingIncome": "1043000000", "sellingGeneralAndAdministrative": "891000000", "researchAndDevelopment": "None", "operatingExpenses": "891000000", "investmentIncomeNet": "None", "netInterestIncome": "-132000000", "interestIncome": "132000000", "interestExpense": "132000000", "nonInterestIncome": "None", "otherNonOperatingIncome": "-3000000", "depreciation": "None", "depreciationAndAmortization": "314000000", "incomeBeforeTax": "1275000000", "incomeTaxExpense": "212000000", "interestAndDebtExpense": "None", "netIncomeFromContinuingOperations": "1063000000", "comprehensiveIncomeNetOfTax": "None", "ebit": "1407000000", "ebitda": "1721000000", "netIncome": "1063000000"}, {"fiscalDateEnding": "2021-06-30", "reportedCurrency": "USD", "grossProfit": "2043000000", "totalRevenue": "9151000000", "costOfRevenue": "7108000000", "costofGoodsAndServicesSold": "7108000000", "operatingIncome": "1044000000", "sellingGeneralAndAdministrative": "999000000", "researchAndDevelopment": "None", "operatingExpenses": "999000000", "investmentIncomeNet": "None", "netInterestIncome": "-136000000", "interestIncome": "136000000", "interestExpense": "136000000", "nonInterestIncome": "None", "otherNonOperatingIncome": "27000000", "depreciation": "None", "depreciationAndAmortization": "300000000", "incomeBeforeTax": "1302000000", "incomeTaxExpense": "265000000", "interestAndDebtExpense": "None", "netIncomeFromContinuingOperations": "1037000000", "comprehensiveIncomeNetOfTax": "None", "ebit": "1438000000", "ebitda": "1738000000", "netIncome": "1037000000"}, {"fiscalDateEnding": "2021-03-31", "reportedCurrency": "USD", "grossProfit": "1740000000", "totalRevenue": "9157000000", "costOfRevenue": "7417000000", "costofGoodsAndServicesSold": "7417000000", "operatingIncome": "2822000000", "sellingGeneralAndAdministrative": "898000000", "researchAndDevelopment": "None", "operatingExpenses": "898000000", "investmentIncomeNet": "None", "netInterestIncome": "-155000000", "interestIncome": "155000000", "interestExpense": "155000000", "nonInterestIncome": "None", "otherNonOperatingIncome": "-18000000", "depreciation": "None", "depreciationAndAmortization": "294000000", "incomeBeforeTax": "3016000000", "incomeTaxExpense": "821000000", "interestAndDebtExpense": "None", "netIncomeFromContinuingOperations": "2195000000", "comprehensiveIncomeNetOfTax": "None", "ebit": "1209000000", "ebitda": "1503000000", "netIncome": "2195000000"}, {"fiscalDateEnding": "2020-12-31", "reportedCurrency": "USD", "grossProfit": "2090000000", "totalRevenue": "10212000000", "costOfRevenue": "21199000000", "costofGoodsAndServicesSold": "21199000000", "operatingIncome": "1152000000", "sellingGeneralAndAdministrative": "938000000", "researchAndDevelopment": "1100000000", "operatingExpenses": "3413000", "investmentIncomeNet": "None", "netInterestIncome": "-160000000", "interestIncome": "160000000", "interestExpense": "160000000", "nonInterestIncome": "None", "otherNonOperatingIncome": "56000000", "depreciation": "None", "depreciationAndAmortization": "345000000", "incomeBeforeTax": "305000000", "incomeTaxExpense": "-25000000", "interestAndDebtExpense": "None", "netIncomeFromContinuingOperations": "289000000", "comprehensiveIncomeNetOfTax": "None", "ebit": "465000000", "ebitda": "810000000", "netIncome": "330000000"}, {"fiscalDateEnding": "2020-09-30", "reportedCurrency": "USD", "grossProfit": "1840000000", "totalRevenue": "9083000000", "costOfRevenue": "7243000000", "costofGoodsAndServicesSold": "7243000000", "operatingIncome": "985000000", "sellingGeneralAndAdministrative": "855000000", "researchAndDevelopment": "None", "operatingExpenses": "855000000", "investmentIncomeNet": "None", "netInterestIncome": "-154000000", "interestIncome": "154000000", "interestExpense": "154000000", "nonInterestIncome": "None", "otherNonOperatingIncome": "34000000", "depreciation": "None", "depreciationAndAmortization": "317000000", "incomeBeforeTax": "1167000000", "incomeTaxExpense": "181000000", "interestAndDebtExpense": "None", "netIncomeFromContinuingOperations": "986000000", "comprehensiveIncomeNetOfTax": "None", "ebit": "1321000000", "ebitda": "1638000000", "netIncome": "986000000"}, {"fiscalDateEnding": "2020-06-30", "reportedCurrency": "USD", "grossProfit": "1826000000", "totalRevenue": "8884000000", "costOfRevenue": "7058000000", "costofGoodsAndServicesSold": "7058000000", "operatingIncome": "994000000", "sellingGeneralAndAdministrative": "832000000", "researchAndDevelopment": "None", "operatingExpenses": "832000000", "investmentIncomeNet": "None", "netInterestIncome": "-154000000", "interestIncome": "154000000", "interestExpense": "154000000", "nonInterestIncome": "None", "otherNonOperatingIncome": "60000000", "depreciation": "None", "depreciationAndAmortization": "308000000", "incomeBeforeTax": "1203000000", "incomeTaxExpense": "198000000", "interestAndDebtExpense": "None", "netIncomeFromContinuingOperations": "1005000000", "comprehensiveIncomeNetOfTax": "None", "ebit": "1357000000", "ebitda": "1665000000", "netIncome": "1005000000"}, {"fiscalDateEnding": "2020-03-31", "reportedCurrency": "USD", "grossProfit": "1722000000", "totalRevenue": "8620000000", "costOfRevenue": "6898000000", "costofGoodsAndServicesSold": "6898000000", "operatingIncome": "934000000", "sellingGeneralAndAdministrative": "788000000", "researchAndDevelopment": "None", "operatingExpenses": "788000000", "investmentIncomeNet": "None", "netInterestIncome": "-125000000", "interestIncome": "125000000", "interestExpense": "125000000", "nonInterestIncome": "None", "otherNonOperatingIncome": "-58000000", "depreciation": "None", "depreciationAndAmortization": "297000000", "incomeBeforeTax": "1053000000", "incomeTaxExpense": "185000000", "interestAndDebtExpense": "None", "netIncomeFromContinuingOperations": "868000000", "comprehensiveIncomeNetOfTax": "None", "ebit": "1178000000", "ebitda": "1475000000", "netIncome": "868000000"}, {"fiscalDateEnding": "2019-12-31", "reportedCurrency": "USD", "grossProfit": "2106000000", "totalRevenue": "8721000000", "costOfRevenue": "6615000000", "costofGoodsAndServicesSold": "6615000000", "operatingIncome": "1136000000", "sellingGeneralAndAdministrative": "970000000", "researchAndDevelopment": "953000000", "operatingExpenses": "970000000", "investmentIncomeNet": "None", "netInterestIncome": "-130000000", "interestIncome": "130000000", "interestExpense": "130000000", "nonInterestIncome": "None", "otherNonOperatingIncome": "25000000", "depreciation": "None", "depreciationAndAmortization": "281000000", "incomeBeforeTax": "-569000000", "incomeTaxExpense": "-160000000", "interestAndDebtExpense": "None", "netIncomeFromContinuingOperations": "-456000000", "comprehensiveIncomeNetOfTax": "None", "ebit": "-379000000", "ebitda": "-98000000", "netIncome": "-409000000"}, {"fiscalDateEnding": "2019-09-30", "reportedCurrency": "USD", "grossProfit": "1727000000", "totalRevenue": "8475000000", "costOfRevenue": "6748000000", "costofGoodsAndServicesSold": "6748000000", "operatingIncome": "951000000", "sellingGeneralAndAdministrative": "776000000", "researchAndDevelopment": "None", "operatingExpenses": "776000000", "investmentIncomeNet": "None", "netInterestIncome": "-123000000", "interestIncome": "123000000", "interestExpense": "123000000", "nonInterestIncome": "None", "otherNonOperatingIncome": "27000000", "depreciation": "None", "depreciationAndAmortization": "258000000", "incomeBeforeTax": "1055000000", "incomeTaxExpense": "122000000", "interestAndDebtExpense": "None", "netIncomeFromContinuingOperations": "933000000", "comprehensiveIncomeNetOfTax": "None", "ebit": "1178000000", "ebitda": "1436000000", "netIncome": "933000000"}, {"fiscalDateEnding": "2019-06-30", "reportedCurrency": "USD", "grossProfit": "1730000000", "totalRevenue": "8456000000", "costOfRevenue": "6726000000", "costofGoodsAndServicesSold": "6726000000", "operatingIncome": "946000000", "sellingGeneralAndAdministrative": "784000000", "researchAndDevelopment": "None", "operatingExpenses": "784000000", "investmentIncomeNet": "None", "netInterestIncome": "-137000000", "interestIncome": "137000000", "interestExpense": "137000000", "nonInterestIncome": "None", "otherNonOperatingIncome": "19000000", "depreciation": "None", "depreciationAndAmortization": "245000000", "incomeBeforeTax": "1028000000", "incomeTaxExpense": "167000000", "interestAndDebtExpense": "None", "netIncomeFromContinuingOperations": "861000000", "comprehensiveIncomeNetOfTax": "None", "ebit": "1165000000", "ebitda": "1410000000", "netIncome": "861000000"}, {"fiscalDateEnding": "2019-03-31", "reportedCurrency": "USD", "grossProfit": "1696000000", "totalRevenue": "8189000000", "costOfRevenue": "6493000000", "costofGoodsAndServicesSold": "6493000000", "operatingIncome": "936000000", "sellingGeneralAndAdministrative": "760000000", "researchAndDevelopment": "None", "operatingExpenses": "760000000", "investmentIncomeNet": "None", "netInterestIncome": "-138000000", "interestIncome": "138000000", "interestExpense": "138000000", "nonInterestIncome": "None", "otherNonOperatingIncome": "36000000", "depreciation": "None", "depreciationAndAmortization": "234000000", "incomeBeforeTax": "1034000000", "incomeTaxExpense": "171000000", "interestAndDebtExpense": "None", "netIncomeFromContinuingOperations": "863000000", "comprehensiveIncomeNetOfTax": "None", "ebit": "1172000000", "ebitda": "1406000000", "netIncome": "863000000"}, {"fiscalDateEnding": "2018-12-31", "reportedCurrency": "USD", "grossProfit": "1669000000", "totalRevenue": "8156000000", "costOfRevenue": "6487000000", "costofGoodsAndServicesSold": "6487000000", "operatingIncome": "925000000", "sellingGeneralAndAdministrative": "744000000", "researchAndDevelopment": "764000000", "operatingExpenses": "744000000", "investmentIncomeNet": "None", "netInterestIncome": "None", "interestIncome": "None", "interestExpense": "142000000", "nonInterestIncome": "None", "otherNonOperatingIncome": "-12000000", "depreciation": "None", "depreciationAndAmortization": "266000000", "incomeBeforeTax": "785000000", "incomeTaxExpense": "128000000", "interestAndDebtExpense": "None", "netIncomeFromContinuingOperations": "341000000", "comprehensiveIncomeNetOfTax": "None", "ebit": "927000000", "ebitda": "1193000000", "netIncome": "657000000"}, {"fiscalDateEnding": "2018-09-30", "reportedCurrency": "USD", "grossProfit": "1995000000", "totalRevenue": "8085000000", "costOfRevenue": "6090000000", "costofGoodsAndServicesSold": "6090000000", "operatingIncome": "1178000000", "sellingGeneralAndAdministrative": "817000000", "researchAndDevelopment": "0", "operatingExpenses": "817000000", "investmentIncomeNet": "None", "netInterestIncome": "None", "interestIncome": "None", "interestExpense": "133000000", "nonInterestIncome": "None", "otherNonOperatingIncome": "57000000", "depreciation": "None", "depreciationAndAmortization": "253000000", "incomeBeforeTax": "1237000000", "incomeTaxExpense": "93000000", "interestAndDebtExpense": "None", "netIncomeFromContinuingOperations": "1228000000", "comprehensiveIncomeNetOfTax": "None", "ebit": "1442000000", "ebitda": "1695000000", "netIncome": "1144000000"}, {"fiscalDateEnding": "2018-06-30", "reportedCurrency": "USD", "grossProfit": "1562000000", "totalRevenue": "7119000000", "costOfRevenue": "5557000000", "costofGoodsAndServicesSold": "5557000000", "operatingIncome": "823000000", "sellingGeneralAndAdministrative": "739000000", "researchAndDevelopment": "0", "operatingExpenses": "739000000", "investmentIncomeNet": "None", "netInterestIncome": "None", "interestIncome": "None", "interestExpense": "144000000", "nonInterestIncome": "None", "otherNonOperatingIncome": "45000000", "depreciation": "None", "depreciationAndAmortization": "159000000", "incomeBeforeTax": "849000000", "incomeTaxExpense": "160000000", "interestAndDebtExpense": "None", "netIncomeFromContinuingOperations": "775000000", "comprehensiveIncomeNetOfTax": "None", "ebit": "1075000000", "ebitda": "1234000000", "netIncome": "689000000"}, {"fiscalDateEnding": "2018-03-31", "reportedCurrency": "USD", "grossProfit": "1565000000", "totalRevenue": "6735000000", "costOfRevenue": "5170000000", "costofGoodsAndServicesSold": "5170000000", "operatingIncome": "854000000", "sellingGeneralAndAdministrative": "711000000", "researchAndDevelopment": "0", "operatingExpenses": "711000000", "investmentIncomeNet": "None", "netInterestIncome": "None", "interestIncome": "None", "interestExpense": "143000000", "nonInterestIncome": "None", "otherNonOperatingIncome": "40000000", "depreciation": "None", "depreciationAndAmortization": "122000000", "incomeBeforeTax": "871000000", "incomeTaxExpense": "132000000", "interestAndDebtExpense": "None", "netIncomeFromContinuingOperations": "825000000", "comprehensiveIncomeNetOfTax": "None", "ebit": "1102000000", "ebitda": "1224000000", "netIncome": "739000000"}, {"fiscalDateEnding": "2017-12-31", "reportedCurrency": "USD", "grossProfit": "1413000000", "totalRevenue": "6634000000", "costOfRevenue": "5221000000", "costofGoodsAndServicesSold": "5221000000", "operatingIncome": "767000000", "sellingGeneralAndAdministrative": "646000000", "researchAndDevelopment": "639000000", "operatingExpenses": "646000000", "investmentIncomeNet": "None", "netInterestIncome": "None", "interestIncome": "None", "interestExpense": "136000000", "nonInterestIncome": "None", "otherNonOperatingIncome": "53000000", "depreciation": "None", "depreciationAndAmortization": "153000000", "incomeBeforeTax": "684000000", "incomeTaxExpense": "506000000", "interestAndDebtExpense": "None", "netIncomeFromContinuingOperations": "708000000", "comprehensiveIncomeNetOfTax": "None", "ebit": "820000000", "ebitda": "973000000", "netIncome": "178000000"}, {"fiscalDateEnding": "2017-09-30", "reportedCurrency": "USD", "grossProfit": "1511000000", "totalRevenue": "6527000000", "costOfRevenue": "5016000000", "costofGoodsAndServicesSold": "5016000000", "operatingIncome": "845000000", "sellingGeneralAndAdministrative": "666000000", "researchAndDevelopment": "0", "operatingExpenses": "666000000", "investmentIncomeNet": "None", "netInterestIncome": "None", "interestIncome": "None", "interestExpense": "73000000", "nonInterestIncome": "None", "otherNonOperatingIncome": "13000000", "depreciation": "None", "depreciationAndAmortization": "111000000", "incomeBeforeTax": "785000000", "incomeTaxExpense": "140000000", "interestAndDebtExpense": "None", "netIncomeFromContinuingOperations": "744000000", "comprehensiveIncomeNetOfTax": "None", "ebit": "858000000", "ebitda": "969000000", "netIncome": "645000000"}, {"fiscalDateEnding": "2017-06-30", "reportedCurrency": "USD", "grossProfit": "1521000000", "totalRevenue": "6375000000", "costOfRevenue": "4854000000", "costofGoodsAndServicesSold": "4854000000", "operatingIncome": "855000000", "sellingGeneralAndAdministrative": "666000000", "researchAndDevelopment": "0", "operatingExpenses": "666000000", "investmentIncomeNet": "None", "netInterestIncome": "None", "interestIncome": "None", "interestExpense": "76000000", "nonInterestIncome": "None", "otherNonOperatingIncome": "28000000", "depreciation": "None", "depreciationAndAmortization": "107000000", "incomeBeforeTax": "807000000", "incomeTaxExpense": "255000000", "interestAndDebtExpense": "None", "netIncomeFromContinuingOperations": "654000000", "comprehensiveIncomeNetOfTax": "None", "ebit": "883000000", "ebitda": "990000000", "netIncome": "552000000"}, {"fiscalDateEnding": "2017-03-31", "reportedCurrency": "USD", "grossProfit": "1509000000", "totalRevenue": "6267000000", "costOfRevenue": "4758000000", "costofGoodsAndServicesSold": "4758000000", "operatingIncome": "832000000", "sellingGeneralAndAdministrative": "677000000", "researchAndDevelopment": "0", "operatingExpenses": "677000000", "investmentIncomeNet": "None", "netInterestIncome": "None", "interestIncome": "None", "interestExpense": "75000000", "nonInterestIncome": "None", "otherNonOperatingIncome": "16000000", "depreciation": "None", "depreciationAndAmortization": "104000000", "incomeBeforeTax": "773000000", "incomeTaxExpense": "133000000", "interestAndDebtExpense": "None", "netIncomeFromContinuingOperations": "739000000", "comprehensiveIncomeNetOfTax": "None", "ebit": "844000000", "ebitda": "948000000", "netIncome": "640000000"}, {"fiscalDateEnding": "2016-12-31", "reportedCurrency": "USD", "grossProfit": "1477000000", "totalRevenue": "6397000000", "costOfRevenue": "4920000000", "costofGoodsAndServicesSold": "4920000000", "operatingIncome": "831000000", "sellingGeneralAndAdministrative": "646000000", "researchAndDevelopment": "705000000", "operatingExpenses": "646000000", "investmentIncomeNet": "None", "netInterestIncome": "None", "interestIncome": "None", "interestExpense": "77000000", "nonInterestIncome": "None", "otherNonOperatingIncome": "-6000000", "depreciation": "None", "depreciationAndAmortization": "134000000", "incomeBeforeTax": "748000000", "incomeTaxExpense": "223000000", "interestAndDebtExpense": "None", "netIncomeFromContinuingOperations": "48000000", "comprehensiveIncomeNetOfTax": "None", "ebit": "825000000", "ebitda": "959000000", "netIncome": "525000000"}, {"fiscalDateEnding": "2016-09-30", "reportedCurrency": "USD", "grossProfit": "1488000000", "totalRevenue": "6155000000", "costOfRevenue": "4667000000", "costofGoodsAndServicesSold": "4667000000", "operatingIncome": "826000000", "sellingGeneralAndAdministrative": "662000000", "researchAndDevelopment": "0", "operatingExpenses": "662000000", "investmentIncomeNet": "None", "netInterestIncome": "None", "interestIncome": "None", "interestExpense": "74000000", "nonInterestIncome": "None", "otherNonOperatingIncome": "17000000", "depreciation": "None", "depreciationAndAmortization": "113000000", "incomeBeforeTax": "769000000", "incomeTaxExpense": "167000000", "interestAndDebtExpense": "None", "netIncomeFromContinuingOperations": "703000000", "comprehensiveIncomeNetOfTax": "None", "ebit": "843000000", "ebitda": "956000000", "netIncome": "602000000"}, {"fiscalDateEnding": "2016-06-30", "reportedCurrency": "USD", "grossProfit": "1417000000", "totalRevenue": "6000000000", "costOfRevenue": "4583000000", "costofGoodsAndServicesSold": "4583000000", "operatingIncome": "797000000", "sellingGeneralAndAdministrative": "620000000", "researchAndDevelopment": "0", "operatingExpenses": "620000000", "investmentIncomeNet": "None", "netInterestIncome": "None", "interestIncome": "None", "interestExpense": "74000000", "nonInterestIncome": "None", "otherNonOperatingIncome": "7000000", "depreciation": "None", "depreciationAndAmortization": "106000000", "incomeBeforeTax": "730000000", "incomeTaxExpense": "213000000", "interestAndDebtExpense": "None", "netIncomeFromContinuingOperations": "617000000", "comprehensiveIncomeNetOfTax": "None", "ebit": "797000000", "ebitda": "903000000", "netIncome": "517000000"}, {"fiscalDateEnding": "2016-03-31", "reportedCurrency": "USD", "grossProfit": "1395000000", "totalRevenue": "5956000000", "costOfRevenue": "4561000000", "costofGoodsAndServicesSold": "4561000000", "operatingIncome": "739000000", "sellingGeneralAndAdministrative": "656000000", "researchAndDevelopment": "0", "operatingExpenses": "656000000", "investmentIncomeNet": "None", "netInterestIncome": "None", "interestIncome": "None", "interestExpense": "76000000", "nonInterestIncome": "None", "otherNonOperatingIncome": "13000000", "depreciation": "None", "depreciationAndAmortization": "103000000", "incomeBeforeTax": "676000000", "incomeTaxExpense": "120000000", "interestAndDebtExpense": "None", "netIncomeFromContinuingOperations": "657000000", "comprehensiveIncomeNetOfTax": "None", "ebit": "739000000", "ebitda": "842000000", "netIncome": "556000000"}, {"fiscalDateEnding": "2015-12-31", "reportedCurrency": "USD", "grossProfit": "1316000000", "totalRevenue": "5694000000", "costOfRevenue": "4378000000", "costofGoodsAndServicesSold": "4378000000", "operatingIncome": "689000000", "sellingGeneralAndAdministrative": "627000000", "researchAndDevelopment": "712000000", "operatingExpenses": "627000000", "investmentIncomeNet": "None", "netInterestIncome": "None", "interestIncome": "None", "interestExpense": "75000000", "nonInterestIncome": "None", "otherNonOperatingIncome": "7000000", "depreciation": "None", "depreciationAndAmortization": "138000000", "incomeBeforeTax": "621000000", "incomeTaxExpense": "162000000", "interestAndDebtExpense": "None", "netIncomeFromContinuingOperations": "246000000", "comprehensiveIncomeNetOfTax": "None", "ebit": "689000000", "ebitda": "827000000", "netIncome": "459000000"}, {"fiscalDateEnding": "2015-09-30", "reportedCurrency": "USD", "grossProfit": "1457000000", "totalRevenue": "5979000000", "costOfRevenue": "4522000000", "costofGoodsAndServicesSold": "4522000000", "operatingIncome": "794000000", "sellingGeneralAndAdministrative": "663000000", "researchAndDevelopment": "0", "operatingExpenses": "663000000", "investmentIncomeNet": "None", "netInterestIncome": "None", "interestIncome": "None", "interestExpense": "75000000", "nonInterestIncome": "None", "otherNonOperatingIncome": "10000000", "depreciation": "None", "depreciationAndAmortization": "113000000", "incomeBeforeTax": "729000000", "incomeTaxExpense": "213000000", "interestAndDebtExpense": "None", "netIncomeFromContinuingOperations": "612000000", "comprehensiveIncomeNetOfTax": "None", "ebit": "794000000", "ebitda": "907000000", "netIncome": "516000000"}, {"fiscalDateEnding": "2015-06-30", "reportedCurrency": "USD", "grossProfit": "1454000000", "totalRevenue": "5896000000", "costOfRevenue": "4442000000", "costofGoodsAndServicesSold": "4442000000", "operatingIncome": "813000000", "sellingGeneralAndAdministrative": "641000000", "researchAndDevelopment": "0", "operatingExpenses": "641000000", "investmentIncomeNet": "None", "netInterestIncome": "None", "interestIncome": "None", "interestExpense": "75000000", "nonInterestIncome": "None", "otherNonOperatingIncome": "-2000000", "depreciation": "None", "depreciationAndAmortization": "117000000", "incomeBeforeTax": "736000000", "incomeTaxExpense": "205000000", "interestAndDebtExpense": "None", "netIncomeFromContinuingOperations": "627000000", "comprehensiveIncomeNetOfTax": "None", "ebit": "813000000", "ebitda": "930000000", "netIncome": "531000000"}, {"fiscalDateEnding": "2015-03-31", "reportedCurrency": "USD", "grossProfit": "1415000000", "totalRevenue": "5957000000", "costOfRevenue": "4542000000", "costofGoodsAndServicesSold": "4542000000", "operatingIncome": "780000000", "sellingGeneralAndAdministrative": "635000000", "researchAndDevelopment": "0", "operatingExpenses": "635000000", "investmentIncomeNet": "None", "netInterestIncome": "None", "interestIncome": "None", "interestExpense": "76000000", "nonInterestIncome": "None", "otherNonOperatingIncome": "None", "depreciation": "None", "depreciationAndAmortization": "99000000", "incomeBeforeTax": "704000000", "incomeTaxExpense": "220000000", "interestAndDebtExpense": "None", "netIncomeFromContinuingOperations": "580000000", "comprehensiveIncomeNetOfTax": "None", "ebit": "780000000", "ebitda": "879000000", "netIncome": "484000000"}, {"fiscalDateEnding": "2014-12-31", "reportedCurrency": "USD", "grossProfit": "1455000000", "totalRevenue": "6108000000", "costOfRevenue": "4653000000", "costofGoodsAndServicesSold": "4653000000", "operatingIncome": "762000000", "sellingGeneralAndAdministrative": "693000000", "researchAndDevelopment": "569000000", "operatingExpenses": "693000000", "investmentIncomeNet": "None", "netInterestIncome": "None", "interestIncome": "None", "interestExpense": "74000000", "nonInterestIncome": "None", "otherNonOperatingIncome": "13000000", "depreciation": "None", "depreciationAndAmortization": "140000000", "incomeBeforeTax": "701000000", "incomeTaxExpense": "195000000", "interestAndDebtExpense": "None", "netIncomeFromContinuingOperations": "-1937000000", "comprehensiveIncomeNetOfTax": "None", "ebit": "762000000", "ebitda": "902000000", "netIncome": "506000000"}, {"fiscalDateEnding": "2014-09-30", "reportedCurrency": "USD", "grossProfit": "1349000000", "totalRevenue": "5984000000", "costOfRevenue": "4635000000", "costofGoodsAndServicesSold": "4635000000", "operatingIncome": "769000000", "sellingGeneralAndAdministrative": "580000000", "researchAndDevelopment": "0", "operatingExpenses": "580000000", "investmentIncomeNet": "None", "netInterestIncome": "None", "interestIncome": "None", "interestExpense": "69000000", "nonInterestIncome": "None", "otherNonOperatingIncome": "-6000000", "depreciation": "None", "depreciationAndAmortization": "105000000", "incomeBeforeTax": "694000000", "incomeTaxExpense": "221000000", "interestAndDebtExpense": "None", "netIncomeFromContinuingOperations": "504000000", "comprehensiveIncomeNetOfTax": "None", "ebit": "769000000", "ebitda": "874000000", "netIncome": "473000000"}, {"fiscalDateEnding": "2014-06-30", "reportedCurrency": "USD", "grossProfit": "1410000000", "totalRevenue": "6039000000", "costOfRevenue": "4629000000", "costofGoodsAndServicesSold": "4629000000", "operatingIncome": "820000000", "sellingGeneralAndAdministrative": "590000000", "researchAndDevelopment": "0", "operatingExpenses": "590000000", "investmentIncomeNet": "None", "netInterestIncome": "None", "interestIncome": "None", "interestExpense": "70000000", "nonInterestIncome": "None", "otherNonOperatingIncome": "6000000", "depreciation": "None", "depreciationAndAmortization": "108000000", "incomeBeforeTax": "756000000", "incomeTaxExpense": "245000000", "interestAndDebtExpense": "None", "netIncomeFromContinuingOperations": "546000000", "comprehensiveIncomeNetOfTax": "None", "ebit": "820000000", "ebitda": "928000000", "netIncome": "511000000"}, {"fiscalDateEnding": "2014-03-31", "reportedCurrency": "USD", "grossProfit": "1387000000", "totalRevenue": "5848000000", "costOfRevenue": "4461000000", "costofGoodsAndServicesSold": "4461000000", "operatingIncome": "845000000", "sellingGeneralAndAdministrative": "542000000", "researchAndDevelopment": "0", "operatingExpenses": "542000000", "investmentIncomeNet": "None", "netInterestIncome": "None", "interestIncome": "None", "interestExpense": "69000000", "nonInterestIncome": "None", "otherNonOperatingIncome": "10000000", "depreciation": "None", "depreciationAndAmortization": "109000000", "incomeBeforeTax": "786000000", "incomeTaxExpense": "207000000", "interestAndDebtExpense": "None", "netIncomeFromContinuingOperations": "640000000", "comprehensiveIncomeNetOfTax": "None", "ebit": "845000000", "ebitda": "954000000", "netIncome": "579000000"}, {"fiscalDateEnding": "2013-12-31", "reportedCurrency": "USD", "grossProfit": "1329000000", "totalRevenue": "6157000000", "costOfRevenue": "4828000000", "costofGoodsAndServicesSold": "4828000000", "operatingIncome": "768000000", "sellingGeneralAndAdministrative": "561000000", "researchAndDevelopment": "507000000", "operatingExpenses": "561000000", "investmentIncomeNet": "None", "netInterestIncome": "None", "interestIncome": "None", "interestExpense": "74000000", "nonInterestIncome": "None", "otherNonOperatingIncome": "13000000", "depreciation": "None", "depreciationAndAmortization": "150000000", "incomeBeforeTax": "707000000", "incomeTaxExpense": "229000000", "interestAndDebtExpense": "None", "netIncomeFromContinuingOperations": "241000000", "comprehensiveIncomeNetOfTax": "None", "ebit": "768000000", "ebitda": "918000000", "netIncome": "478000000"}, {"fiscalDateEnding": "2013-09-30", "reportedCurrency": "USD", "grossProfit": "1345000000", "totalRevenue": "6106000000", "costOfRevenue": "4761000000", "costofGoodsAndServicesSold": "4761000000", "operatingIncome": "790000000", "sellingGeneralAndAdministrative": "555000000", "researchAndDevelopment": "0", "operatingExpenses": "555000000", "investmentIncomeNet": "None", "netInterestIncome": "None", "interestIncome": "None", "interestExpense": "70000000", "nonInterestIncome": "None", "otherNonOperatingIncome": "None", "depreciation": "None", "depreciationAndAmortization": "120000000", "incomeBeforeTax": "720000000", "incomeTaxExpense": "223000000", "interestAndDebtExpense": "None", "netIncomeFromContinuingOperations": "575000000", "comprehensiveIncomeNetOfTax": "None", "ebit": "790000000", "ebitda": "910000000", "netIncome": "497000000"}, {"fiscalDateEnding": "2013-06-30", "reportedCurrency": "USD", "grossProfit": "1388000000", "totalRevenue": "6294000000", "costOfRevenue": "4906000000", "costofGoodsAndServicesSold": "4906000000", "operatingIncome": "806000000", "sellingGeneralAndAdministrative": "582000000", "researchAndDevelopment": "0", "operatingExpenses": "582000000", "investmentIncomeNet": "None", "netInterestIncome": "None", "interestIncome": "None", "interestExpense": "60000000", "nonInterestIncome": "None", "otherNonOperatingIncome": "-22000000", "depreciation": "None", "depreciationAndAmortization": "115000000", "incomeBeforeTax": "724000000", "incomeTaxExpense": "236000000", "interestAndDebtExpense": "None", "netIncomeFromContinuingOperations": "567000000", "comprehensiveIncomeNetOfTax": "None", "ebit": "784000000", "ebitda": "899000000", "netIncome": "488000000"}, {"fiscalDateEnding": "2013-03-31", "reportedCurrency": "USD", "grossProfit": "1317000000", "totalRevenue": "6104000000", "costOfRevenue": "4787000000", "costofGoodsAndServicesSold": "4787000000", "operatingIncome": "759000000", "sellingGeneralAndAdministrative": "558000000", "researchAndDevelopment": "0", "operatingExpenses": "558000000", "investmentIncomeNet": "None", "netInterestIncome": "None", "interestIncome": "None", "interestExpense": "53000000", "nonInterestIncome": "None", "otherNonOperatingIncome": "6000000", "depreciation": "None", "depreciationAndAmortization": "110000000", "incomeBeforeTax": "712000000", "incomeTaxExpense": "223000000", "interestAndDebtExpense": "None", "netIncomeFromContinuingOperations": "569000000", "comprehensiveIncomeNetOfTax": "None", "ebit": "765000000", "ebitda": "875000000", "netIncome": "489000000"}, {"fiscalDateEnding": "2012-12-31", "reportedCurrency": "USD", "grossProfit": "1561000000", "totalRevenue": "6476000000", "costOfRevenue": "4915000000", "costofGoodsAndServicesSold": "4915000000", "operatingIncome": "824000000", "sellingGeneralAndAdministrative": "737000000", "researchAndDevelopment": "520000000", "operatingExpenses": "737000000", "investmentIncomeNet": "None", "netInterestIncome": "None", "interestIncome": "None", "interestExpense": "54000000", "nonInterestIncome": "None", "otherNonOperatingIncome": "17000000", "depreciation": "None", "depreciationAndAmortization": "139000000", "incomeBeforeTax": "787000000", "incomeTaxExpense": "254000000", "interestAndDebtExpense": "None", "netIncomeFromContinuingOperations": "533000000", "comprehensiveIncomeNetOfTax": "None", "ebit": "841000000", "ebitda": "980000000", "netIncome": "533000000"}, {"fiscalDateEnding": "2012-09-30", "reportedCurrency": "USD", "grossProfit": "1308000000", "totalRevenue": "6270000000", "costOfRevenue": "4962000000", "costofGoodsAndServicesSold": "4962000000", "operatingIncome": "736000000", "sellingGeneralAndAdministrative": "572000000", "researchAndDevelopment": "0", "operatingExpenses": "572000000", "investmentIncomeNet": "None", "netInterestIncome": "None", "interestIncome": "None", "interestExpense": "53000000", "nonInterestIncome": "None", "otherNonOperatingIncome": "12000000", "depreciation": "None", "depreciationAndAmortization": "128000000", "incomeBeforeTax": "695000000", "incomeTaxExpense": "236000000", "interestAndDebtExpense": "None", "netIncomeFromContinuingOperations": "459000000", "comprehensiveIncomeNetOfTax": "None", "ebit": "748000000", "ebitda": "876000000", "netIncome": "459000000"}, {"fiscalDateEnding": "2012-06-30", "reportedCurrency": "USD", "grossProfit": "1354000000", "totalRevenue": "6274000000", "costOfRevenue": "4920000000", "costofGoodsAndServicesSold": "4920000000", "operatingIncome": "774000000", "sellingGeneralAndAdministrative": "580000000", "researchAndDevelopment": "0", "operatingExpenses": "580000000", "investmentIncomeNet": "None", "netInterestIncome": "None", "interestIncome": "None", "interestExpense": "52000000", "nonInterestIncome": "None", "otherNonOperatingIncome": "5000000", "depreciation": "None", "depreciationAndAmortization": "123000000", "incomeBeforeTax": "727000000", "incomeTaxExpense": "247000000", "interestAndDebtExpense": "None", "netIncomeFromContinuingOperations": "480000000", "comprehensiveIncomeNetOfTax": "None", "ebit": "779000000", "ebitda": "902000000", "netIncome": "480000000"}, {"fiscalDateEnding": "2012-03-31", "reportedCurrency": "USD", "grossProfit": "1357000000", "totalRevenue": "6198000000", "costOfRevenue": "4841000000", "costofGoodsAndServicesSold": "4841000000", "operatingIncome": "796000000", "sellingGeneralAndAdministrative": "561000000", "researchAndDevelopment": "0", "operatingExpenses": "561000000", "investmentIncomeNet": "None", "netInterestIncome": "None", "interestIncome": "None", "interestExpense": "53000000", "nonInterestIncome": "None", "otherNonOperatingIncome": "13000000", "depreciation": "None", "depreciationAndAmortization": "120000000", "incomeBeforeTax": "756000000", "incomeTaxExpense": "250000000", "interestAndDebtExpense": "None", "netIncomeFromContinuingOperations": "506000000", "comprehensiveIncomeNetOfTax": "None", "ebit": "809000000", "ebitda": "929000000", "netIncome": "506000000"}, {"fiscalDateEnding": "2011-12-31", "reportedCurrency": "USD", "grossProfit": "1436000000", "totalRevenue": "6506000000", "costOfRevenue": "5070000000", "costofGoodsAndServicesSold": "5070000000", "operatingIncome": "799000000", "sellingGeneralAndAdministrative": "637000000", "researchAndDevelopment": "543000000", "operatingExpenses": "637000000", "investmentIncomeNet": "None", "netInterestIncome": "None", "interestIncome": "None", "interestExpense": "53000000", "nonInterestIncome": "None", "otherNonOperatingIncome": "36000000", "depreciation": "None", "depreciationAndAmortization": "157000000", "incomeBeforeTax": "782000000", "incomeTaxExpense": "232000000", "interestAndDebtExpense": "None", "netIncomeFromContinuingOperations": "550000000", "comprehensiveIncomeNetOfTax": "None", "ebit": "835000000", "ebitda": "992000000", "netIncome": "548000000"}, {"fiscalDateEnding": "2011-09-30", "reportedCurrency": "USD", "grossProfit": "1414000000", "totalRevenue": "6612000000", "costOfRevenue": "5198000000", "costofGoodsAndServicesSold": "5198000000", "operatingIncome": "825000000", "sellingGeneralAndAdministrative": "589000000", "researchAndDevelopment": "0", "operatingExpenses": "589000000", "investmentIncomeNet": "None", "netInterestIncome": "None", "interestIncome": "None", "interestExpense": "57000000", "nonInterestIncome": "None", "otherNonOperatingIncome": "-13000000", "depreciation": "None", "depreciationAndAmortization": "132000000", "incomeBeforeTax": "755000000", "incomeTaxExpense": "235000000", "interestAndDebtExpense": "None", "netIncomeFromContinuingOperations": "520000000", "comprehensiveIncomeNetOfTax": "None", "ebit": "812000000", "ebitda": "944000000", "netIncome": "520000000"}, {"fiscalDateEnding": "2011-06-30", "reportedCurrency": "USD", "grossProfit": "1397000000", "totalRevenue": "6560000000", "costOfRevenue": "5163000000", "costofGoodsAndServicesSold": "5163000000", "operatingIncome": "841000000", "sellingGeneralAndAdministrative": "556000000", "researchAndDevelopment": "0", "operatingExpenses": "556000000", "investmentIncomeNet": "None", "netInterestIncome": "None", "interestIncome": "None", "interestExpense": "53000000", "nonInterestIncome": "None", "otherNonOperatingIncome": "None", "depreciation": "None", "depreciationAndAmortization": "134000000", "incomeBeforeTax": "788000000", "incomeTaxExpense": "268000000", "interestAndDebtExpense": "None", "netIncomeFromContinuingOperations": "520000000", "comprehensiveIncomeNetOfTax": "None", "ebit": "707000000", "ebitda": "841000000", "netIncome": "520000000"}, {"fiscalDateEnding": "2011-03-31", "reportedCurrency": "USD", "grossProfit": "1379000000", "totalRevenue": "6734000000", "costOfRevenue": "5355000000", "costofGoodsAndServicesSold": "5355000000", "operatingIncome": "811000000", "sellingGeneralAndAdministrative": "568000000", "researchAndDevelopment": "0", "operatingExpenses": "568000000", "investmentIncomeNet": "None", "netInterestIncome": "None", "interestIncome": "None", "interestExpense": "58000000", "nonInterestIncome": "None", "otherNonOperatingIncome": "5000000", "depreciation": "None", "depreciationAndAmortization": "121000000", "incomeBeforeTax": "758000000", "incomeTaxExpense": "262000000", "interestAndDebtExpense": "None", "netIncomeFromContinuingOperations": "496000000", "comprehensiveIncomeNetOfTax": "None", "ebit": "816000000", "ebitda": "937000000", "netIncome": "530000000"}, {"fiscalDateEnding": "2010-12-31", "reportedCurrency": "USD", "grossProfit": "1603000000", "totalRevenue": "8607000000", "costOfRevenue": "7004000000", "costofGoodsAndServicesSold": "7004000000", "operatingIncome": "788000000", "sellingGeneralAndAdministrative": "815000000", "researchAndDevelopment": "580000000", "operatingExpenses": "815000000", "investmentIncomeNet": "None", "netInterestIncome": "None", "interestIncome": "None", "interestExpense": "65000000", "nonInterestIncome": "None", "otherNonOperatingIncome": "-204000000", "depreciation": "None", "depreciationAndAmortization": "201000000", "incomeBeforeTax": "519000000", "incomeTaxExpense": "143000000", "interestAndDebtExpense": "None", "netIncomeFromContinuingOperations": "376000000", "comprehensiveIncomeNetOfTax": "None", "ebit": "584000000", "ebitda": "785000000", "netIncome": "376000000"}, {"fiscalDateEnding": "2010-09-30", "reportedCurrency": "USD", "grossProfit": "1526000000", "totalRevenue": "8714000000", "costOfRevenue": "7188000000", "costofGoodsAndServicesSold": "7188000000", "operatingIncome": "801000000", "sellingGeneralAndAdministrative": "725000000", "researchAndDevelopment": "0", "operatingExpenses": "725000000", "investmentIncomeNet": "None", "netInterestIncome": "None", "interestIncome": "None", "interestExpense": "68000000", "nonInterestIncome": "None", "otherNonOperatingIncome": "13000000", "depreciation": "None", "depreciationAndAmortization": "183000000", "incomeBeforeTax": "746000000", "incomeTaxExpense": "257000000", "interestAndDebtExpense": "None", "netIncomeFromContinuingOperations": "489000000", "comprehensiveIncomeNetOfTax": "None", "ebit": "689000000", "ebitda": "872000000", "netIncome": "497000000"}, {"fiscalDateEnding": "2010-06-30", "reportedCurrency": "USD", "grossProfit": "1486000000", "totalRevenue": "8826000000", "costOfRevenue": "7340000000", "costofGoodsAndServicesSold": "7340000000", "operatingIncome": "716000000", "sellingGeneralAndAdministrative": "770000000", "researchAndDevelopment": "0", "operatingExpenses": "770000000", "investmentIncomeNet": "None", "netInterestIncome": "None", "interestIncome": "None", "interestExpense": "68000000", "nonInterestIncome": "None", "otherNonOperatingIncome": "-10000000", "depreciation": "None", "depreciationAndAmortization": "175000000", "incomeBeforeTax": "638000000", "incomeTaxExpense": "-73000000", "interestAndDebtExpense": "None", "netIncomeFromContinuingOperations": "711000000", "comprehensiveIncomeNetOfTax": "None", "ebit": "695000000", "ebitda": "870000000", "netIncome": "711000000"}, {"fiscalDateEnding": "2010-03-31", "reportedCurrency": "USD", "grossProfit": "1533000000", "totalRevenue": "8610000000", "costOfRevenue": "7077000000", "costofGoodsAndServicesSold": "7077000000", "operatingIncome": "765000000", "sellingGeneralAndAdministrative": "768000000", "researchAndDevelopment": "0", "operatingExpenses": "768000000", "investmentIncomeNet": "None", "netInterestIncome": "None", "interestIncome": "None", "interestExpense": "80000000", "nonInterestIncome": "None", "otherNonOperatingIncome": "7000000", "depreciation": "None", "depreciationAndAmortization": "179000000", "incomeBeforeTax": "692000000", "incomeTaxExpense": "230000000", "interestAndDebtExpense": "None", "netIncomeFromContinuingOperations": "462000000", "comprehensiveIncomeNetOfTax": "None", "ebit": "636000000", "ebitda": "815000000", "netIncome": "469000000"}, {"fiscalDateEnding": "2009-12-31", "reportedCurrency": "USD", "grossProfit": "1371000000", "totalRevenue": "7752000000", "costOfRevenue": "6381000000", "costofGoodsAndServicesSold": "6381000000", "operatingIncome": "520000000", "sellingGeneralAndAdministrative": "851000000", "researchAndDevelopment": "610000000", "operatingExpenses": "851000000", "investmentIncomeNet": "None", "netInterestIncome": "None", "interestIncome": "None", "interestExpense": "62000000", "nonInterestIncome": "None", "otherNonOperatingIncome": "None", "depreciation": "None", "depreciationAndAmortization": "157000000", "incomeBeforeTax": "460000000", "incomeTaxExpense": "157000000", "interestAndDebtExpense": "None", "netIncomeFromContinuingOperations": "0", "comprehensiveIncomeNetOfTax": "None", "ebit": "522000000", "ebitda": "679000000", "netIncome": "413000000"}, {"fiscalDateEnding": "2009-09-30", "reportedCurrency": "USD", "grossProfit": "1423000000", "totalRevenue": "8726000000", "costOfRevenue": "7303000000", "costofGoodsAndServicesSold": "7303000000", "operatingIncome": "655000000", "sellingGeneralAndAdministrative": "768000000", "researchAndDevelopment": "0", "operatingExpenses": "768000000", "investmentIncomeNet": "None", "netInterestIncome": "None", "interestIncome": "None", "interestExpense": "76000000", "nonInterestIncome": "None", "otherNonOperatingIncome": "41000000", "depreciation": "None", "depreciationAndAmortization": "None", "incomeBeforeTax": "620000000", "incomeTaxExpense": "133000000", "interestAndDebtExpense": "None", "netIncomeFromContinuingOperations": "487000000", "comprehensiveIncomeNetOfTax": "None", "ebit": "620000000", "ebitda": "655000000", "netIncome": "490000000"}, {"fiscalDateEnding": "2009-06-30", "reportedCurrency": "USD", "grossProfit": "1427000000", "totalRevenue": "8957000000", "costOfRevenue": "7530000000", "costofGoodsAndServicesSold": "7530000000", "operatingIncome": "653000000", "sellingGeneralAndAdministrative": "774000000", "researchAndDevelopment": "0", "operatingExpenses": "774000000", "investmentIncomeNet": "None", "netInterestIncome": "None", "interestIncome": "None", "interestExpense": "70000000", "nonInterestIncome": "None", "otherNonOperatingIncome": "None", "depreciation": "None", "depreciationAndAmortization": "None", "incomeBeforeTax": "596000000", "incomeTaxExpense": "202000000", "interestAndDebtExpense": "None", "netIncomeFromContinuingOperations": "0", "comprehensiveIncomeNetOfTax": "None", "ebit": "596000000", "ebitda": "653000000", "netIncome": "394000000"}, {"fiscalDateEnding": "2009-03-31", "reportedCurrency": "USD", "grossProfit": "1404000000", "totalRevenue": "8320000000", "costOfRevenue": "6916000000", "costofGoodsAndServicesSold": "6916000000", "operatingIncome": "655000000", "sellingGeneralAndAdministrative": "749000000", "researchAndDevelopment": "0", "operatingExpenses": "749000000", "investmentIncomeNet": "None", "netInterestIncome": "None", "interestIncome": "None", "interestExpense": "73000000", "nonInterestIncome": "None", "otherNonOperatingIncome": "None", "depreciation": "None", "depreciationAndAmortization": "137000000", "incomeBeforeTax": "590000000", "incomeTaxExpense": "201000000", "interestAndDebtExpense": "None", "netIncomeFromContinuingOperations": "0", "comprehensiveIncomeNetOfTax": "None", "ebit": "664000000", "ebitda": "801000000", "netIncome": "389000000"}, {"fiscalDateEnding": "2008-12-31", "reportedCurrency": "USD", "grossProfit": "1828000000", "totalRevenue": "9154000000", "costOfRevenue": "7326000000", "costofGoodsAndServicesSold": "7326000000", "operatingIncome": "-2152000000", "sellingGeneralAndAdministrative": "920000000", "researchAndDevelopment": "576000000", "operatingExpenses": "3980000000", "investmentIncomeNet": "None", "netInterestIncome": "None", "interestIncome": "None", "interestExpense": "72000000", "nonInterestIncome": "None", "otherNonOperatingIncome": "None", "depreciation": "None", "depreciationAndAmortization": "197000000", "incomeBeforeTax": "-2258000000", "incomeTaxExpense": "278000000", "interestAndDebtExpense": "None", "netIncomeFromContinuingOperations": "0", "comprehensiveIncomeNetOfTax": "None", "ebit": "-2152000000", "ebitda": "-1955000000", "netIncome": "-2533000000"}, {"fiscalDateEnding": "2008-09-30", "reportedCurrency": "USD", "grossProfit": "1556000000", "totalRevenue": "8381000000", "costOfRevenue": "6825000000", "costofGoodsAndServicesSold": "6825000000", "operatingIncome": "771000000", "sellingGeneralAndAdministrative": "785000000", "researchAndDevelopment": "0", "operatingExpenses": "785000000", "investmentIncomeNet": "None", "netInterestIncome": "None", "interestIncome": "None", "interestExpense": "74000000", "nonInterestIncome": "None", "otherNonOperatingIncome": "None", "depreciation": "None", "depreciationAndAmortization": "184000000", "incomeBeforeTax": "742000000", "incomeTaxExpense": "233000000", "interestAndDebtExpense": "None", "netIncomeFromContinuingOperations": "0", "comprehensiveIncomeNetOfTax": "None", "ebit": "587000000", "ebitda": "771000000", "netIncome": "512000000"}, {"fiscalDateEnding": "2008-06-30", "reportedCurrency": "USD", "grossProfit": "1603000000", "totalRevenue": "8628000000", "costOfRevenue": "7025000000", "costofGoodsAndServicesSold": "7025000000", "operatingIncome": "806000000", "sellingGeneralAndAdministrative": "797000000", "researchAndDevelopment": "0", "operatingExpenses": "797000000", "investmentIncomeNet": "None", "netInterestIncome": "None", "interestIncome": "None", "interestExpense": "72000000", "nonInterestIncome": "None", "otherNonOperatingIncome": "None", "depreciation": "None", "depreciationAndAmortization": "185000000", "incomeBeforeTax": "739000000", "incomeTaxExpense": "256000000", "interestAndDebtExpense": "None", "netIncomeFromContinuingOperations": "0", "comprehensiveIncomeNetOfTax": "None", "ebit": "621000000", "ebitda": "806000000", "netIncome": "495000000"}, {"fiscalDateEnding": "2008-03-31", "reportedCurrency": "USD", "grossProfit": "1202000000", "totalRevenue": "7724000000", "costOfRevenue": "6522000000", "costofGoodsAndServicesSold": "6522000000", "operatingIncome": "464000000", "sellingGeneralAndAdministrative": "738000000", "researchAndDevelopment": "0", "operatingExpenses": "738000000", "investmentIncomeNet": "None", "netInterestIncome": "None", "interestIncome": "None", "interestExpense": "77000000", "nonInterestIncome": "None", "otherNonOperatingIncome": "None", "depreciation": "None", "depreciationAndAmortization": "195000000", "incomeBeforeTax": "409000000", "incomeTaxExpense": "146000000", "interestAndDebtExpense": "None", "netIncomeFromContinuingOperations": "0", "comprehensiveIncomeNetOfTax": "None", "ebit": "269000000", "ebitda": "464000000", "netIncome": "264000000"}, {"fiscalDateEnding": "2007-12-31", "reportedCurrency": "USD", "grossProfit": "1642000000", "totalRevenue": "8824000000", "costOfRevenue": "7182000000", "costofGoodsAndServicesSold": "7182000000", "operatingIncome": "760000000", "sellingGeneralAndAdministrative": "882000000", "researchAndDevelopment": "534000000", "operatingExpenses": "882000000", "investmentIncomeNet": "None", "netInterestIncome": "None", "interestIncome": "None", "interestExpense": "336000000", "nonInterestIncome": "None", "otherNonOperatingIncome": "None", "depreciation": "None", "depreciationAndAmortization": "205000000", "incomeBeforeTax": "699000000", "incomeTaxExpense": "242000000", "interestAndDebtExpense": "None", "netIncomeFromContinuingOperations": "0", "comprehensiveIncomeNetOfTax": "None", "ebit": "760000000", "ebitda": "965000000", "netIncome": "454000000"}, {"fiscalDateEnding": "2007-09-30", "reportedCurrency": "USD", "grossProfit": "1598000000", "totalRevenue": "7928000000", "costOfRevenue": "6330000000", "costofGoodsAndServicesSold": "6330000000", "operatingIncome": "807000000", "sellingGeneralAndAdministrative": "791000000", "researchAndDevelopment": "0", "operatingExpenses": "791000000", "investmentIncomeNet": "None", "netInterestIncome": "None", "interestIncome": "None", "interestExpense": "84000000", "nonInterestIncome": "None", "otherNonOperatingIncome": "None", "depreciation": "None", "depreciationAndAmortization": "175000000", "incomeBeforeTax": "731000000", "incomeTaxExpense": "241000000", "interestAndDebtExpense": "None", "netIncomeFromContinuingOperations": "0", "comprehensiveIncomeNetOfTax": "None", "ebit": "814000000", "ebitda": "989000000", "netIncome": "489000000"}, {"fiscalDateEnding": "2007-06-30", "reportedCurrency": "USD", "grossProfit": "1568000000", "totalRevenue": "7929000000", "costOfRevenue": "6361000000", "costofGoodsAndServicesSold": "6361000000", "operatingIncome": "744000000", "sellingGeneralAndAdministrative": "824000000", "researchAndDevelopment": "0", "operatingExpenses": "824000000", "investmentIncomeNet": "None", "netInterestIncome": "None", "interestIncome": "None", "interestExpense": "83000000", "nonInterestIncome": "None", "otherNonOperatingIncome": "None", "depreciation": "None", "depreciationAndAmortization": "173000000", "incomeBeforeTax": "652000000", "incomeTaxExpense": "192000000", "interestAndDebtExpense": "None", "netIncomeFromContinuingOperations": "0", "comprehensiveIncomeNetOfTax": "None", "ebit": "763000000", "ebitda": "936000000", "netIncome": "460000000"}, {"fiscalDateEnding": "2007-03-31", "reportedCurrency": "USD", "grossProfit": "1396000000", "totalRevenue": "7344000000", "costOfRevenue": "5948000000", "costofGoodsAndServicesSold": "5948000000", "operatingIncome": "681000000", "sellingGeneralAndAdministrative": "715000000", "researchAndDevelopment": "0", "operatingExpenses": "715000000", "investmentIncomeNet": "None", "netInterestIncome": "None", "interestIncome": "None", "interestExpense": "89000000", "nonInterestIncome": "None", "otherNonOperatingIncome": "None", "depreciation": "None", "depreciationAndAmortization": "166000000", "incomeBeforeTax": "590000000", "incomeTaxExpense": "203000000", "interestAndDebtExpense": "None", "netIncomeFromContinuingOperations": "0", "comprehensiveIncomeNetOfTax": "None", "ebit": "690000000", "ebitda": "856000000", "netIncome": "387000000"}, {"fiscalDateEnding": "2006-12-31", "reportedCurrency": "USD", "grossProfit": "1428000000", "totalRevenue": "8021000000", "costOfRevenue": "6593000000", "costofGoodsAndServicesSold": "6593000000", "operatingIncome": "622000000", "sellingGeneralAndAdministrative": "806000000", "researchAndDevelopment": "574000000", "operatingExpenses": "806000000", "investmentIncomeNet": "None", "netInterestIncome": "None", "interestIncome": "None", "interestExpense": "347000000", "nonInterestIncome": "None", "otherNonOperatingIncome": "None", "depreciation": "None", "depreciationAndAmortization": "183000000", "incomeBeforeTax": "687000000", "incomeTaxExpense": "230000000", "interestAndDebtExpense": "None", "netIncomeFromContinuingOperations": "0", "comprehensiveIncomeNetOfTax": "None", "ebit": "622000000", "ebitda": "805000000", "netIncome": "453000000"}, {"fiscalDateEnding": "2006-09-30", "reportedCurrency": "USD", "grossProfit": "1333000000", "totalRevenue": "7433000000", "costOfRevenue": "6100000000", "costofGoodsAndServicesSold": "6100000000", "operatingIncome": "546000000", "sellingGeneralAndAdministrative": "787000000", "researchAndDevelopment": "0", "operatingExpenses": "787000000", "investmentIncomeNet": "None", "netInterestIncome": "None", "interestIncome": "None", "interestExpense": "86000000", "nonInterestIncome": "None", "otherNonOperatingIncome": "None", "depreciation": "None", "depreciationAndAmortization": "165000000", "incomeBeforeTax": "474000000", "incomeTaxExpense": "168000000", "interestAndDebtExpense": "None", "netIncomeFromContinuingOperations": "0", "comprehensiveIncomeNetOfTax": "None", "ebit": "549000000", "ebitda": "714000000", "netIncome": "302000000"}, {"fiscalDateEnding": "2006-06-30", "reportedCurrency": "USD", "grossProfit": "1446000000", "totalRevenue": "7601000000", "costOfRevenue": "6155000000", "costofGoodsAndServicesSold": "6155000000", "operatingIncome": "682000000", "sellingGeneralAndAdministrative": "764000000", "researchAndDevelopment": "0", "operatingExpenses": "764000000", "investmentIncomeNet": "None", "netInterestIncome": "None", "interestIncome": "None", "interestExpense": "87000000", "nonInterestIncome": "None", "otherNonOperatingIncome": "None", "depreciation": "None", "depreciationAndAmortization": "170000000", "incomeBeforeTax": "589000000", "incomeTaxExpense": "147000000", "interestAndDebtExpense": "None", "netIncomeFromContinuingOperations": "0", "comprehensiveIncomeNetOfTax": "None", "ebit": "682000000", "ebitda": "852000000", "netIncome": "430000000"}, {"fiscalDateEnding": "2006-03-31", "reportedCurrency": "USD", "grossProfit": "1290000000", "totalRevenue": "7184000000", "costOfRevenue": "5894000000", "costofGoodsAndServicesSold": "5894000000", "operatingIncome": "595000000", "sellingGeneralAndAdministrative": "695000000", "researchAndDevelopment": "0", "operatingExpenses": "695000000", "investmentIncomeNet": "None", "netInterestIncome": "None", "interestIncome": "None", "interestExpense": "90000000", "nonInterestIncome": "None", "otherNonOperatingIncome": "None", "depreciation": "None", "depreciationAndAmortization": "173000000", "incomeBeforeTax": "517000000", "incomeTaxExpense": "160000000", "interestAndDebtExpense": "None", "netIncomeFromContinuingOperations": "0", "comprehensiveIncomeNetOfTax": "None", "ebit": "604000000", "ebitda": "777000000", "netIncome": "358000000"}, {"fiscalDateEnding": "2005-12-31", "reportedCurrency": "USD", "grossProfit": "1439000000", "totalRevenue": "7860000000", "costOfRevenue": "6421000000", "costofGoodsAndServicesSold": "6421000000", "operatingIncome": "534000000", "sellingGeneralAndAdministrative": "905000000", "researchAndDevelopment": "538000000", "operatingExpenses": "905000000", "investmentIncomeNet": "None", "netInterestIncome": "None", "interestIncome": "None", "interestExpense": "388000000", "nonInterestIncome": "None", "otherNonOperatingIncome": "None", "depreciation": "None", "depreciationAndAmortization": "212000000", "incomeBeforeTax": "459000000", "incomeTaxExpense": "128000000", "interestAndDebtExpense": "None", "netIncomeFromContinuingOperations": "0", "comprehensiveIncomeNetOfTax": "None", "ebit": "534000000", "ebitda": "746000000", "netIncome": "331000000"}, {"fiscalDateEnding": "2005-09-30", "reportedCurrency": "USD", "grossProfit": "1114000000", "totalRevenue": "7446000000", "costOfRevenue": "6332000000", "costofGoodsAndServicesSold": "6332000000", "operatingIncome": "433000000", "sellingGeneralAndAdministrative": "681000000", "researchAndDevelopment": "0", "operatingExpenses": "681000000", "investmentIncomeNet": "None", "netInterestIncome": "None", "interestIncome": "None", "interestExpense": "98000000", "nonInterestIncome": "None", "otherNonOperatingIncome": "None", "depreciation": "None", "depreciationAndAmortization": "188000000", "incomeBeforeTax": "435000000", "incomeTaxExpense": "147000000", "interestAndDebtExpense": "None", "netIncomeFromContinuingOperations": "0", "comprehensiveIncomeNetOfTax": "None", "ebit": "438000000", "ebitda": "626000000", "netIncome": "293000000"}, {"fiscalDateEnding": "2005-06-30", "reportedCurrency": "USD", "grossProfit": "1321000000", "totalRevenue": "7962000000", "costOfRevenue": "6641000000", "costofGoodsAndServicesSold": "6641000000", "operatingIncome": "616000000", "sellingGeneralAndAdministrative": "705000000", "researchAndDevelopment": "0", "operatingExpenses": "705000000", "investmentIncomeNet": "None", "netInterestIncome": "None", "interestIncome": "None", "interestExpense": "94000000", "nonInterestIncome": "None", "otherNonOperatingIncome": "None", "depreciation": "None", "depreciationAndAmortization": "182000000", "incomeBeforeTax": "554000000", "incomeTaxExpense": "188000000", "interestAndDebtExpense": "None", "netIncomeFromContinuingOperations": "0", "comprehensiveIncomeNetOfTax": "None", "ebit": "621000000", "ebitda": "803000000", "netIncome": "367000000"}, {"fiscalDateEnding": "2005-03-31", "reportedCurrency": "USD", "grossProfit": "1257000000", "totalRevenue": "7453000000", "costOfRevenue": "6196000000", "costofGoodsAndServicesSold": "6196000000", "operatingIncome": "595000000", "sellingGeneralAndAdministrative": "662000000", "researchAndDevelopment": "0", "operatingExpenses": "662000000", "investmentIncomeNet": "None", "netInterestIncome": "None", "interestIncome": "None", "interestExpense": "95000000", "nonInterestIncome": "None", "otherNonOperatingIncome": "None", "depreciation": "None", "depreciationAndAmortization": "173000000", "incomeBeforeTax": "596000000", "incomeTaxExpense": "198000000", "interestAndDebtExpense": "None", "netIncomeFromContinuingOperations": "0", "comprehensiveIncomeNetOfTax": "None", "ebit": "595000000", "ebitda": "768000000", "netIncome": "409000000"}, {"fiscalDateEnding": "2004-12-31", "reportedCurrency": "USD", "grossProfit": "1288000000", "totalRevenue": "7846000000", "costOfRevenue": "6558000000", "costofGoodsAndServicesSold": "6558000000", "operatingIncome": "572000000", "sellingGeneralAndAdministrative": "751000000", "researchAndDevelopment": "504000000", "operatingExpenses": "716000000", "investmentIncomeNet": "None", "netInterestIncome": "None", "interestIncome": "None", "interestExpense": "431000000", "nonInterestIncome": "None", "otherNonOperatingIncome": "None", "depreciation": "None", "depreciationAndAmortization": "185000000", "incomeBeforeTax": "422000000", "incomeTaxExpense": "150000000", "interestAndDebtExpense": "None", "netIncomeFromContinuingOperations": "0", "comprehensiveIncomeNetOfTax": "None", "ebit": "572000000", "ebitda": "757000000", "netIncome": "272000000"}]}