{"symbol": "AOS", "annualReports": [{"fiscalDateEnding": "2024-12-31", "reportedCurrency": "USD", "grossProfit": "1456100000", "totalRevenue": "3818100000", "costOfRevenue": "2362000000", "costofGoodsAndServicesSold": "2362000000", "operatingIncome": "716800000", "sellingGeneralAndAdministrative": "739300000", "researchAndDevelopment": "None", "operatingExpenses": "739300000", "investmentIncomeNet": "None", "netInterestIncome": "-6700000", "interestIncome": "None", "interestExpense": "6700000", "nonInterestIncome": "None", "otherNonOperatingIncome": "None", "depreciation": "None", "depreciationAndAmortization": "78800000", "incomeBeforeTax": "701000000", "incomeTaxExpense": "167400000", "interestAndDebtExpense": "None", "netIncomeFromContinuingOperations": "533600000", "comprehensiveIncomeNetOfTax": "None", "ebit": "698700000", "ebitda": "777500000", "netIncome": "533600000"}, {"fiscalDateEnding": "2023-12-31", "reportedCurrency": "USD", "grossProfit": "1484800000", "totalRevenue": "3852800000", "costOfRevenue": "2368000000", "costofGoodsAndServicesSold": "2368000000", "operatingIncome": "757400000", "sellingGeneralAndAdministrative": "633500000", "researchAndDevelopment": "97500000", "operatingExpenses": "727400000", "investmentIncomeNet": "None", "netInterestIncome": "-14300000", "interestIncome": "None", "interestExpense": "12000000", "nonInterestIncome": "None", "otherNonOperatingIncome": "None", "depreciation": "None", "depreciationAndAmortization": "78300000", "incomeBeforeTax": "733500000", "incomeTaxExpense": "176900000", "interestAndDebtExpense": "None", "netIncomeFromContinuingOperations": "299200000", "comprehensiveIncomeNetOfTax": "None", "ebit": "745500000", "ebitda": "823800000", "netIncome": "556600000"}, {"fiscalDateEnding": "2022-12-31", "reportedCurrency": "USD", "grossProfit": "1329600000", "totalRevenue": "3753900000", "costOfRevenue": "2424300000", "costofGoodsAndServicesSold": "2424300000", "operatingIncome": "233100000", "sellingGeneralAndAdministrative": "570500000", "researchAndDevelopment": "89000000", "operatingExpenses": "670900000", "investmentIncomeNet": "None", "netInterestIncome": "-9400000", "interestIncome": "None", "interestExpense": "9400000", "nonInterestIncome": "None", "otherNonOperatingIncome": "-425600000", "depreciation": "None", "depreciationAndAmortization": "76900000", "incomeBeforeTax": "223700000", "incomeTaxExpense": "-12000000", "interestAndDebtExpense": "None", "netIncomeFromContinuingOperations": "235700000", "comprehensiveIncomeNetOfTax": "None", "ebit": "233100000", "ebitda": "310000000", "netIncome": "235700000"}, {"fiscalDateEnding": "2021-12-31", "reportedCurrency": "USD", "grossProfit": "1310900000", "totalRevenue": "3538900000", "costOfRevenue": "2228000000", "costofGoodsAndServicesSold": "2228000000", "operatingIncome": "629900000", "sellingGeneralAndAdministrative": "594400000", "researchAndDevelopment": "94200000", "operatingExpenses": "701400000", "investmentIncomeNet": "None", "netInterestIncome": "-4300000", "interestIncome": "None", "interestExpense": "4300000", "nonInterestIncome": "None", "otherNonOperatingIncome": "20400000", "depreciation": "None", "depreciationAndAmortization": "77900000", "incomeBeforeTax": "625600000", "incomeTaxExpense": "138500000", "interestAndDebtExpense": "None", "netIncomeFromContinuingOperations": "487100000", "comprehensiveIncomeNetOfTax": "None", "ebit": "629900000", "ebitda": "707800000", "netIncome": "487100000"}, {"fiscalDateEnding": "2020-12-31", "reportedCurrency": "USD", "grossProfit": "1108200000", "totalRevenue": "2895300000", "costOfRevenue": "1787100000", "costofGoodsAndServicesSold": "1787100000", "operatingIncome": "458900000", "sellingGeneralAndAdministrative": "563300000", "researchAndDevelopment": "80700000", "operatingExpenses": "660300000", "investmentIncomeNet": "None", "netInterestIncome": "-7300000", "interestIncome": "None", "interestExpense": "7300000", "nonInterestIncome": "None", "otherNonOperatingIncome": "11000000", "depreciation": "None", "depreciationAndAmortization": "80000000", "incomeBeforeTax": "443900000", "incomeTaxExpense": "99000000", "interestAndDebtExpense": "None", "netIncomeFromContinuingOperations": "344900000", "comprehensiveIncomeNetOfTax": "None", "ebit": "451200000", "ebitda": "531200000", "netIncome": "344900000"}, {"fiscalDateEnding": "2019-12-31", "reportedCurrency": "USD", "grossProfit": "1180700000", "totalRevenue": "2992700000", "costOfRevenue": "1812000000", "costofGoodsAndServicesSold": "1812000000", "operatingIncome": "483100000", "sellingGeneralAndAdministrative": "604900000", "researchAndDevelopment": "87900000", "operatingExpenses": "715600000", "investmentIncomeNet": "None", "netInterestIncome": "-11000000", "interestIncome": "None", "interestExpense": "11000000", "nonInterestIncome": "None", "otherNonOperatingIncome": "18000000", "depreciation": "None", "depreciationAndAmortization": "78300000", "incomeBeforeTax": "472100000", "incomeTaxExpense": "102100000", "interestAndDebtExpense": "None", "netIncomeFromContinuingOperations": "370000000", "comprehensiveIncomeNetOfTax": "None", "ebit": "483100000", "ebitda": "561400000", "netIncome": "370000000"}, {"fiscalDateEnding": "2018-12-31", "reportedCurrency": "USD", "grossProfit": "1305500000", "totalRevenue": "3187900000", "costOfRevenue": "1882400000", "costofGoodsAndServicesSold": "1882400000", "operatingIncome": "551700000", "sellingGeneralAndAdministrative": "621700000", "researchAndDevelopment": "94000000", "operatingExpenses": "753800000", "investmentIncomeNet": "None", "netInterestIncome": "-8400000", "interestIncome": "None", "interestExpense": "8400000", "nonInterestIncome": "None", "otherNonOperatingIncome": "21200000", "depreciation": "None", "depreciationAndAmortization": "71900000", "incomeBeforeTax": "557800000", "incomeTaxExpense": "113600000", "interestAndDebtExpense": "None", "netIncomeFromContinuingOperations": "444200000", "comprehensiveIncomeNetOfTax": "None", "ebit": "566200000", "ebitda": "638100000", "netIncome": "444200000"}, {"fiscalDateEnding": "2017-12-31", "reportedCurrency": "USD", "grossProfit": "1238700000", "totalRevenue": "2996700000", "costOfRevenue": "1758000000", "costofGoodsAndServicesSold": "1758000000", "operatingIncome": "520500000", "sellingGeneralAndAdministrative": "591300000", "researchAndDevelopment": "86400000", "operatingExpenses": "718200000", "investmentIncomeNet": "None", "netInterestIncome": "-10100000", "interestIncome": "None", "interestExpense": "10100000", "nonInterestIncome": "None", "otherNonOperatingIncome": "10400000", "depreciation": "None", "depreciationAndAmortization": "70100000", "incomeBeforeTax": "520800000", "incomeTaxExpense": "224300000", "interestAndDebtExpense": "None", "netIncomeFromContinuingOperations": "296500000", "comprehensiveIncomeNetOfTax": "None", "ebit": "530900000", "ebitda": "601000000", "netIncome": "296500000"}, {"fiscalDateEnding": "2016-12-31", "reportedCurrency": "USD", "grossProfit": "1119300000", "totalRevenue": "2685900000", "costOfRevenue": "1566600000", "costofGoodsAndServicesSold": "1566600000", "operatingIncome": "460400000", "sellingGeneralAndAdministrative": "545000000", "researchAndDevelopment": "80100000", "operatingExpenses": "658900000", "investmentIncomeNet": "None", "netInterestIncome": "-7300000", "interestIncome": "None", "interestExpense": "7300000", "nonInterestIncome": "None", "otherNonOperatingIncome": "9400000", "depreciation": "None", "depreciationAndAmortization": "65099999", "incomeBeforeTax": "462500000", "incomeTaxExpense": "136000000", "interestAndDebtExpense": "None", "netIncomeFromContinuingOperations": "326500000", "comprehensiveIncomeNetOfTax": "None", "ebit": "469800001", "ebitda": "534900000", "netIncome": "326500000"}, {"fiscalDateEnding": "2015-12-31", "reportedCurrency": "USD", "grossProfit": "1009800000", "totalRevenue": "2536500000", "costOfRevenue": "1526700000", "costofGoodsAndServicesSold": "1526700000", "operatingIncome": "399100000", "sellingGeneralAndAdministrative": "508500000", "researchAndDevelopment": "73700000", "operatingExpenses": "610700000", "investmentIncomeNet": "None", "netInterestIncome": "None", "interestIncome": "None", "interestExpense": "7400000", "nonInterestIncome": "None", "otherNonOperatingIncome": "10800000", "depreciation": "None", "depreciationAndAmortization": "63000000", "incomeBeforeTax": "402500000", "incomeTaxExpense": "119600000", "interestAndDebtExpense": "None", "netIncomeFromContinuingOperations": "282900000", "comprehensiveIncomeNetOfTax": "None", "ebit": "409900000", "ebitda": "472900000", "netIncome": "282900000"}, {"fiscalDateEnding": "2014-12-31", "reportedCurrency": "USD", "grossProfit": "859300000", "totalRevenue": "2356000000", "costOfRevenue": "1496700000", "costofGoodsAndServicesSold": "1496700000", "operatingIncome": "287200000", "sellingGeneralAndAdministrative": "478100000", "researchAndDevelopment": "67900000", "operatingExpenses": "572100000", "investmentIncomeNet": "None", "netInterestIncome": "None", "interestIncome": "None", "interestExpense": "5700000", "nonInterestIncome": "None", "otherNonOperatingIncome": "5200000", "depreciation": "None", "depreciationAndAmortization": "59800000", "incomeBeforeTax": "286700000", "incomeTaxExpense": "78900000", "interestAndDebtExpense": "None", "netIncomeFromContinuingOperations": "207800000", "comprehensiveIncomeNetOfTax": "None", "ebit": "292400000", "ebitda": "352200000", "netIncome": "207800000"}, {"fiscalDateEnding": "2013-12-31", "reportedCurrency": "USD", "grossProfit": "773800000", "totalRevenue": "2153800000", "costOfRevenue": "1380000000", "costofGoodsAndServicesSold": "1380000000", "operatingIncome": "249300000", "sellingGeneralAndAdministrative": "446500000", "researchAndDevelopment": "57800000", "operatingExpenses": "524500000", "investmentIncomeNet": "None", "netInterestIncome": "None", "interestIncome": "None", "interestExpense": "5700000", "nonInterestIncome": "None", "otherNonOperatingIncome": "3800000", "depreciation": "None", "depreciationAndAmortization": "59700000", "incomeBeforeTax": "236400000", "incomeTaxExpense": "66700000", "interestAndDebtExpense": "None", "netIncomeFromContinuingOperations": "169700000", "comprehensiveIncomeNetOfTax": "None", "ebit": "242100000", "ebitda": "301800000", "netIncome": "169700000"}, {"fiscalDateEnding": "2012-12-31", "reportedCurrency": "USD", "grossProfit": "652000000", "totalRevenue": "1939300000", "costOfRevenue": "1287300000", "costofGoodsAndServicesSold": "1287300000", "operatingIncome": "201500000", "sellingGeneralAndAdministrative": "381300000", "researchAndDevelopment": "51700000", "operatingExpenses": "450500000", "investmentIncomeNet": "None", "netInterestIncome": "None", "interestIncome": "None", "interestExpense": "9200000", "nonInterestIncome": "None", "otherNonOperatingIncome": "34300000", "depreciation": "None", "depreciationAndAmortization": "54600000", "incomeBeforeTax": "233800000", "incomeTaxExpense": "71200000", "interestAndDebtExpense": "None", "netIncomeFromContinuingOperations": "162600000", "comprehensiveIncomeNetOfTax": "None", "ebit": "243000000", "ebitda": "297600000", "netIncome": "158700000"}, {"fiscalDateEnding": "2011-12-31", "reportedCurrency": "USD", "grossProfit": "512600000", "totalRevenue": "1710500000", "costOfRevenue": "1197900000", "costofGoodsAndServicesSold": "1197900000", "operatingIncome": "139800000", "sellingGeneralAndAdministrative": "372800000", "researchAndDevelopment": "42700000", "operatingExpenses": "372800000", "investmentIncomeNet": "None", "netInterestIncome": "None", "interestIncome": "None", "interestExpense": "9300000", "nonInterestIncome": "None", "otherNonOperatingIncome": "19800000", "depreciation": "None", "depreciationAndAmortization": "47000000", "incomeBeforeTax": "161500000", "incomeTaxExpense": "50300000", "interestAndDebtExpense": "None", "netIncomeFromContinuingOperations": "111200000", "comprehensiveIncomeNetOfTax": "None", "ebit": "170800000", "ebitda": "217800000", "netIncome": "305700000"}, {"fiscalDateEnding": "2010-12-31", "reportedCurrency": "USD", "grossProfit": "446000000", "totalRevenue": "1489300000", "costOfRevenue": "1043300000", "costofGoodsAndServicesSold": "1043300000", "operatingIncome": "81900000", "sellingGeneralAndAdministrative": "328700000", "researchAndDevelopment": "37100000", "operatingExpenses": "364100000", "investmentIncomeNet": "None", "netInterestIncome": "None", "interestIncome": "None", "interestExpense": "6900000", "nonInterestIncome": "None", "otherNonOperatingIncome": "-500000", "depreciation": "None", "depreciationAndAmortization": "40800000", "incomeBeforeTax": "74400000", "incomeTaxExpense": "17300000", "interestAndDebtExpense": "None", "netIncomeFromContinuingOperations": "57100000", "comprehensiveIncomeNetOfTax": "None", "ebit": "80200000", "ebitda": "121000000", "netIncome": "111700000"}, {"fiscalDateEnding": "2009-12-31", "reportedCurrency": "USD", "grossProfit": "500700000", "totalRevenue": "1991500000", "costOfRevenue": "1490800000", "costofGoodsAndServicesSold": "1490800000", "operatingIncome": "134100000", "sellingGeneralAndAdministrative": "366600000", "researchAndDevelopment": "42600000", "operatingExpenses": "369600000", "investmentIncomeNet": "None", "netInterestIncome": "None", "interestIncome": "None", "interestExpense": "11800000", "nonInterestIncome": "None", "otherNonOperatingIncome": "None", "depreciation": "None", "depreciationAndAmortization": "67500000", "incomeBeforeTax": "119600000", "incomeTaxExpense": "29600000", "interestAndDebtExpense": "None", "netIncomeFromContinuingOperations": "None", "comprehensiveIncomeNetOfTax": "None", "ebit": "130300000", "ebitda": "197800000", "netIncome": "81300000"}, {"fiscalDateEnding": "2008-12-31", "reportedCurrency": "USD", "grossProfit": "497500000", "totalRevenue": "2304900000", "costOfRevenue": "1807400000", "costofGoodsAndServicesSold": "1807400000", "operatingIncome": "140100000", "sellingGeneralAndAdministrative": "357400000", "researchAndDevelopment": "48500000", "operatingExpenses": "357400000", "investmentIncomeNet": "None", "netInterestIncome": "None", "interestIncome": "None", "interestExpense": "19200000", "nonInterestIncome": "None", "otherNonOperatingIncome": "None", "depreciation": "None", "depreciationAndAmortization": "66300000", "incomeBeforeTax": "110100000", "incomeTaxExpense": "27900000", "interestAndDebtExpense": "None", "netIncomeFromContinuingOperations": "None", "comprehensiveIncomeNetOfTax": "None", "ebit": "129300000", "ebitda": "195600000", "netIncome": "81900000"}, {"fiscalDateEnding": "2007-12-31", "reportedCurrency": "USD", "grossProfit": "513400000", "totalRevenue": "2312100000", "costOfRevenue": "1798700000", "costofGoodsAndServicesSold": "1798700000", "operatingIncome": "150400000", "sellingGeneralAndAdministrative": "363000000", "researchAndDevelopment": "47800000", "operatingExpenses": "363000000", "investmentIncomeNet": "None", "netInterestIncome": "None", "interestIncome": "None", "interestExpense": "26700000", "nonInterestIncome": "None", "otherNonOperatingIncome": "None", "depreciation": "None", "depreciationAndAmortization": "67500000", "incomeBeforeTax": "99900000", "incomeTaxExpense": "11700000", "interestAndDebtExpense": "None", "netIncomeFromContinuingOperations": "None", "comprehensiveIncomeNetOfTax": "None", "ebit": "174200000", "ebitda": "241700000", "netIncome": "88200000"}, {"fiscalDateEnding": "2006-12-31", "reportedCurrency": "USD", "grossProfit": "463900000", "totalRevenue": "2161300000", "costOfRevenue": "1697400000", "costofGoodsAndServicesSold": "1697400000", "operatingIncome": "139900000", "sellingGeneralAndAdministrative": "324000000", "researchAndDevelopment": "42300000", "operatingExpenses": "324000000", "investmentIncomeNet": "None", "netInterestIncome": "None", "interestIncome": "None", "interestExpense": "0", "nonInterestIncome": "None", "otherNonOperatingIncome": "None", "depreciation": "None", "depreciationAndAmortization": "60900000", "incomeBeforeTax": "104800000", "incomeTaxExpense": "28600000", "interestAndDebtExpense": "None", "netIncomeFromContinuingOperations": "None", "comprehensiveIncomeNetOfTax": "None", "ebit": "150100000", "ebitda": "211000000", "netIncome": "76500000"}, {"fiscalDateEnding": "2005-12-31", "reportedCurrency": "USD", "grossProfit": "352000000", "totalRevenue": "1689200000", "costOfRevenue": "1337200000", "costofGoodsAndServicesSold": "1337200000", "operatingIncome": "100200000", "sellingGeneralAndAdministrative": "251800000", "researchAndDevelopment": "36000000", "operatingExpenses": "251800000", "investmentIncomeNet": "None", "netInterestIncome": "None", "interestIncome": "None", "interestExpense": "0", "nonInterestIncome": "None", "otherNonOperatingIncome": "None", "depreciation": "None", "depreciationAndAmortization": "52800000", "incomeBeforeTax": "68700000", "incomeTaxExpense": "22200000", "interestAndDebtExpense": "None", "netIncomeFromContinuingOperations": "None", "comprehensiveIncomeNetOfTax": "None", "ebit": "118700000", "ebitda": "171500000", "netIncome": "46500000"}], "quarterlyReports": [{"fiscalDateEnding": "2024-12-31", "reportedCurrency": "USD", "grossProfit": "338100000", "totalRevenue": "912400000", "costOfRevenue": "574300000", "costofGoodsAndServicesSold": "574300000", "operatingIncome": "156100000", "sellingGeneralAndAdministrative": "182000000", "researchAndDevelopment": "None", "operatingExpenses": "182000000", "investmentIncomeNet": "None", "netInterestIncome": "-2400000", "interestIncome": "None", "interestExpense": "2400000", "nonInterestIncome": "None", "otherNonOperatingIncome": "None", "depreciation": "None", "depreciationAndAmortization": "19300000", "incomeBeforeTax": "145100000", "incomeTaxExpense": "35400000", "interestAndDebtExpense": "None", "netIncomeFromContinuingOperations": "109700000", "comprehensiveIncomeNetOfTax": "None", "ebit": "147500000", "ebitda": "166800000", "netIncome": "109700000"}, {"fiscalDateEnding": "2024-09-30", "reportedCurrency": "USD", "grossProfit": "337300000", "totalRevenue": "902600000", "costOfRevenue": "565300000", "costofGoodsAndServicesSold": "565300000", "operatingIncome": "160700000", "sellingGeneralAndAdministrative": "176600000", "researchAndDevelopment": "None", "operatingExpenses": "176600000", "investmentIncomeNet": "None", "netInterestIncome": "-1500000", "interestIncome": "None", "interestExpense": "1500000", "nonInterestIncome": "None", "otherNonOperatingIncome": "None", "depreciation": "None", "depreciationAndAmortization": "20300000", "incomeBeforeTax": "156600000", "incomeTaxExpense": "36500000", "interestAndDebtExpense": "None", "netIncomeFromContinuingOperations": "120100000", "comprehensiveIncomeNetOfTax": "None", "ebit": "158100000", "ebitda": "178400000", "netIncome": "120100000"}, {"fiscalDateEnding": "2024-06-30", "reportedCurrency": "USD", "grossProfit": "395200000", "totalRevenue": "1024300000", "costOfRevenue": "629100000", "costofGoodsAndServicesSold": "629100000", "operatingIncome": "206700000", "sellingGeneralAndAdministrative": "188500000", "researchAndDevelopment": "None", "operatingExpenses": "188500000", "investmentIncomeNet": "None", "netInterestIncome": "-1800000", "interestIncome": "None", "interestExpense": "1800000", "nonInterestIncome": "None", "otherNonOperatingIncome": "None", "depreciation": "None", "depreciationAndAmortization": "19600000", "incomeBeforeTax": "206600000", "incomeTaxExpense": "50400000", "interestAndDebtExpense": "None", "netIncomeFromContinuingOperations": "156200000", "comprehensiveIncomeNetOfTax": "None", "ebit": "208400000", "ebitda": "228000000", "netIncome": "156200000"}, {"fiscalDateEnding": "2024-03-31", "reportedCurrency": "USD", "grossProfit": "384100000", "totalRevenue": "978800000", "costOfRevenue": "594700000", "costofGoodsAndServicesSold": "594700000", "operatingIncome": "191900000", "sellingGeneralAndAdministrative": "192200000", "researchAndDevelopment": "None", "operatingExpenses": "192200000", "investmentIncomeNet": "None", "netInterestIncome": "-1000000", "interestIncome": "None", "interestExpense": "1000000", "nonInterestIncome": "None", "otherNonOperatingIncome": "None", "depreciation": "None", "depreciationAndAmortization": "19600000", "incomeBeforeTax": "192700000", "incomeTaxExpense": "45100000", "interestAndDebtExpense": "None", "netIncomeFromContinuingOperations": "147600000", "comprehensiveIncomeNetOfTax": "None", "ebit": "193700000", "ebitda": "213300000", "netIncome": "147600000"}, {"fiscalDateEnding": "2023-12-31", "reportedCurrency": "USD", "grossProfit": "369800000", "totalRevenue": "988100000", "costOfRevenue": "618300000", "costofGoodsAndServicesSold": "618300000", "operatingIncome": "181200000", "sellingGeneralAndAdministrative": "91100000", "researchAndDevelopment": "97500000", "operatingExpenses": "185000000", "investmentIncomeNet": "None", "netInterestIncome": "-1100000", "interestIncome": "None", "interestExpense": "1100000", "nonInterestIncome": "None", "otherNonOperatingIncome": "None", "depreciation": "None", "depreciationAndAmortization": "20800000", "incomeBeforeTax": "176900000", "incomeTaxExpense": "39600000", "interestAndDebtExpense": "None", "netIncomeFromContinuingOperations": "137300000", "comprehensiveIncomeNetOfTax": "None", "ebit": "178000000", "ebitda": "198800000", "netIncome": "137300000"}, {"fiscalDateEnding": "2023-09-30", "reportedCurrency": "USD", "grossProfit": "356200000", "totalRevenue": "937500000", "costOfRevenue": "581300000", "costofGoodsAndServicesSold": "581300000", "operatingIncome": "181300000", "sellingGeneralAndAdministrative": "174900000", "researchAndDevelopment": "None", "operatingExpenses": "174900000", "investmentIncomeNet": "None", "netInterestIncome": "-2400000", "interestIncome": "None", "interestExpense": "2400000", "nonInterestIncome": "None", "otherNonOperatingIncome": "None", "depreciation": "None", "depreciationAndAmortization": "19400000", "incomeBeforeTax": "176400000", "incomeTaxExpense": "41000000", "interestAndDebtExpense": "None", "netIncomeFromContinuingOperations": "135400000", "comprehensiveIncomeNetOfTax": "None", "ebit": "181300000", "ebitda": "200700000", "netIncome": "135400000"}, {"fiscalDateEnding": "2023-06-30", "reportedCurrency": "USD", "grossProfit": "384700000", "totalRevenue": "960800000", "costOfRevenue": "576100000", "costofGoodsAndServicesSold": "576100000", "operatingIncome": "204400000", "sellingGeneralAndAdministrative": "180300000", "researchAndDevelopment": "None", "operatingExpenses": "180300000", "investmentIncomeNet": "None", "netInterestIncome": "-4500000", "interestIncome": "None", "interestExpense": "4500000", "nonInterestIncome": "None", "otherNonOperatingIncome": "9000000", "depreciation": "None", "depreciationAndAmortization": "18900000", "incomeBeforeTax": "208900000", "incomeTaxExpense": "51900000", "interestAndDebtExpense": "None", "netIncomeFromContinuingOperations": "157000000", "comprehensiveIncomeNetOfTax": "None", "ebit": "213400000", "ebitda": "232300000", "netIncome": "157000000"}, {"fiscalDateEnding": "2023-03-31", "reportedCurrency": "USD", "grossProfit": "374100000", "totalRevenue": "966400000", "costOfRevenue": "592300000", "costofGoodsAndServicesSold": "592300000", "operatingIncome": "190900000", "sellingGeneralAndAdministrative": "187200000", "researchAndDevelopment": "None", "operatingExpenses": "187200000", "investmentIncomeNet": "None", "netInterestIncome": "-4000000", "interestIncome": "None", "interestExpense": "4000000", "nonInterestIncome": "None", "otherNonOperatingIncome": "4000000", "depreciation": "None", "depreciationAndAmortization": "19200000", "incomeBeforeTax": "171300000", "incomeTaxExpense": "44400000", "interestAndDebtExpense": "None", "netIncomeFromContinuingOperations": "126900000", "comprehensiveIncomeNetOfTax": "None", "ebit": "175300000", "ebitda": "194500000", "netIncome": "126900000"}, {"fiscalDateEnding": "2022-12-31", "reportedCurrency": "USD", "grossProfit": "348600000", "totalRevenue": "936100000", "costOfRevenue": "587500000", "costofGoodsAndServicesSold": "587500000", "operatingIncome": "-239500000", "sellingGeneralAndAdministrative": "68500000", "researchAndDevelopment": "89000000", "operatingExpenses": "168900000", "investmentIncomeNet": "None", "netInterestIncome": "-3400000", "interestIncome": "None", "interestExpense": "3400000", "nonInterestIncome": "None", "otherNonOperatingIncome": "-419200000", "depreciation": "None", "depreciationAndAmortization": "20400000", "incomeBeforeTax": "-242900000", "incomeTaxExpense": "-122800000", "interestAndDebtExpense": "None", "netIncomeFromContinuingOperations": "-120100000", "comprehensiveIncomeNetOfTax": "None", "ebit": "-239500000", "ebitda": "-219100000", "netIncome": "-120100000"}, {"fiscalDateEnding": "2022-09-30", "reportedCurrency": "USD", "grossProfit": "305000000", "totalRevenue": "874200000", "costOfRevenue": "569200000", "costofGoodsAndServicesSold": "569200000", "operatingIncome": "147100000", "sellingGeneralAndAdministrative": "155500000", "researchAndDevelopment": "None", "operatingExpenses": "155500000", "investmentIncomeNet": "None", "netInterestIncome": "-2400000", "interestIncome": "None", "interestExpense": "2400000", "nonInterestIncome": "None", "otherNonOperatingIncome": "-2400000", "depreciation": "None", "depreciationAndAmortization": "18200000", "incomeBeforeTax": "144700000", "incomeTaxExpense": "34900000", "interestAndDebtExpense": "None", "netIncomeFromContinuingOperations": "109800000", "comprehensiveIncomeNetOfTax": "None", "ebit": "147100000", "ebitda": "165300000", "netIncome": "109800000"}, {"fiscalDateEnding": "2022-06-30", "reportedCurrency": "USD", "grossProfit": "334400000", "totalRevenue": "965900000", "costOfRevenue": "631500000", "costofGoodsAndServicesSold": "631500000", "operatingIncome": "167400000", "sellingGeneralAndAdministrative": "166700000", "researchAndDevelopment": "None", "operatingExpenses": "166700000", "investmentIncomeNet": "None", "netInterestIncome": "-2100000", "interestIncome": "None", "interestExpense": "2100000", "nonInterestIncome": "None", "otherNonOperatingIncome": "-300000", "depreciation": "None", "depreciationAndAmortization": "18000000", "incomeBeforeTax": "165300000", "incomeTaxExpense": "39100000", "interestAndDebtExpense": "None", "netIncomeFromContinuingOperations": "126200000", "comprehensiveIncomeNetOfTax": "None", "ebit": "167400000", "ebitda": "185400000", "netIncome": "126200000"}, {"fiscalDateEnding": "2022-03-31", "reportedCurrency": "USD", "grossProfit": "341600000", "totalRevenue": "977700000", "costOfRevenue": "636100000", "costofGoodsAndServicesSold": "636100000", "operatingIncome": "158100000", "sellingGeneralAndAdministrative": "179800000", "researchAndDevelopment": "None", "operatingExpenses": "179800000", "investmentIncomeNet": "None", "netInterestIncome": "-1500000", "interestIncome": "None", "interestExpense": "1500000", "nonInterestIncome": "None", "otherNonOperatingIncome": "-3700000", "depreciation": "None", "depreciationAndAmortization": "20300000", "incomeBeforeTax": "156600000", "incomeTaxExpense": "36800000", "interestAndDebtExpense": "None", "netIncomeFromContinuingOperations": "119800000", "comprehensiveIncomeNetOfTax": "None", "ebit": "158100000", "ebitda": "178400000", "netIncome": "119800000"}, {"fiscalDateEnding": "2021-12-31", "reportedCurrency": "USD", "grossProfit": "360600000", "totalRevenue": "995500000", "costOfRevenue": "634900000", "costofGoodsAndServicesSold": "634900000", "operatingIncome": "183200000", "sellingGeneralAndAdministrative": "77200000", "researchAndDevelopment": "94200000", "operatingExpenses": "184200000", "investmentIncomeNet": "None", "netInterestIncome": "-1400000", "interestIncome": "None", "interestExpense": "1400000", "nonInterestIncome": "None", "otherNonOperatingIncome": "6800000", "depreciation": "None", "depreciationAndAmortization": "19900000", "incomeBeforeTax": "181800000", "incomeTaxExpense": "42200000", "interestAndDebtExpense": "None", "netIncomeFromContinuingOperations": "139600000", "comprehensiveIncomeNetOfTax": "None", "ebit": "183200000", "ebitda": "203100000", "netIncome": "139600000"}, {"fiscalDateEnding": "2021-09-30", "reportedCurrency": "USD", "grossProfit": "340300000", "totalRevenue": "914600000", "costOfRevenue": "574300000", "costofGoodsAndServicesSold": "574300000", "operatingIncome": "162700000", "sellingGeneralAndAdministrative": "177600000", "researchAndDevelopment": "None", "operatingExpenses": "177600000", "investmentIncomeNet": "None", "netInterestIncome": "-1000000", "interestIncome": "None", "interestExpense": "1000000", "nonInterestIncome": "None", "otherNonOperatingIncome": "4700000", "depreciation": "None", "depreciationAndAmortization": "19000000", "incomeBeforeTax": "166400000", "incomeTaxExpense": "34800000", "interestAndDebtExpense": "None", "netIncomeFromContinuingOperations": "131600000", "comprehensiveIncomeNetOfTax": "None", "ebit": "167400000", "ebitda": "186400000", "netIncome": "131600000"}, {"fiscalDateEnding": "2021-06-30", "reportedCurrency": "USD", "grossProfit": "321400000", "totalRevenue": "859800000", "costOfRevenue": "538400000", "costofGoodsAndServicesSold": "538400000", "operatingIncome": "148300000", "sellingGeneralAndAdministrative": "173100000", "researchAndDevelopment": "None", "operatingExpenses": "173100000", "investmentIncomeNet": "None", "netInterestIncome": "-900000", "interestIncome": "None", "interestExpense": "900000", "nonInterestIncome": "None", "otherNonOperatingIncome": "3900000", "depreciation": "None", "depreciationAndAmortization": "19500000", "incomeBeforeTax": "151300000", "incomeTaxExpense": "33100000", "interestAndDebtExpense": "None", "netIncomeFromContinuingOperations": "118200000", "comprehensiveIncomeNetOfTax": "None", "ebit": "152200000", "ebitda": "171700000", "netIncome": "118200000"}, {"fiscalDateEnding": "2021-03-31", "reportedCurrency": "USD", "grossProfit": "288600000", "totalRevenue": "769000000", "costOfRevenue": "480400000", "costofGoodsAndServicesSold": "480400000", "operatingIncome": "122100000", "sellingGeneralAndAdministrative": "166500000", "researchAndDevelopment": "None", "operatingExpenses": "166500000", "investmentIncomeNet": "None", "netInterestIncome": "-1000000", "interestIncome": "None", "interestExpense": "1000000", "nonInterestIncome": "None", "otherNonOperatingIncome": "5000000", "depreciation": "None", "depreciationAndAmortization": "19500000", "incomeBeforeTax": "126100000", "incomeTaxExpense": "28400000", "interestAndDebtExpense": "None", "netIncomeFromContinuingOperations": "97700000", "comprehensiveIncomeNetOfTax": "None", "ebit": "127100000", "ebitda": "146600000", "netIncome": "97700000"}, {"fiscalDateEnding": "2020-12-31", "reportedCurrency": "USD", "grossProfit": "324100000", "totalRevenue": "834500000", "costOfRevenue": "510400000", "costofGoodsAndServicesSold": "510400000", "operatingIncome": "152900000", "sellingGeneralAndAdministrative": "74200000", "researchAndDevelopment": "80700000", "operatingExpenses": "171200000", "investmentIncomeNet": "None", "netInterestIncome": "-1000000", "interestIncome": "None", "interestExpense": "1000000", "nonInterestIncome": "None", "otherNonOperatingIncome": "None", "depreciation": "None", "depreciationAndAmortization": "19300000", "incomeBeforeTax": "151900000", "incomeTaxExpense": "31900000", "interestAndDebtExpense": "None", "netIncomeFromContinuingOperations": "120000000", "comprehensiveIncomeNetOfTax": "None", "ebit": "152900000", "ebitda": "172200000", "netIncome": "120000000"}, {"fiscalDateEnding": "2020-09-30", "reportedCurrency": "USD", "grossProfit": "297100000", "totalRevenue": "760000000", "costOfRevenue": "462900000", "costofGoodsAndServicesSold": "462900000", "operatingIncome": "137700000", "sellingGeneralAndAdministrative": "159400000", "researchAndDevelopment": "None", "operatingExpenses": "159400000", "investmentIncomeNet": "None", "netInterestIncome": "-1600000", "interestIncome": "None", "interestExpense": "1600000", "nonInterestIncome": "None", "otherNonOperatingIncome": "2800000", "depreciation": "None", "depreciationAndAmortization": "20700000", "incomeBeforeTax": "137300000", "incomeTaxExpense": "31900000", "interestAndDebtExpense": "None", "netIncomeFromContinuingOperations": "105400000", "comprehensiveIncomeNetOfTax": "None", "ebit": "138900000", "ebitda": "159600000", "netIncome": "105400000"}, {"fiscalDateEnding": "2020-06-30", "reportedCurrency": "USD", "grossProfit": "247500000", "totalRevenue": "663900000", "costOfRevenue": "416400000", "costofGoodsAndServicesSold": "416400000", "operatingIncome": "91600000", "sellingGeneralAndAdministrative": "155900000", "researchAndDevelopment": "None", "operatingExpenses": "155900000", "investmentIncomeNet": "None", "netInterestIncome": "-2500000", "interestIncome": "None", "interestExpense": "2500000", "nonInterestIncome": "None", "otherNonOperatingIncome": "4000000", "depreciation": "None", "depreciationAndAmortization": "19900000", "incomeBeforeTax": "87000000", "incomeTaxExpense": "19200000", "interestAndDebtExpense": "None", "netIncomeFromContinuingOperations": "67800000", "comprehensiveIncomeNetOfTax": "None", "ebit": "89500000", "ebitda": "109400000", "netIncome": "67800000"}, {"fiscalDateEnding": "2020-03-31", "reportedCurrency": "USD", "grossProfit": "239500000", "totalRevenue": "636900000", "costOfRevenue": "397400000", "costofGoodsAndServicesSold": "397400000", "operatingIncome": "65700000", "sellingGeneralAndAdministrative": "173800000", "researchAndDevelopment": "None", "operatingExpenses": "173800000", "investmentIncomeNet": "None", "netInterestIncome": "-2200000", "interestIncome": "None", "interestExpense": "2200000", "nonInterestIncome": "None", "otherNonOperatingIncome": "4200000", "depreciation": "None", "depreciationAndAmortization": "20100000", "incomeBeforeTax": "67700000", "incomeTaxExpense": "16000000", "interestAndDebtExpense": "None", "netIncomeFromContinuingOperations": "51700000", "comprehensiveIncomeNetOfTax": "None", "ebit": "69900000", "ebitda": "90000000", "netIncome": "51700000"}, {"fiscalDateEnding": "2019-12-31", "reportedCurrency": "USD", "grossProfit": "295000000", "totalRevenue": "750900000", "costOfRevenue": "455900000", "costofGoodsAndServicesSold": "455900000", "operatingIncome": "115100000", "sellingGeneralAndAdministrative": "69200000", "researchAndDevelopment": "87900000", "operatingExpenses": "179900000", "investmentIncomeNet": "None", "netInterestIncome": "-2500000", "interestIncome": "None", "interestExpense": "2500000", "nonInterestIncome": "None", "otherNonOperatingIncome": "2900000", "depreciation": "None", "depreciationAndAmortization": "20200000", "incomeBeforeTax": "115500000", "incomeTaxExpense": "24200000", "interestAndDebtExpense": "None", "netIncomeFromContinuingOperations": "91300000", "comprehensiveIncomeNetOfTax": "None", "ebit": "118000000", "ebitda": "138200000", "netIncome": "91300000"}, {"fiscalDateEnding": "2019-09-30", "reportedCurrency": "USD", "grossProfit": "284200000", "totalRevenue": "728200000", "costOfRevenue": "444000000", "costofGoodsAndServicesSold": "444000000", "operatingIncome": "111900000", "sellingGeneralAndAdministrative": "172300000", "researchAndDevelopment": "None", "operatingExpenses": "172300000", "investmentIncomeNet": "None", "netInterestIncome": "-3100000", "interestIncome": "None", "interestExpense": "3100000", "nonInterestIncome": "None", "otherNonOperatingIncome": "4000000", "depreciation": "None", "depreciationAndAmortization": "19700000", "incomeBeforeTax": "112800000", "incomeTaxExpense": "25500000", "interestAndDebtExpense": "None", "netIncomeFromContinuingOperations": "87300000", "comprehensiveIncomeNetOfTax": "None", "ebit": "115900000", "ebitda": "135600000", "netIncome": "87300000"}, {"fiscalDateEnding": "2019-06-30", "reportedCurrency": "USD", "grossProfit": "308700000", "totalRevenue": "765400000", "costOfRevenue": "456700000", "costofGoodsAndServicesSold": "456700000", "operatingIncome": "130000000", "sellingGeneralAndAdministrative": "178700000", "researchAndDevelopment": "None", "operatingExpenses": "178700000", "investmentIncomeNet": "None", "netInterestIncome": "-3400000", "interestIncome": "None", "interestExpense": "3400000", "nonInterestIncome": "None", "otherNonOperatingIncome": "5600000", "depreciation": "None", "depreciationAndAmortization": "18200000", "incomeBeforeTax": "132200000", "incomeTaxExpense": "30100000", "interestAndDebtExpense": "None", "netIncomeFromContinuingOperations": "102100000", "comprehensiveIncomeNetOfTax": "None", "ebit": "135600000", "ebitda": "153800000", "netIncome": "102100000"}, {"fiscalDateEnding": "2019-03-31", "reportedCurrency": "USD", "grossProfit": "292800000", "totalRevenue": "748200000", "costOfRevenue": "455400000", "costofGoodsAndServicesSold": "455400000", "operatingIncome": "108100000", "sellingGeneralAndAdministrative": "184700000", "researchAndDevelopment": "None", "operatingExpenses": "184700000", "investmentIncomeNet": "None", "netInterestIncome": "-2000000", "interestIncome": "None", "interestExpense": "2000000", "nonInterestIncome": "None", "otherNonOperatingIncome": "5500000", "depreciation": "None", "depreciationAndAmortization": "20200000", "incomeBeforeTax": "111600000", "incomeTaxExpense": "22300000", "interestAndDebtExpense": "None", "netIncomeFromContinuingOperations": "89300000", "comprehensiveIncomeNetOfTax": "None", "ebit": "113600000", "ebitda": "133800000", "netIncome": "89300000"}, {"fiscalDateEnding": "2018-12-31", "reportedCurrency": "USD", "grossProfit": "337000000", "totalRevenue": "812500000", "costOfRevenue": "475500000", "costofGoodsAndServicesSold": "475500000", "operatingIncome": "150900000", "sellingGeneralAndAdministrative": "54000000", "researchAndDevelopment": "94000000", "operatingExpenses": "186100000", "investmentIncomeNet": "None", "netInterestIncome": "None", "interestIncome": "None", "interestExpense": "1800000", "nonInterestIncome": "None", "otherNonOperatingIncome": "5700000", "depreciation": "None", "depreciationAndAmortization": "18700000", "incomeBeforeTax": "154800000", "incomeTaxExpense": "28500000", "interestAndDebtExpense": "None", "netIncomeFromContinuingOperations": "126300000", "comprehensiveIncomeNetOfTax": "None", "ebit": "156600000", "ebitda": "175300000", "netIncome": "126300000"}, {"fiscalDateEnding": "2018-09-30", "reportedCurrency": "USD", "grossProfit": "306000000", "totalRevenue": "754100000", "costOfRevenue": "448100000", "costofGoodsAndServicesSold": "448100000", "operatingIncome": "128400000", "sellingGeneralAndAdministrative": "177600000", "researchAndDevelopment": "0", "operatingExpenses": "177600000", "investmentIncomeNet": "None", "netInterestIncome": "None", "interestIncome": "None", "interestExpense": "2000000", "nonInterestIncome": "None", "otherNonOperatingIncome": "5100000", "depreciation": "None", "depreciationAndAmortization": "17800000", "incomeBeforeTax": "131500000", "incomeTaxExpense": "26900000", "interestAndDebtExpense": "None", "netIncomeFromContinuingOperations": "104600000", "comprehensiveIncomeNetOfTax": "None", "ebit": "133500000", "ebitda": "151300000", "netIncome": "104600000"}, {"fiscalDateEnding": "2018-06-30", "reportedCurrency": "USD", "grossProfit": "341000000", "totalRevenue": "833300000", "costOfRevenue": "492300000", "costofGoodsAndServicesSold": "492300000", "operatingIncome": "143800000", "sellingGeneralAndAdministrative": "197200000", "researchAndDevelopment": "0", "operatingExpenses": "197200000", "investmentIncomeNet": "None", "netInterestIncome": "None", "interestIncome": "None", "interestExpense": "2300000", "nonInterestIncome": "None", "otherNonOperatingIncome": "4600000", "depreciation": "None", "depreciationAndAmortization": "17500000", "incomeBeforeTax": "146100000", "incomeTaxExpense": "31600000", "interestAndDebtExpense": "None", "netIncomeFromContinuingOperations": "114500000", "comprehensiveIncomeNetOfTax": "None", "ebit": "148400000", "ebitda": "165900000", "netIncome": "114500000"}, {"fiscalDateEnding": "2018-03-31", "reportedCurrency": "USD", "grossProfit": "321500000", "totalRevenue": "788000000", "costOfRevenue": "466500000", "costofGoodsAndServicesSold": "466500000", "operatingIncome": "128600000", "sellingGeneralAndAdministrative": "192900000", "researchAndDevelopment": "0", "operatingExpenses": "192900000", "investmentIncomeNet": "None", "netInterestIncome": "None", "interestIncome": "None", "interestExpense": "2300000", "nonInterestIncome": "None", "otherNonOperatingIncome": "5800000", "depreciation": "None", "depreciationAndAmortization": "17900000", "incomeBeforeTax": "125400000", "incomeTaxExpense": "26600000", "interestAndDebtExpense": "None", "netIncomeFromContinuingOperations": "98800000", "comprehensiveIncomeNetOfTax": "None", "ebit": "127700000", "ebitda": "145600000", "netIncome": "98800000"}, {"fiscalDateEnding": "2017-12-31", "reportedCurrency": "USD", "grossProfit": "323800000", "totalRevenue": "768600000", "costOfRevenue": "444800000", "costofGoodsAndServicesSold": "444800000", "operatingIncome": "140800000", "sellingGeneralAndAdministrative": "56100000", "researchAndDevelopment": "86400000", "operatingExpenses": "183000000", "investmentIncomeNet": "None", "netInterestIncome": "None", "interestIncome": "None", "interestExpense": "2900000", "nonInterestIncome": "None", "otherNonOperatingIncome": "2900000", "depreciation": "None", "depreciationAndAmortization": "18200000", "incomeBeforeTax": "140800000", "incomeTaxExpense": "118100000", "interestAndDebtExpense": "None", "netIncomeFromContinuingOperations": "22700000", "comprehensiveIncomeNetOfTax": "None", "ebit": "143700000", "ebitda": "161900000", "netIncome": "22700000"}, {"fiscalDateEnding": "2017-09-30", "reportedCurrency": "USD", "grossProfit": "306700000", "totalRevenue": "749900000", "costOfRevenue": "443200000", "costofGoodsAndServicesSold": "443200000", "operatingIncome": "130900000", "sellingGeneralAndAdministrative": "175800000", "researchAndDevelopment": "0", "operatingExpenses": "175800000", "investmentIncomeNet": "None", "netInterestIncome": "None", "interestIncome": "None", "interestExpense": "2500000", "nonInterestIncome": "None", "otherNonOperatingIncome": "3200000", "depreciation": "None", "depreciationAndAmortization": "17600000", "incomeBeforeTax": "131600000", "incomeTaxExpense": "37900000", "interestAndDebtExpense": "None", "netIncomeFromContinuingOperations": "93700000", "comprehensiveIncomeNetOfTax": "None", "ebit": "134100000", "ebitda": "151700000", "netIncome": "93700000"}, {"fiscalDateEnding": "2017-06-30", "reportedCurrency": "USD", "grossProfit": "305900000", "totalRevenue": "738200000", "costOfRevenue": "432300000", "costofGoodsAndServicesSold": "432300000", "operatingIncome": "128600000", "sellingGeneralAndAdministrative": "177300000", "researchAndDevelopment": "0", "operatingExpenses": "177300000", "investmentIncomeNet": "None", "netInterestIncome": "None", "interestIncome": "None", "interestExpense": "2500000", "nonInterestIncome": "None", "otherNonOperatingIncome": "1900000", "depreciation": "None", "depreciationAndAmortization": "17400000", "incomeBeforeTax": "128000000", "incomeTaxExpense": "35600000", "interestAndDebtExpense": "None", "netIncomeFromContinuingOperations": "92400000", "comprehensiveIncomeNetOfTax": "None", "ebit": "130500000", "ebitda": "147900000", "netIncome": "92400000"}, {"fiscalDateEnding": "2017-03-31", "reportedCurrency": "USD", "grossProfit": "302300000", "totalRevenue": "740000000", "costOfRevenue": "437700000", "costofGoodsAndServicesSold": "437700000", "operatingIncome": "120200000", "sellingGeneralAndAdministrative": "182100000", "researchAndDevelopment": "0", "operatingExpenses": "182100000", "investmentIncomeNet": "None", "netInterestIncome": "None", "interestIncome": "None", "interestExpense": "2200000", "nonInterestIncome": "None", "otherNonOperatingIncome": "2400000", "depreciation": "None", "depreciationAndAmortization": "16900000", "incomeBeforeTax": "120400000", "incomeTaxExpense": "32700000", "interestAndDebtExpense": "None", "netIncomeFromContinuingOperations": "87700000", "comprehensiveIncomeNetOfTax": "None", "ebit": "122600000", "ebitda": "139500000", "netIncome": "87700000"}, {"fiscalDateEnding": "2016-12-31", "reportedCurrency": "USD", "grossProfit": "289600000", "totalRevenue": "698100000", "costOfRevenue": "408500000", "costofGoodsAndServicesSold": "408500000", "operatingIncome": "114800000", "sellingGeneralAndAdministrative": "60900000", "researchAndDevelopment": "80100000", "operatingExpenses": "174800000", "investmentIncomeNet": "None", "netInterestIncome": "None", "interestIncome": "None", "interestExpense": "1600000", "nonInterestIncome": "None", "otherNonOperatingIncome": "3200000", "depreciation": "None", "depreciationAndAmortization": "16400000", "incomeBeforeTax": "116400000", "incomeTaxExpense": "33700000", "interestAndDebtExpense": "None", "netIncomeFromContinuingOperations": "82700000", "comprehensiveIncomeNetOfTax": "None", "ebit": "118000000", "ebitda": "134400000", "netIncome": "82700000"}, {"fiscalDateEnding": "2016-09-30", "reportedCurrency": "USD", "grossProfit": "283300000", "totalRevenue": "683900000", "costOfRevenue": "400600000", "costofGoodsAndServicesSold": "400600000", "operatingIncome": "118600000", "sellingGeneralAndAdministrative": "164700000", "researchAndDevelopment": "0", "operatingExpenses": "164700000", "investmentIncomeNet": "None", "netInterestIncome": "None", "interestIncome": "None", "interestExpense": "2100000", "nonInterestIncome": "None", "otherNonOperatingIncome": "1900000", "depreciation": "None", "depreciationAndAmortization": "16600000", "incomeBeforeTax": "118400000", "incomeTaxExpense": "35200000", "interestAndDebtExpense": "None", "netIncomeFromContinuingOperations": "83200000", "comprehensiveIncomeNetOfTax": "None", "ebit": "120500000", "ebitda": "137100000", "netIncome": "83200000"}, {"fiscalDateEnding": "2016-06-30", "reportedCurrency": "USD", "grossProfit": "283700000", "totalRevenue": "667000000", "costOfRevenue": "383300000", "costofGoodsAndServicesSold": "383300000", "operatingIncome": "123700000", "sellingGeneralAndAdministrative": "160000000", "researchAndDevelopment": "0", "operatingExpenses": "160000000", "investmentIncomeNet": "None", "netInterestIncome": "None", "interestIncome": "None", "interestExpense": "1900000", "nonInterestIncome": "None", "otherNonOperatingIncome": "2300000", "depreciation": "None", "depreciationAndAmortization": "15900000", "incomeBeforeTax": "124100000", "incomeTaxExpense": "37000000", "interestAndDebtExpense": "None", "netIncomeFromContinuingOperations": "87100000", "comprehensiveIncomeNetOfTax": "None", "ebit": "126000000", "ebitda": "141900000", "netIncome": "87100000"}, {"fiscalDateEnding": "2016-03-31", "reportedCurrency": "USD", "grossProfit": "262700000", "totalRevenue": "636900000", "costOfRevenue": "374200000", "costofGoodsAndServicesSold": "374200000", "operatingIncome": "103300000", "sellingGeneralAndAdministrative": "159400000", "researchAndDevelopment": "0", "operatingExpenses": "159400000", "investmentIncomeNet": "None", "netInterestIncome": "None", "interestIncome": "None", "interestExpense": "1700000", "nonInterestIncome": "None", "otherNonOperatingIncome": "2000000", "depreciation": "None", "depreciationAndAmortization": "16200000", "incomeBeforeTax": "103600000", "incomeTaxExpense": "30100000", "interestAndDebtExpense": "None", "netIncomeFromContinuingOperations": "73500000", "comprehensiveIncomeNetOfTax": "None", "ebit": "105300000", "ebitda": "121500000", "netIncome": "73500000"}, {"fiscalDateEnding": "2015-12-31", "reportedCurrency": "USD", "grossProfit": "262600000", "totalRevenue": "639400000", "costOfRevenue": "376800000", "costofGoodsAndServicesSold": "376800000", "operatingIncome": "107500000", "sellingGeneralAndAdministrative": "52900000", "researchAndDevelopment": "73700000", "operatingExpenses": "155100000", "investmentIncomeNet": "None", "netInterestIncome": "None", "interestIncome": "None", "interestExpense": "1400000", "nonInterestIncome": "None", "otherNonOperatingIncome": "3200000", "depreciation": "None", "depreciationAndAmortization": "15700000", "incomeBeforeTax": "109300000", "incomeTaxExpense": "29500000", "interestAndDebtExpense": "None", "netIncomeFromContinuingOperations": "79800000", "comprehensiveIncomeNetOfTax": "None", "ebit": "110700000", "ebitda": "126400000", "netIncome": "79800000"}, {"fiscalDateEnding": "2015-09-30", "reportedCurrency": "USD", "grossProfit": "256700000", "totalRevenue": "625100000", "costOfRevenue": "368400000", "costofGoodsAndServicesSold": "368400000", "operatingIncome": "106600000", "sellingGeneralAndAdministrative": "150100000", "researchAndDevelopment": "0", "operatingExpenses": "150100000", "investmentIncomeNet": "None", "netInterestIncome": "None", "interestIncome": "None", "interestExpense": "1600000", "nonInterestIncome": "None", "otherNonOperatingIncome": "2200000", "depreciation": "None", "depreciationAndAmortization": "15700000", "incomeBeforeTax": "107200000", "incomeTaxExpense": "33600000", "interestAndDebtExpense": "None", "netIncomeFromContinuingOperations": "73600000", "comprehensiveIncomeNetOfTax": "None", "ebit": "108800000", "ebitda": "124500000", "netIncome": "73600000"}, {"fiscalDateEnding": "2015-06-30", "reportedCurrency": "USD", "grossProfit": "263300000", "totalRevenue": "653500000", "costOfRevenue": "390200000", "costofGoodsAndServicesSold": "390200000", "operatingIncome": "103000000", "sellingGeneralAndAdministrative": "160300000", "researchAndDevelopment": "0", "operatingExpenses": "160300000", "investmentIncomeNet": "None", "netInterestIncome": "None", "interestIncome": "None", "interestExpense": "2500000", "nonInterestIncome": "None", "otherNonOperatingIncome": "2700000", "depreciation": "None", "depreciationAndAmortization": "16000000", "incomeBeforeTax": "103200000", "incomeTaxExpense": "32100000", "interestAndDebtExpense": "None", "netIncomeFromContinuingOperations": "71100000", "comprehensiveIncomeNetOfTax": "None", "ebit": "105700000", "ebitda": "121700000", "netIncome": "71100000"}, {"fiscalDateEnding": "2015-03-31", "reportedCurrency": "USD", "grossProfit": "229200000", "totalRevenue": "618500000", "costOfRevenue": "389300000", "costofGoodsAndServicesSold": "389300000", "operatingIncome": "82000000", "sellingGeneralAndAdministrative": "147200000", "researchAndDevelopment": "0", "operatingExpenses": "147200000", "investmentIncomeNet": "None", "netInterestIncome": "None", "interestIncome": "None", "interestExpense": "1900000", "nonInterestIncome": "None", "otherNonOperatingIncome": "2700000", "depreciation": "None", "depreciationAndAmortization": "15600000", "incomeBeforeTax": "82800000", "incomeTaxExpense": "24400000", "interestAndDebtExpense": "None", "netIncomeFromContinuingOperations": "58400000", "comprehensiveIncomeNetOfTax": "None", "ebit": "84700000", "ebitda": "100300000", "netIncome": "58400000"}, {"fiscalDateEnding": "2014-12-31", "reportedCurrency": "USD", "grossProfit": "231900000", "totalRevenue": "626800000", "costOfRevenue": "394900000", "costofGoodsAndServicesSold": "394900000", "operatingIncome": "73600000", "sellingGeneralAndAdministrative": "64300000", "researchAndDevelopment": "67900000", "operatingExpenses": "158300000", "investmentIncomeNet": "None", "netInterestIncome": "None", "interestIncome": "None", "interestExpense": "1400000", "nonInterestIncome": "None", "otherNonOperatingIncome": "1700000", "depreciation": "None", "depreciationAndAmortization": "15400000", "incomeBeforeTax": "73900000", "incomeTaxExpense": "20700000", "interestAndDebtExpense": "None", "netIncomeFromContinuingOperations": "53200000", "comprehensiveIncomeNetOfTax": "None", "ebit": "75300000", "ebitda": "90700000", "netIncome": "53200000"}, {"fiscalDateEnding": "2014-09-30", "reportedCurrency": "USD", "grossProfit": "215300000", "totalRevenue": "581600000", "costOfRevenue": "366300000", "costofGoodsAndServicesSold": "366300000", "operatingIncome": "69800000", "sellingGeneralAndAdministrative": "145500000", "researchAndDevelopment": "0", "operatingExpenses": "145500000", "investmentIncomeNet": "None", "netInterestIncome": "None", "interestIncome": "None", "interestExpense": "1500000", "nonInterestIncome": "None", "otherNonOperatingIncome": "1000000", "depreciation": "None", "depreciationAndAmortization": "14800000", "incomeBeforeTax": "69300000", "incomeTaxExpense": "18700000", "interestAndDebtExpense": "None", "netIncomeFromContinuingOperations": "50600000", "comprehensiveIncomeNetOfTax": "None", "ebit": "70800000", "ebitda": "85600000", "netIncome": "50600000"}, {"fiscalDateEnding": "2014-06-30", "reportedCurrency": "USD", "grossProfit": "216200000", "totalRevenue": "595400000", "costOfRevenue": "379200000", "costofGoodsAndServicesSold": "379200000", "operatingIncome": "78800000", "sellingGeneralAndAdministrative": "137400000", "researchAndDevelopment": "0", "operatingExpenses": "137400000", "investmentIncomeNet": "None", "netInterestIncome": "None", "interestIncome": "None", "interestExpense": "1400000", "nonInterestIncome": "None", "otherNonOperatingIncome": "1200000", "depreciation": "None", "depreciationAndAmortization": "14800000", "incomeBeforeTax": "78600000", "incomeTaxExpense": "21300000", "interestAndDebtExpense": "None", "netIncomeFromContinuingOperations": "57300000", "comprehensiveIncomeNetOfTax": "None", "ebit": "80000000", "ebitda": "94800000", "netIncome": "57300000"}, {"fiscalDateEnding": "2014-03-31", "reportedCurrency": "USD", "grossProfit": "195900000", "totalRevenue": "552200000", "costOfRevenue": "356300000", "costofGoodsAndServicesSold": "356300000", "operatingIncome": "65000000", "sellingGeneralAndAdministrative": "130900000", "researchAndDevelopment": "0", "operatingExpenses": "130900000", "investmentIncomeNet": "None", "netInterestIncome": "None", "interestIncome": "None", "interestExpense": "1400000", "nonInterestIncome": "None", "otherNonOperatingIncome": "1300000", "depreciation": "None", "depreciationAndAmortization": "14800000", "incomeBeforeTax": "64900000", "incomeTaxExpense": "18200000", "interestAndDebtExpense": "None", "netIncomeFromContinuingOperations": "46700000", "comprehensiveIncomeNetOfTax": "None", "ebit": "66300000", "ebitda": "81100000", "netIncome": "46700000"}, {"fiscalDateEnding": "2013-12-31", "reportedCurrency": "USD", "grossProfit": "199900000", "totalRevenue": "558900000", "costOfRevenue": "359000000", "costofGoodsAndServicesSold": "359000000", "operatingIncome": "60700000", "sellingGeneralAndAdministrative": "61200000", "researchAndDevelopment": "57800000", "operatingExpenses": "139200000", "investmentIncomeNet": "None", "netInterestIncome": "None", "interestIncome": "None", "interestExpense": "1200000", "nonInterestIncome": "None", "otherNonOperatingIncome": "1000000", "depreciation": "None", "depreciationAndAmortization": "17500000", "incomeBeforeTax": "56700000", "incomeTaxExpense": "14300000", "interestAndDebtExpense": "None", "netIncomeFromContinuingOperations": "42400000", "comprehensiveIncomeNetOfTax": "None", "ebit": "61700000", "ebitda": "79200000", "netIncome": "42400000"}, {"fiscalDateEnding": "2013-09-30", "reportedCurrency": "USD", "grossProfit": "196600000", "totalRevenue": "536200000", "costOfRevenue": "339600000", "costofGoodsAndServicesSold": "339600000", "operatingIncome": "62900000", "sellingGeneralAndAdministrative": "133700000", "researchAndDevelopment": "0", "operatingExpenses": "133700000", "investmentIncomeNet": "None", "netInterestIncome": "None", "interestIncome": "None", "interestExpense": "1400000", "nonInterestIncome": "None", "otherNonOperatingIncome": "1100000", "depreciation": "None", "depreciationAndAmortization": "14200000", "incomeBeforeTax": "61300000", "incomeTaxExpense": "15100000", "interestAndDebtExpense": "None", "netIncomeFromContinuingOperations": "46200000", "comprehensiveIncomeNetOfTax": "None", "ebit": "62700000", "ebitda": "76900000", "netIncome": "46200000"}, {"fiscalDateEnding": "2013-06-30", "reportedCurrency": "USD", "grossProfit": "198000000", "totalRevenue": "549100000", "costOfRevenue": "351100000", "costofGoodsAndServicesSold": "351100000", "operatingIncome": "66400000", "sellingGeneralAndAdministrative": "131600000", "researchAndDevelopment": "0", "operatingExpenses": "131600000", "investmentIncomeNet": "None", "netInterestIncome": "None", "interestIncome": "None", "interestExpense": "1600000", "nonInterestIncome": "None", "otherNonOperatingIncome": "700000", "depreciation": "None", "depreciationAndAmortization": "13900000", "incomeBeforeTax": "61300000", "incomeTaxExpense": "19200000", "interestAndDebtExpense": "None", "netIncomeFromContinuingOperations": "42100000", "comprehensiveIncomeNetOfTax": "None", "ebit": "67100000", "ebitda": "81000000", "netIncome": "42100000"}, {"fiscalDateEnding": "2013-03-31", "reportedCurrency": "USD", "grossProfit": "179300000", "totalRevenue": "509600000", "costOfRevenue": "330300000", "costofGoodsAndServicesSold": "330300000", "operatingIncome": "59300000", "sellingGeneralAndAdministrative": "120000000", "researchAndDevelopment": "0", "operatingExpenses": "120000000", "investmentIncomeNet": "None", "netInterestIncome": "None", "interestIncome": "None", "interestExpense": "1500000", "nonInterestIncome": "None", "otherNonOperatingIncome": "1000000", "depreciation": "None", "depreciationAndAmortization": "14100000", "incomeBeforeTax": "57100000", "incomeTaxExpense": "18100000", "interestAndDebtExpense": "None", "netIncomeFromContinuingOperations": "39000000", "comprehensiveIncomeNetOfTax": "None", "ebit": "60300000", "ebitda": "74400000", "netIncome": "39000000"}, {"fiscalDateEnding": "2012-12-31", "reportedCurrency": "USD", "grossProfit": "185600000", "totalRevenue": "524300000", "costOfRevenue": "338700000", "costofGoodsAndServicesSold": "338700000", "operatingIncome": "60800000", "sellingGeneralAndAdministrative": "124800000", "researchAndDevelopment": "51700000", "operatingExpenses": "124800000", "investmentIncomeNet": "None", "netInterestIncome": "None", "interestIncome": "None", "interestExpense": "2100000", "nonInterestIncome": "None", "otherNonOperatingIncome": "1800000", "depreciation": "None", "depreciationAndAmortization": "14200000", "incomeBeforeTax": "61300000", "incomeTaxExpense": "18100000", "interestAndDebtExpense": "None", "netIncomeFromContinuingOperations": "43100000", "comprehensiveIncomeNetOfTax": "None", "ebit": "63400000", "ebitda": "77600000", "netIncome": "39300000"}, {"fiscalDateEnding": "2012-09-30", "reportedCurrency": "USD", "grossProfit": "156800000", "totalRevenue": "462200000", "costOfRevenue": "305400000", "costofGoodsAndServicesSold": "305400000", "operatingIncome": "45300000", "sellingGeneralAndAdministrative": "111500000", "researchAndDevelopment": "0", "operatingExpenses": "105100000", "investmentIncomeNet": "None", "netInterestIncome": "None", "interestIncome": "None", "interestExpense": "1900000", "nonInterestIncome": "None", "otherNonOperatingIncome": "2200000", "depreciation": "None", "depreciationAndAmortization": "13900000", "incomeBeforeTax": "52000000", "incomeTaxExpense": "15000000", "interestAndDebtExpense": "None", "netIncomeFromContinuingOperations": "37000000", "comprehensiveIncomeNetOfTax": "None", "ebit": "53900000", "ebitda": "67800000", "netIncome": "37000000"}, {"fiscalDateEnding": "2012-06-30", "reportedCurrency": "USD", "grossProfit": "160500000", "totalRevenue": "484200000", "costOfRevenue": "323700000", "costofGoodsAndServicesSold": "323700000", "operatingIncome": "51600000", "sellingGeneralAndAdministrative": "108900000", "researchAndDevelopment": "0", "operatingExpenses": "108900000", "investmentIncomeNet": "None", "netInterestIncome": "None", "interestIncome": "None", "interestExpense": "2200000", "nonInterestIncome": "None", "otherNonOperatingIncome": "1200000", "depreciation": "None", "depreciationAndAmortization": "13100000", "incomeBeforeTax": "50600000", "incomeTaxExpense": "15600000", "interestAndDebtExpense": "None", "netIncomeFromContinuingOperations": "35000000", "comprehensiveIncomeNetOfTax": "None", "ebit": "52800000", "ebitda": "65900000", "netIncome": "35000000"}, {"fiscalDateEnding": "2012-03-31", "reportedCurrency": "USD", "grossProfit": "149100000", "totalRevenue": "468600000", "costOfRevenue": "319500000", "costofGoodsAndServicesSold": "319500000", "operatingIncome": "43800000", "sellingGeneralAndAdministrative": "105300000", "researchAndDevelopment": "0", "operatingExpenses": "105300000", "investmentIncomeNet": "None", "netInterestIncome": "None", "interestIncome": "None", "interestExpense": "3000000", "nonInterestIncome": "None", "otherNonOperatingIncome": "29100000", "depreciation": "None", "depreciationAndAmortization": "13400000", "incomeBeforeTax": "69900000", "incomeTaxExpense": "22400000", "interestAndDebtExpense": "None", "netIncomeFromContinuingOperations": "47500000", "comprehensiveIncomeNetOfTax": "None", "ebit": "72900000", "ebitda": "86300000", "netIncome": "47500000"}, {"fiscalDateEnding": "2011-12-31", "reportedCurrency": "USD", "grossProfit": "155000000", "totalRevenue": "475800000", "costOfRevenue": "320800000", "costofGoodsAndServicesSold": "320800000", "operatingIncome": "30100000", "sellingGeneralAndAdministrative": "106200000", "researchAndDevelopment": "42700000", "operatingExpenses": "106200000", "investmentIncomeNet": "None", "netInterestIncome": "None", "interestIncome": "None", "interestExpense": "2900000", "nonInterestIncome": "None", "otherNonOperatingIncome": "1100000", "depreciation": "None", "depreciationAndAmortization": "13800000", "incomeBeforeTax": "47000000", "incomeTaxExpense": "15500000", "interestAndDebtExpense": "None", "netIncomeFromContinuingOperations": "31500000", "comprehensiveIncomeNetOfTax": "None", "ebit": "49900000", "ebitda": "63700000", "netIncome": "32100000"}, {"fiscalDateEnding": "2011-09-30", "reportedCurrency": "USD", "grossProfit": "118700000", "totalRevenue": "412000000", "costOfRevenue": "293300000", "costofGoodsAndServicesSold": "293300000", "operatingIncome": "42300000", "sellingGeneralAndAdministrative": "92200000", "researchAndDevelopment": "0", "operatingExpenses": "92200000", "investmentIncomeNet": "None", "netInterestIncome": "None", "interestIncome": "None", "interestExpense": "2500000", "nonInterestIncome": "None", "otherNonOperatingIncome": "15800000", "depreciation": "None", "depreciationAndAmortization": "11400000", "incomeBeforeTax": "39800000", "incomeTaxExpense": "12900000", "interestAndDebtExpense": "None", "netIncomeFromContinuingOperations": "26900000", "comprehensiveIncomeNetOfTax": "None", "ebit": "26500000", "ebitda": "37900000", "netIncome": "182300000"}, {"fiscalDateEnding": "2011-06-30", "reportedCurrency": "USD", "grossProfit": "111900000", "totalRevenue": "405300000", "costOfRevenue": "293400000", "costofGoodsAndServicesSold": "293400000", "operatingIncome": "26800000", "sellingGeneralAndAdministrative": "85100000", "researchAndDevelopment": "0", "operatingExpenses": "85100000", "investmentIncomeNet": "None", "netInterestIncome": "None", "interestIncome": "None", "interestExpense": "2100000", "nonInterestIncome": "None", "otherNonOperatingIncome": "5100000", "depreciation": "None", "depreciationAndAmortization": "11000000", "incomeBeforeTax": "41000000", "incomeTaxExpense": "12400000", "interestAndDebtExpense": "None", "netIncomeFromContinuingOperations": "28600000", "comprehensiveIncomeNetOfTax": "None", "ebit": "26800000", "ebitda": "37800000", "netIncome": "50300000"}, {"fiscalDateEnding": "2011-03-31", "reportedCurrency": "USD", "grossProfit": "127000000", "totalRevenue": "417400000", "costOfRevenue": "290400000", "costofGoodsAndServicesSold": "290400000", "operatingIncome": "37700000", "sellingGeneralAndAdministrative": "89300000", "researchAndDevelopment": "0", "operatingExpenses": "89300000", "investmentIncomeNet": "None", "netInterestIncome": "None", "interestIncome": "None", "interestExpense": "1800000", "nonInterestIncome": "None", "otherNonOperatingIncome": "-2200000", "depreciation": "None", "depreciationAndAmortization": "10800000", "incomeBeforeTax": "33700000", "incomeTaxExpense": "9500000", "interestAndDebtExpense": "None", "netIncomeFromContinuingOperations": "24200000", "comprehensiveIncomeNetOfTax": "None", "ebit": "35500000", "ebitda": "46300000", "netIncome": "41000000"}, {"fiscalDateEnding": "2010-12-31", "reportedCurrency": "USD", "grossProfit": "-6000000", "totalRevenue": "-166000000", "costOfRevenue": "-160000000", "costofGoodsAndServicesSold": "-160000000", "operatingIncome": "-32700000", "sellingGeneralAndAdministrative": "8700000", "researchAndDevelopment": "37100000", "operatingExpenses": "26700000", "investmentIncomeNet": "None", "netInterestIncome": "None", "interestIncome": "None", "interestExpense": "900000", "nonInterestIncome": "None", "otherNonOperatingIncome": "None", "depreciation": "None", "depreciationAndAmortization": "-8200000", "incomeBeforeTax": "-30600000", "incomeTaxExpense": "-8200000", "interestAndDebtExpense": "None", "netIncomeFromContinuingOperations": "0", "comprehensiveIncomeNetOfTax": "None", "ebit": "-24500000", "ebitda": "-32700000", "netIncome": "32200000"}, {"fiscalDateEnding": "2010-09-30", "reportedCurrency": "USD", "grossProfit": "149100000", "totalRevenue": "559400000", "costOfRevenue": "410300000", "costofGoodsAndServicesSold": "410300000", "operatingIncome": "47400000", "sellingGeneralAndAdministrative": "101700000", "researchAndDevelopment": "0", "operatingExpenses": "101700000", "investmentIncomeNet": "None", "netInterestIncome": "None", "interestIncome": "None", "interestExpense": "2500000", "nonInterestIncome": "None", "otherNonOperatingIncome": "-1000000", "depreciation": "None", "depreciationAndAmortization": "16400000", "incomeBeforeTax": "44300000", "incomeTaxExpense": "12300000", "interestAndDebtExpense": "None", "netIncomeFromContinuingOperations": "32000000", "comprehensiveIncomeNetOfTax": "None", "ebit": "47400000", "ebitda": "63800000", "netIncome": "32000000"}, {"fiscalDateEnding": "2010-06-30", "reportedCurrency": "USD", "grossProfit": "158300000", "totalRevenue": "572500000", "costOfRevenue": "414200000", "costofGoodsAndServicesSold": "414200000", "operatingIncome": "20100000", "sellingGeneralAndAdministrative": "138200000", "researchAndDevelopment": "0", "operatingExpenses": "138200000", "investmentIncomeNet": "None", "netInterestIncome": "None", "interestIncome": "None", "interestExpense": "2700000", "nonInterestIncome": "None", "otherNonOperatingIncome": "600000", "depreciation": "None", "depreciationAndAmortization": "15800000", "incomeBeforeTax": "18400000", "incomeTaxExpense": "1800000", "interestAndDebtExpense": "None", "netIncomeFromContinuingOperations": "16600000", "comprehensiveIncomeNetOfTax": "None", "ebit": "20100000", "ebitda": "35900000", "netIncome": "16600000"}, {"fiscalDateEnding": "2010-03-31", "reportedCurrency": "USD", "grossProfit": "144600000", "totalRevenue": "523400000", "costOfRevenue": "378800000", "costofGoodsAndServicesSold": "378800000", "operatingIncome": "47100000", "sellingGeneralAndAdministrative": "97500000", "researchAndDevelopment": "0", "operatingExpenses": "97500000", "investmentIncomeNet": "None", "netInterestIncome": "None", "interestIncome": "None", "interestExpense": "2600000", "nonInterestIncome": "None", "otherNonOperatingIncome": "None", "depreciation": "None", "depreciationAndAmortization": "16800000", "incomeBeforeTax": "42300000", "incomeTaxExpense": "11400000", "interestAndDebtExpense": "None", "netIncomeFromContinuingOperations": "0", "comprehensiveIncomeNetOfTax": "None", "ebit": "24100000", "ebitda": "40900000", "netIncome": "30900000"}, {"fiscalDateEnding": "2009-12-31", "reportedCurrency": "USD", "grossProfit": "138300000", "totalRevenue": "509600000", "costOfRevenue": "371300000", "costofGoodsAndServicesSold": "371300000", "operatingIncome": "37300000", "sellingGeneralAndAdministrative": "101000000", "researchAndDevelopment": "42600000", "operatingExpenses": "101000000", "investmentIncomeNet": "None", "netInterestIncome": "None", "interestIncome": "None", "interestExpense": "3000000", "nonInterestIncome": "None", "otherNonOperatingIncome": "None", "depreciation": "None", "depreciationAndAmortization": "16800000", "incomeBeforeTax": "32200000", "incomeTaxExpense": "9400000", "interestAndDebtExpense": "None", "netIncomeFromContinuingOperations": "0", "comprehensiveIncomeNetOfTax": "None", "ebit": "35200000", "ebitda": "52000000", "netIncome": "22700000"}, {"fiscalDateEnding": "2009-09-30", "reportedCurrency": "USD", "grossProfit": "138500000", "totalRevenue": "501500000", "costOfRevenue": "363000000", "costofGoodsAndServicesSold": "363000000", "operatingIncome": "46200000", "sellingGeneralAndAdministrative": "92300000", "researchAndDevelopment": "0", "operatingExpenses": "89900000", "investmentIncomeNet": "None", "netInterestIncome": "None", "interestIncome": "None", "interestExpense": "2500000", "nonInterestIncome": "None", "otherNonOperatingIncome": "None", "depreciation": "None", "depreciationAndAmortization": "17200000", "incomeBeforeTax": "46000000", "incomeTaxExpense": "11400000", "interestAndDebtExpense": "None", "netIncomeFromContinuingOperations": "0", "comprehensiveIncomeNetOfTax": "None", "ebit": "48600000", "ebitda": "65800000", "netIncome": "34600000"}, {"fiscalDateEnding": "2009-06-30", "reportedCurrency": "USD", "grossProfit": "122400000", "totalRevenue": "498700000", "costOfRevenue": "376300000", "costofGoodsAndServicesSold": "376300000", "operatingIncome": "33800000", "sellingGeneralAndAdministrative": "88600000", "researchAndDevelopment": "0", "operatingExpenses": "88600000", "investmentIncomeNet": "None", "netInterestIncome": "None", "interestIncome": "None", "interestExpense": "3100000", "nonInterestIncome": "None", "otherNonOperatingIncome": "None", "depreciation": "None", "depreciationAndAmortization": "17100000", "incomeBeforeTax": "30000000", "incomeTaxExpense": "6100000", "interestAndDebtExpense": "None", "netIncomeFromContinuingOperations": "0", "comprehensiveIncomeNetOfTax": "None", "ebit": "33100000", "ebitda": "50200000", "netIncome": "21300000"}, {"fiscalDateEnding": "2009-03-31", "reportedCurrency": "USD", "grossProfit": "101400000", "totalRevenue": "481600000", "costOfRevenue": "380200000", "costofGoodsAndServicesSold": "380200000", "operatingIncome": "16900000", "sellingGeneralAndAdministrative": "84500000", "researchAndDevelopment": "0", "operatingExpenses": "84500000", "investmentIncomeNet": "None", "netInterestIncome": "None", "interestIncome": "None", "interestExpense": "3200000", "nonInterestIncome": "None", "otherNonOperatingIncome": "None", "depreciation": "None", "depreciationAndAmortization": "16400000", "incomeBeforeTax": "11500000", "incomeTaxExpense": "2700000", "interestAndDebtExpense": "None", "netIncomeFromContinuingOperations": "0", "comprehensiveIncomeNetOfTax": "None", "ebit": "14500000", "ebitda": "30900000", "netIncome": "8700000"}, {"fiscalDateEnding": "2008-12-31", "reportedCurrency": "USD", "grossProfit": "99700000", "totalRevenue": "508600000", "costOfRevenue": "408900000", "costofGoodsAndServicesSold": "408900000", "operatingIncome": "16900000", "sellingGeneralAndAdministrative": "82800000", "researchAndDevelopment": "48500000", "operatingExpenses": "82800000", "investmentIncomeNet": "None", "netInterestIncome": "None", "interestIncome": "None", "interestExpense": "4300000", "nonInterestIncome": "None", "otherNonOperatingIncome": "None", "depreciation": "None", "depreciationAndAmortization": "16000000", "incomeBeforeTax": "9500000", "incomeTaxExpense": "2800000", "interestAndDebtExpense": "None", "netIncomeFromContinuingOperations": "0", "comprehensiveIncomeNetOfTax": "None", "ebit": "6100000", "ebitda": "22100000", "netIncome": "6700000"}, {"fiscalDateEnding": "2008-09-30", "reportedCurrency": "USD", "grossProfit": "123600000", "totalRevenue": "602700000", "costOfRevenue": "479100000", "costofGoodsAndServicesSold": "479100000", "operatingIncome": "37000000", "sellingGeneralAndAdministrative": "86600000", "researchAndDevelopment": "0", "operatingExpenses": "86600000", "investmentIncomeNet": "None", "netInterestIncome": "None", "interestIncome": "None", "interestExpense": "4500000", "nonInterestIncome": "None", "otherNonOperatingIncome": "None", "depreciation": "None", "depreciationAndAmortization": "16700000", "incomeBeforeTax": "28900000", "incomeTaxExpense": "7400000", "interestAndDebtExpense": "None", "netIncomeFromContinuingOperations": "0", "comprehensiveIncomeNetOfTax": "None", "ebit": "20300000", "ebitda": "37000000", "netIncome": "21400000"}, {"fiscalDateEnding": "2008-06-30", "reportedCurrency": "USD", "grossProfit": "141600000", "totalRevenue": "622200000", "costOfRevenue": "480600000", "costofGoodsAndServicesSold": "480600000", "operatingIncome": "47400000", "sellingGeneralAndAdministrative": "94200000", "researchAndDevelopment": "0", "operatingExpenses": "94200000", "investmentIncomeNet": "None", "netInterestIncome": "None", "interestIncome": "None", "interestExpense": "5100000", "nonInterestIncome": "None", "otherNonOperatingIncome": "None", "depreciation": "None", "depreciationAndAmortization": "16700000", "incomeBeforeTax": "42000000", "incomeTaxExpense": "10000000", "interestAndDebtExpense": "None", "netIncomeFromContinuingOperations": "0", "comprehensiveIncomeNetOfTax": "None", "ebit": "46000000", "ebitda": "62700000", "netIncome": "31900000"}, {"fiscalDateEnding": "2008-03-31", "reportedCurrency": "USD", "grossProfit": "132600000", "totalRevenue": "571400000", "costOfRevenue": "438800000", "costofGoodsAndServicesSold": "438800000", "operatingIncome": "38800000", "sellingGeneralAndAdministrative": "93800000", "researchAndDevelopment": "0", "operatingExpenses": "93800000", "investmentIncomeNet": "None", "netInterestIncome": "None", "interestIncome": "None", "interestExpense": "5400000", "nonInterestIncome": "None", "otherNonOperatingIncome": "None", "depreciation": "None", "depreciationAndAmortization": "16900000", "incomeBeforeTax": "29700000", "incomeTaxExpense": "7700000", "interestAndDebtExpense": "None", "netIncomeFromContinuingOperations": "0", "comprehensiveIncomeNetOfTax": "None", "ebit": "21900000", "ebitda": "38800000", "netIncome": "21900000"}, {"fiscalDateEnding": "2007-12-31", "reportedCurrency": "USD", "grossProfit": "135700000", "totalRevenue": "569900000", "costOfRevenue": "434200000", "costofGoodsAndServicesSold": "434200000", "operatingIncome": "36000000", "sellingGeneralAndAdministrative": "99700000", "researchAndDevelopment": "47800000", "operatingExpenses": "99700000", "investmentIncomeNet": "None", "netInterestIncome": "None", "interestIncome": "None", "interestExpense": "6100000", "nonInterestIncome": "None", "otherNonOperatingIncome": "None", "depreciation": "None", "depreciationAndAmortization": "17100000", "incomeBeforeTax": "8200000", "incomeTaxExpense": "-8800000", "interestAndDebtExpense": "None", "netIncomeFromContinuingOperations": "0", "comprehensiveIncomeNetOfTax": "None", "ebit": "36000000", "ebitda": "53100000", "netIncome": "17000000"}, {"fiscalDateEnding": "2007-09-30", "reportedCurrency": "USD", "grossProfit": "120100000", "totalRevenue": "553500000", "costOfRevenue": "433400000", "costofGoodsAndServicesSold": "433400000", "operatingIncome": "35500000", "sellingGeneralAndAdministrative": "84600000", "researchAndDevelopment": "0", "operatingExpenses": "84600000", "investmentIncomeNet": "None", "netInterestIncome": "None", "interestIncome": "None", "interestExpense": "6800000", "nonInterestIncome": "None", "otherNonOperatingIncome": "None", "depreciation": "None", "depreciationAndAmortization": "16200000", "incomeBeforeTax": "29100000", "incomeTaxExpense": "4400000", "interestAndDebtExpense": "None", "netIncomeFromContinuingOperations": "0", "comprehensiveIncomeNetOfTax": "None", "ebit": "35500000", "ebitda": "51700000", "netIncome": "24700000"}, {"fiscalDateEnding": "2007-06-30", "reportedCurrency": "USD", "grossProfit": "134800000", "totalRevenue": "611500000", "costOfRevenue": "476700000", "costofGoodsAndServicesSold": "476700000", "operatingIncome": "44400000", "sellingGeneralAndAdministrative": "90400000", "researchAndDevelopment": "0", "operatingExpenses": "90400000", "investmentIncomeNet": "None", "netInterestIncome": "None", "interestIncome": "None", "interestExpense": "7000000", "nonInterestIncome": "None", "otherNonOperatingIncome": "None", "depreciation": "None", "depreciationAndAmortization": "18100000", "incomeBeforeTax": "36300000", "incomeTaxExpense": "9300000", "interestAndDebtExpense": "None", "netIncomeFromContinuingOperations": "0", "comprehensiveIncomeNetOfTax": "None", "ebit": "44400000", "ebitda": "62500000", "netIncome": "27000000"}, {"fiscalDateEnding": "2007-03-31", "reportedCurrency": "USD", "grossProfit": "122800000", "totalRevenue": "577200000", "costOfRevenue": "454400000", "costofGoodsAndServicesSold": "454400000", "operatingIncome": "34500000", "sellingGeneralAndAdministrative": "88300000", "researchAndDevelopment": "0", "operatingExpenses": "88300000", "investmentIncomeNet": "None", "netInterestIncome": "None", "interestIncome": "None", "interestExpense": "6800000", "nonInterestIncome": "None", "otherNonOperatingIncome": "None", "depreciation": "None", "depreciationAndAmortization": "16100000", "incomeBeforeTax": "26300000", "incomeTaxExpense": "6800000", "interestAndDebtExpense": "None", "netIncomeFromContinuingOperations": "0", "comprehensiveIncomeNetOfTax": "None", "ebit": "18400000", "ebitda": "34500000", "netIncome": "19500000"}, {"fiscalDateEnding": "2006-12-31", "reportedCurrency": "USD", "grossProfit": "123000000", "totalRevenue": "543600000", "costOfRevenue": "420600000", "costofGoodsAndServicesSold": "420600000", "operatingIncome": "36200000", "sellingGeneralAndAdministrative": "86800000", "researchAndDevelopment": "42300000", "operatingExpenses": "86800000", "investmentIncomeNet": "None", "netInterestIncome": "None", "interestIncome": "None", "interestExpense": "7100000", "nonInterestIncome": "None", "otherNonOperatingIncome": "None", "depreciation": "None", "depreciationAndAmortization": "16600000", "incomeBeforeTax": "25000000", "incomeTaxExpense": "5800000", "interestAndDebtExpense": "None", "netIncomeFromContinuingOperations": "0", "comprehensiveIncomeNetOfTax": "None", "ebit": "36200000", "ebitda": "52800000", "netIncome": "18900000"}, {"fiscalDateEnding": "2006-09-30", "reportedCurrency": "USD", "grossProfit": "115400000", "totalRevenue": "564000000", "costOfRevenue": "448600000", "costofGoodsAndServicesSold": "448600000", "operatingIncome": "32600000", "sellingGeneralAndAdministrative": "82800000", "researchAndDevelopment": "0", "operatingExpenses": "82800000", "investmentIncomeNet": "None", "netInterestIncome": "None", "interestIncome": "None", "interestExpense": "7300000", "nonInterestIncome": "None", "otherNonOperatingIncome": "None", "depreciation": "None", "depreciationAndAmortization": "13400000", "incomeBeforeTax": "22100000", "incomeTaxExpense": "5500000", "interestAndDebtExpense": "None", "netIncomeFromContinuingOperations": "0", "comprehensiveIncomeNetOfTax": "None", "ebit": "32600000", "ebitda": "46000000", "netIncome": "17000000"}, {"fiscalDateEnding": "2006-06-30", "reportedCurrency": "USD", "grossProfit": "126600000", "totalRevenue": "594500000", "costOfRevenue": "467900000", "costofGoodsAndServicesSold": "467900000", "operatingIncome": "40700000", "sellingGeneralAndAdministrative": "85900000", "researchAndDevelopment": "0", "operatingExpenses": "85900000", "investmentIncomeNet": "None", "netInterestIncome": "None", "interestIncome": "None", "interestExpense": "7500000", "nonInterestIncome": "None", "otherNonOperatingIncome": "None", "depreciation": "None", "depreciationAndAmortization": "18500000", "incomeBeforeTax": "36200000", "incomeTaxExpense": "11300000", "interestAndDebtExpense": "None", "netIncomeFromContinuingOperations": "0", "comprehensiveIncomeNetOfTax": "None", "ebit": "40700000", "ebitda": "59200000", "netIncome": "25100000"}, {"fiscalDateEnding": "2006-03-31", "reportedCurrency": "USD", "grossProfit": "98900000", "totalRevenue": "459200000", "costOfRevenue": "360300000", "costofGoodsAndServicesSold": "360300000", "operatingIncome": "30400000", "sellingGeneralAndAdministrative": "68500000", "researchAndDevelopment": "0", "operatingExpenses": "68500000", "investmentIncomeNet": "None", "netInterestIncome": "None", "interestIncome": "None", "interestExpense": "3000000", "nonInterestIncome": "None", "otherNonOperatingIncome": "None", "depreciation": "None", "depreciationAndAmortization": "12400000", "incomeBeforeTax": "21500000", "incomeTaxExpense": "6000000", "interestAndDebtExpense": "None", "netIncomeFromContinuingOperations": "0", "comprehensiveIncomeNetOfTax": "None", "ebit": "18000000", "ebitda": "30400000", "netIncome": "15500000"}, {"fiscalDateEnding": "2005-12-31", "reportedCurrency": "USD", "grossProfit": "98800000", "totalRevenue": "434000000", "costOfRevenue": "335200000", "costofGoodsAndServicesSold": "335200000", "operatingIncome": "29500000", "sellingGeneralAndAdministrative": "69300000", "researchAndDevelopment": "36000000", "operatingExpenses": "69300000", "investmentIncomeNet": "None", "netInterestIncome": "None", "interestIncome": "None", "interestExpense": "3000000", "nonInterestIncome": "None", "otherNonOperatingIncome": "None", "depreciation": "None", "depreciationAndAmortization": "13900000", "incomeBeforeTax": "22000000", "incomeTaxExpense": "6000000", "interestAndDebtExpense": "None", "netIncomeFromContinuingOperations": "0", "comprehensiveIncomeNetOfTax": "None", "ebit": "29500000", "ebitda": "43400000", "netIncome": "16000000"}, {"fiscalDateEnding": "2005-09-30", "reportedCurrency": "USD", "grossProfit": "81000000", "totalRevenue": "408400000", "costOfRevenue": "327400000", "costofGoodsAndServicesSold": "327400000", "operatingIncome": "21300000", "sellingGeneralAndAdministrative": "59700000", "researchAndDevelopment": "0", "operatingExpenses": "59700000", "investmentIncomeNet": "None", "netInterestIncome": "None", "interestIncome": "None", "interestExpense": "3200000", "nonInterestIncome": "None", "otherNonOperatingIncome": "None", "depreciation": "None", "depreciationAndAmortization": "12900000", "incomeBeforeTax": "14400000", "incomeTaxExpense": "4700000", "interestAndDebtExpense": "None", "netIncomeFromContinuingOperations": "0", "comprehensiveIncomeNetOfTax": "None", "ebit": "8400000", "ebitda": "21300000", "netIncome": "9700000"}, {"fiscalDateEnding": "2005-06-30", "reportedCurrency": "USD", "grossProfit": "84200000", "totalRevenue": "437700000", "costOfRevenue": "353500000", "costofGoodsAndServicesSold": "353500000", "operatingIncome": "23800000", "sellingGeneralAndAdministrative": "60400000", "researchAndDevelopment": "0", "operatingExpenses": "60400000", "investmentIncomeNet": "None", "netInterestIncome": "None", "interestIncome": "None", "interestExpense": "3500000", "nonInterestIncome": "None", "otherNonOperatingIncome": "None", "depreciation": "None", "depreciationAndAmortization": "12900000", "incomeBeforeTax": "11000000", "incomeTaxExpense": "4500000", "interestAndDebtExpense": "None", "netIncomeFromContinuingOperations": "0", "comprehensiveIncomeNetOfTax": "None", "ebit": "10900000", "ebitda": "23800000", "netIncome": "6500000"}, {"fiscalDateEnding": "2005-03-31", "reportedCurrency": "USD", "grossProfit": "88100000", "totalRevenue": "409200000", "costOfRevenue": "321100000", "costofGoodsAndServicesSold": "321100000", "operatingIncome": "25700000", "sellingGeneralAndAdministrative": "62400000", "researchAndDevelopment": "0", "operatingExpenses": "62400000", "investmentIncomeNet": "None", "netInterestIncome": "None", "interestIncome": "None", "interestExpense": "3400000", "nonInterestIncome": "None", "otherNonOperatingIncome": "None", "depreciation": "None", "depreciationAndAmortization": "13100000", "incomeBeforeTax": "21300000", "incomeTaxExpense": "7000000", "interestAndDebtExpense": "None", "netIncomeFromContinuingOperations": "0", "comprehensiveIncomeNetOfTax": "None", "ebit": "12600000", "ebitda": "25700000", "netIncome": "14300000"}, {"fiscalDateEnding": "2004-12-31", "reportedCurrency": "USD", "grossProfit": "69400000", "totalRevenue": "409400000", "costOfRevenue": "340000000", "costofGoodsAndServicesSold": "340000000", "operatingIncome": "8600000", "sellingGeneralAndAdministrative": "60800000", "researchAndDevelopment": "35900000", "operatingExpenses": "60800000", "investmentIncomeNet": "None", "netInterestIncome": "None", "interestIncome": "None", "interestExpense": "3900000", "nonInterestIncome": "None", "otherNonOperatingIncome": "None", "depreciation": "None", "depreciationAndAmortization": "13900000", "incomeBeforeTax": "4400000", "incomeTaxExpense": "4200000", "interestAndDebtExpense": "None", "netIncomeFromContinuingOperations": "0", "comprehensiveIncomeNetOfTax": "None", "ebit": "8600000", "ebitda": "22500000", "netIncome": "4400000"}]}