{"symbol": "FOX", "annualReports": [{"fiscalDateEnding": "2024-06-30", "reportedCurrency": "USD", "grossProfit": "4891000000", "totalRevenue": "13980000000", "costOfRevenue": "9089000000", "costofGoodsAndServicesSold": "9089000000", "operatingIncome": "2478000000", "sellingGeneralAndAdministrative": "2024000000", "researchAndDevelopment": "None", "operatingExpenses": "2024000000", "investmentIncomeNet": "None", "netInterestIncome": "-216000000", "interestIncome": "189000000", "interestExpense": "405000000", "nonInterestIncome": "None", "otherNonOperatingIncome": "None", "depreciation": "None", "depreciationAndAmortization": "389000000", "incomeBeforeTax": "2104000000", "incomeTaxExpense": "550000000", "interestAndDebtExpense": "None", "netIncomeFromContinuingOperations": "1554000000", "comprehensiveIncomeNetOfTax": "None", "ebit": "2509000000", "ebitda": "2898000000", "netIncome": "1501000000"}, {"fiscalDateEnding": "2023-06-30", "reportedCurrency": "USD", "grossProfit": "4813000000", "totalRevenue": "14913000000", "costOfRevenue": "10100000000", "costofGoodsAndServicesSold": "10100000000", "operatingIncome": "2065000000", "sellingGeneralAndAdministrative": "2049000000", "researchAndDevelopment": "None", "operatingExpenses": "12149000000", "investmentIncomeNet": "None", "netInterestIncome": "-218000000", "interestIncome": "131000000", "interestExpense": "218000000", "nonInterestIncome": "None", "otherNonOperatingIncome": "-699000000", "depreciation": "None", "depreciationAndAmortization": "411000000", "incomeBeforeTax": "1736000000", "incomeTaxExpense": "483000000", "interestAndDebtExpense": "None", "netIncomeFromContinuingOperations": "1253000000", "comprehensiveIncomeNetOfTax": "None", "ebit": "2085000000", "ebitda": "2496000000", "netIncome": "1239000000"}, {"fiscalDateEnding": "2022-06-30", "reportedCurrency": "USD", "grossProfit": "4494000000", "totalRevenue": "13974000000", "costOfRevenue": "9480000000", "costofGoodsAndServicesSold": "9480000000", "operatingIncome": "2065000000", "sellingGeneralAndAdministrative": "1920000000", "researchAndDevelopment": "None", "operatingExpenses": "11400000000", "investmentIncomeNet": "None", "netInterestIncome": "-371000000", "interestIncome": "6000000", "interestExpense": "371000000", "nonInterestIncome": "None", "otherNonOperatingIncome": "-509000000", "depreciation": "None", "depreciationAndAmortization": "363000000", "incomeBeforeTax": "1694000000", "incomeTaxExpense": "461000000", "interestAndDebtExpense": "None", "netIncomeFromContinuingOperations": "1233000000", "comprehensiveIncomeNetOfTax": "None", "ebit": "2071000000", "ebitda": "2434000000", "netIncome": "1205000000"}, {"fiscalDateEnding": "2021-06-30", "reportedCurrency": "USD", "grossProfit": "4572000000", "totalRevenue": "12909000000", "costOfRevenue": "8337000000", "costofGoodsAndServicesSold": "8337000000", "operatingIncome": "3348000000", "sellingGeneralAndAdministrative": "1807000000", "researchAndDevelopment": "None", "operatingExpenses": "10144000000", "investmentIncomeNet": "None", "netInterestIncome": "-391000000", "interestIncome": "4000000", "interestExpense": "395000000", "nonInterestIncome": "None", "otherNonOperatingIncome": "583000000", "depreciation": "None", "depreciationAndAmortization": "300000000", "incomeBeforeTax": "2918000000", "incomeTaxExpense": "717000000", "interestAndDebtExpense": "None", "netIncomeFromContinuingOperations": "2201000000", "comprehensiveIncomeNetOfTax": "None", "ebit": "3313000000", "ebitda": "3613000000", "netIncome": "2150000000"}, {"fiscalDateEnding": "2020-06-30", "reportedCurrency": "USD", "grossProfit": "4333000000", "totalRevenue": "12303000000", "costOfRevenue": "7970000000", "costofGoodsAndServicesSold": "7970000000", "operatingIncome": "2284000000", "sellingGeneralAndAdministrative": "1741000000", "researchAndDevelopment": "None", "operatingExpenses": "9806000000", "investmentIncomeNet": "None", "netInterestIncome": "-334000000", "interestIncome": "35000000", "interestExpense": "369000000", "nonInterestIncome": "None", "otherNonOperatingIncome": "None", "depreciation": "None", "depreciationAndAmortization": "258000000", "incomeBeforeTax": "1464000000", "incomeTaxExpense": "402000000", "interestAndDebtExpense": "None", "netIncomeFromContinuingOperations": "1062000000", "comprehensiveIncomeNetOfTax": "None", "ebit": "1833000000", "ebitda": "2091000000", "netIncome": "999000000"}, {"fiscalDateEnding": "2019-06-30", "reportedCurrency": "USD", "grossProfit": "3850000000", "totalRevenue": "11389000000", "costOfRevenue": "7539000000", "costofGoodsAndServicesSold": "7539000000", "operatingIncome": "2453000000", "sellingGeneralAndAdministrative": "1419000000", "researchAndDevelopment": "None", "operatingExpenses": "8958000000", "investmentIncomeNet": "None", "netInterestIncome": "-162000000", "interestIncome": "41000000", "interestExpense": "203000000", "nonInterestIncome": "None", "otherNonOperatingIncome": "None", "depreciation": "None", "depreciationAndAmortization": "212000000", "incomeBeforeTax": "2224000000", "incomeTaxExpense": "581000000", "interestAndDebtExpense": "None", "netIncomeFromContinuingOperations": "1643000000", "comprehensiveIncomeNetOfTax": "None", "ebit": "2427000000", "ebitda": "2639000000", "netIncome": "1595000000"}, {"fiscalDateEnding": "2018-06-30", "reportedCurrency": "USD", "grossProfit": "3477000000", "totalRevenue": "10153000000", "costOfRevenue": "6676000000", "costofGoodsAndServicesSold": "6676000000", "operatingIncome": "2215000000", "sellingGeneralAndAdministrative": "1262000000", "researchAndDevelopment": "0", "operatingExpenses": "7938000000", "investmentIncomeNet": "None", "netInterestIncome": "-43000000", "interestIncome": "None", "interestExpense": "43000000", "nonInterestIncome": "None", "otherNonOperatingIncome": "None", "depreciation": "None", "depreciationAndAmortization": "171000000", "incomeBeforeTax": "2170000000", "incomeTaxExpense": "-58000000", "interestAndDebtExpense": "None", "netIncomeFromContinuingOperations": "2228000000", "comprehensiveIncomeNetOfTax": "None", "ebit": "2170000000", "ebitda": "2341000000", "netIncome": "2187000000"}, {"fiscalDateEnding": "2017-06-30", "reportedCurrency": "USD", "grossProfit": "3652000000", "totalRevenue": "9921000000", "costOfRevenue": "6269000000", "costofGoodsAndServicesSold": "6269000000", "operatingIncome": "2535000000", "sellingGeneralAndAdministrative": "1117000000", "researchAndDevelopment": "0", "operatingExpenses": "7386000000", "investmentIncomeNet": "None", "netInterestIncome": "-23000000", "interestIncome": "0", "interestExpense": "23000000", "nonInterestIncome": "None", "otherNonOperatingIncome": "None", "depreciation": "None", "depreciationAndAmortization": "169000000", "incomeBeforeTax": "2241000000", "incomeTaxExpense": "832000000", "interestAndDebtExpense": "None", "netIncomeFromContinuingOperations": "1409000000", "comprehensiveIncomeNetOfTax": "None", "ebit": "2241000000", "ebitda": "2410000000", "netIncome": "1372000000"}, {"fiscalDateEnding": "2016-06-30", "reportedCurrency": "USD", "grossProfit": "3165000000", "totalRevenue": "8894000000", "costOfRevenue": "5729000000", "costofGoodsAndServicesSold": "5729000000", "operatingIncome": "1974000000", "sellingGeneralAndAdministrative": "1191000000", "researchAndDevelopment": "0", "operatingExpenses": "6920000000", "investmentIncomeNet": "None", "netInterestIncome": "-18000000", "interestIncome": "None", "interestExpense": "18000000", "nonInterestIncome": "None", "otherNonOperatingIncome": "None", "depreciation": "None", "depreciationAndAmortization": "170000000", "incomeBeforeTax": "1843000000", "incomeTaxExpense": "736000000", "interestAndDebtExpense": "None", "netIncomeFromContinuingOperations": "1107000000", "comprehensiveIncomeNetOfTax": "None", "ebit": "1843000000", "ebitda": "2013000000", "netIncome": "1072000000"}, {"fiscalDateEnding": "2015-06-30", "reportedCurrency": "USD", "grossProfit": "10426000000", "totalRevenue": "28987000000", "costOfRevenue": "18561000000", "costofGoodsAndServicesSold": "18561000000", "operatingIncome": "5906000000", "sellingGeneralAndAdministrative": "3784000000", "researchAndDevelopment": "0", "operatingExpenses": "23081000000", "investmentIncomeNet": "None", "netInterestIncome": "None", "interestIncome": "None", "interestExpense": "0", "nonInterestIncome": "None", "otherNonOperatingIncome": "None", "depreciation": "None", "depreciationAndAmortization": "None", "incomeBeforeTax": "9847000000", "incomeTaxExpense": "1243000000", "interestAndDebtExpense": "None", "netIncomeFromContinuingOperations": "8604000000", "comprehensiveIncomeNetOfTax": "None", "ebit": "5906000000", "ebitda": "None", "netIncome": "8306000000"}, {"fiscalDateEnding": "2014-06-30", "reportedCurrency": "USD", "grossProfit": "0", "totalRevenue": "31867000000", "costOfRevenue": "0", "costofGoodsAndServicesSold": "0", "operatingIncome": "0", "sellingGeneralAndAdministrative": "4129000000", "researchAndDevelopment": "0", "operatingExpenses": "26379000000", "investmentIncomeNet": "None", "netInterestIncome": "None", "interestIncome": "None", "interestExpense": "0", "nonInterestIncome": "None", "otherNonOperatingIncome": "None", "depreciation": "None", "depreciationAndAmortization": "None", "incomeBeforeTax": "5189000000", "incomeTaxExpense": "1272000000", "interestAndDebtExpense": "None", "netIncomeFromContinuingOperations": "3917000000", "comprehensiveIncomeNetOfTax": "None", "ebit": "5488000000", "ebitda": "None", "netIncome": "4646000000"}], "quarterlyReports": [{"fiscalDateEnding": "2024-12-31", "reportedCurrency": "USD", "grossProfit": "5078000000", "totalRevenue": "5078000000", "costOfRevenue": "2109000000", "costofGoodsAndServicesSold": "2109000000", "operatingIncome": "680000000", "sellingGeneralAndAdministrative": "525000000", "researchAndDevelopment": "None", "operatingExpenses": "4398000000", "investmentIncomeNet": "None", "netInterestIncome": "-80000000", "interestIncome": "37000000", "interestExpense": "117000000", "nonInterestIncome": "None", "otherNonOperatingIncome": "None", "depreciation": "None", "depreciationAndAmortization": "97000000", "incomeBeforeTax": "515000000", "incomeTaxExpense": "-127000000", "interestAndDebtExpense": "None", "netIncomeFromContinuingOperations": "388000000", "comprehensiveIncomeNetOfTax": "None", "ebit": "632000000", "ebitda": "729000000", "netIncome": "373000000"}, {"fiscalDateEnding": "2024-09-30", "reportedCurrency": "USD", "grossProfit": "1455000000", "totalRevenue": "3564000000", "costOfRevenue": "2109000000", "costofGoodsAndServicesSold": "2109000000", "operatingIncome": "953000000", "sellingGeneralAndAdministrative": "502000000", "researchAndDevelopment": "None", "operatingExpenses": "502000000", "investmentIncomeNet": "None", "netInterestIncome": "-50000000", "interestIncome": "52000000", "interestExpense": "102000000", "nonInterestIncome": "None", "otherNonOperatingIncome": "None", "depreciation": "None", "depreciationAndAmortization": "91000000", "incomeBeforeTax": "1113000000", "incomeTaxExpense": "281000000", "interestAndDebtExpense": "None", "netIncomeFromContinuingOperations": "832000000", "comprehensiveIncomeNetOfTax": "None", "ebit": "1215000000", "ebitda": "1306000000", "netIncome": "827000000"}, {"fiscalDateEnding": "2024-06-30", "reportedCurrency": "USD", "grossProfit": "1210000000", "totalRevenue": "3092000000", "costOfRevenue": "1882000000", "costofGoodsAndServicesSold": "1882000000", "operatingIncome": "671000000", "sellingGeneralAndAdministrative": "539000000", "researchAndDevelopment": "None", "operatingExpenses": "539000000", "investmentIncomeNet": "None", "netInterestIncome": "-47000000", "interestIncome": "49000000", "interestExpense": "96000000", "nonInterestIncome": "None", "otherNonOperatingIncome": "None", "depreciation": "None", "depreciationAndAmortization": "98000000", "incomeBeforeTax": "451000000", "incomeTaxExpense": "131000000", "interestAndDebtExpense": "None", "netIncomeFromContinuingOperations": "320000000", "comprehensiveIncomeNetOfTax": "None", "ebit": "547000000", "ebitda": "645000000", "netIncome": "319000000"}, {"fiscalDateEnding": "2024-03-31", "reportedCurrency": "USD", "grossProfit": "1299000000", "totalRevenue": "3447000000", "costOfRevenue": "2148000000", "costofGoodsAndServicesSold": "2148000000", "operatingIncome": "354000000", "sellingGeneralAndAdministrative": "510000000", "researchAndDevelopment": "None", "operatingExpenses": "2658000000", "investmentIncomeNet": "None", "netInterestIncome": "-55000000", "interestIncome": "44000000", "interestExpense": "99000000", "nonInterestIncome": "None", "otherNonOperatingIncome": "None", "depreciation": "None", "depreciationAndAmortization": "98000000", "incomeBeforeTax": "961000000", "incomeTaxExpense": "257000000", "interestAndDebtExpense": "None", "netIncomeFromContinuingOperations": "704000000", "comprehensiveIncomeNetOfTax": "None", "ebit": "1060000000", "ebitda": "1158000000", "netIncome": "666000000"}, {"fiscalDateEnding": "2023-12-31", "reportedCurrency": "USD", "grossProfit": "744000000", "totalRevenue": "4234000000", "costOfRevenue": "3490000000", "costofGoodsAndServicesSold": "3490000000", "operatingIncome": "249000000", "sellingGeneralAndAdministrative": "495000000", "researchAndDevelopment": "None", "operatingExpenses": "495000000", "investmentIncomeNet": "None", "netInterestIncome": "-72000000", "interestIncome": "47000000", "interestExpense": "119000000", "nonInterestIncome": "None", "otherNonOperatingIncome": "None", "depreciation": "None", "depreciationAndAmortization": "97000000", "incomeBeforeTax": "131000000", "incomeTaxExpense": "16000000", "interestAndDebtExpense": "None", "netIncomeFromContinuingOperations": "115000000", "comprehensiveIncomeNetOfTax": "None", "ebit": "250000000", "ebitda": "347000000", "netIncome": "109000000"}, {"fiscalDateEnding": "2023-09-30", "reportedCurrency": "USD", "grossProfit": "1249000000", "totalRevenue": "3207000000", "costOfRevenue": "1958000000", "costofGoodsAndServicesSold": "1958000000", "operatingIncome": "219000000", "sellingGeneralAndAdministrative": "480000000", "researchAndDevelopment": "None", "operatingExpenses": "2438000000", "investmentIncomeNet": "None", "netInterestIncome": "-42000000", "interestIncome": "49000000", "interestExpense": "42000000", "nonInterestIncome": "None", "otherNonOperatingIncome": "None", "depreciation": "None", "depreciationAndAmortization": "96000000", "incomeBeforeTax": "561000000", "incomeTaxExpense": "146000000", "interestAndDebtExpense": "None", "netIncomeFromContinuingOperations": "415000000", "comprehensiveIncomeNetOfTax": "None", "ebit": "652000000", "ebitda": "748000000", "netIncome": "407000000"}, {"fiscalDateEnding": "2023-06-30", "reportedCurrency": "USD", "grossProfit": "1151000000", "totalRevenue": "3032000000", "costOfRevenue": "1881000000", "costofGoodsAndServicesSold": "1881000000", "operatingIncome": "639000000", "sellingGeneralAndAdministrative": "222000000", "researchAndDevelopment": "None", "operatingExpenses": "2404000000", "investmentIncomeNet": "None", "netInterestIncome": "-35000000", "interestIncome": "52000000", "interestExpense": "35000000", "nonInterestIncome": "None", "otherNonOperatingIncome": "23000000", "depreciation": "None", "depreciationAndAmortization": "103000000", "incomeBeforeTax": "505000000", "incomeTaxExpense": "136000000", "interestAndDebtExpense": "None", "netIncomeFromContinuingOperations": "369000000", "comprehensiveIncomeNetOfTax": "None", "ebit": "592000000", "ebitda": "695000000", "netIncome": "375000000"}, {"fiscalDateEnding": "2023-03-31", "reportedCurrency": "USD", "grossProfit": "1251000000", "totalRevenue": "4084000000", "costOfRevenue": "2833000000", "costofGoodsAndServicesSold": "2833000000", "operatingIncome": "4000000", "sellingGeneralAndAdministrative": "528000000", "researchAndDevelopment": "None", "operatingExpenses": "3361000000", "investmentIncomeNet": "None", "netInterestIncome": "-55000000", "interestIncome": "31000000", "interestExpense": "55000000", "nonInterestIncome": "None", "otherNonOperatingIncome": "-719000000", "depreciation": "None", "depreciationAndAmortization": "106000000", "incomeBeforeTax": "-51000000", "incomeTaxExpense": "-1000000", "interestAndDebtExpense": "None", "netIncomeFromContinuingOperations": "-50000000", "comprehensiveIncomeNetOfTax": "None", "ebit": "35000000", "ebitda": "141000000", "netIncome": "-50000000"}, {"fiscalDateEnding": "2022-12-31", "reportedCurrency": "USD", "grossProfit": "974000000", "totalRevenue": "4605000000", "costOfRevenue": "3631000000", "costofGoodsAndServicesSold": "3631000000", "operatingIncome": "497000000", "sellingGeneralAndAdministrative": "550000000", "researchAndDevelopment": "None", "operatingExpenses": "4181000000", "investmentIncomeNet": "None", "netInterestIncome": "-60000000", "interestIncome": "29000000", "interestExpense": "60000000", "nonInterestIncome": "None", "otherNonOperatingIncome": "73000000", "depreciation": "None", "depreciationAndAmortization": "103000000", "incomeBeforeTax": "437000000", "incomeTaxExpense": "116000000", "interestAndDebtExpense": "None", "netIncomeFromContinuingOperations": "321000000", "comprehensiveIncomeNetOfTax": "None", "ebit": "526000000", "ebitda": "629000000", "netIncome": "313000000"}, {"fiscalDateEnding": "2022-09-30", "reportedCurrency": "USD", "grossProfit": "1437000000", "totalRevenue": "3192000000", "costOfRevenue": "1755000000", "costofGoodsAndServicesSold": "1755000000", "operatingIncome": "911000000", "sellingGeneralAndAdministrative": "772000000", "researchAndDevelopment": "None", "operatingExpenses": "2203000000", "investmentIncomeNet": "None", "netInterestIncome": "-68000000", "interestIncome": "19000000", "interestExpense": "87000000", "nonInterestIncome": "None", "otherNonOperatingIncome": "-76000000", "depreciation": "None", "depreciationAndAmortization": "99000000", "incomeBeforeTax": "845000000", "incomeTaxExpense": "232000000", "interestAndDebtExpense": "None", "netIncomeFromContinuingOperations": "613000000", "comprehensiveIncomeNetOfTax": "None", "ebit": "932000000", "ebitda": "1031000000", "netIncome": "605000000"}, {"fiscalDateEnding": "2022-06-30", "reportedCurrency": "USD", "grossProfit": "1219000000", "totalRevenue": "3033000000", "costOfRevenue": "1814000000", "costofGoodsAndServicesSold": "1814000000", "operatingIncome": "533000000", "sellingGeneralAndAdministrative": "354000000", "researchAndDevelopment": "None", "operatingExpenses": "2366000000", "investmentIncomeNet": "None", "netInterestIncome": "-86000000", "interestIncome": "None", "interestExpense": "86000000", "nonInterestIncome": "None", "otherNonOperatingIncome": "-134000000", "depreciation": "None", "depreciationAndAmortization": "99000000", "incomeBeforeTax": "447000000", "incomeTaxExpense": "139000000", "interestAndDebtExpense": "None", "netIncomeFromContinuingOperations": "308000000", "comprehensiveIncomeNetOfTax": "None", "ebit": "533000000", "ebitda": "632000000", "netIncome": "306000000"}, {"fiscalDateEnding": "2022-03-31", "reportedCurrency": "USD", "grossProfit": "1199000000", "totalRevenue": "3455000000", "costOfRevenue": "2256000000", "costofGoodsAndServicesSold": "2256000000", "operatingIncome": "481000000", "sellingGeneralAndAdministrative": "822000000", "researchAndDevelopment": "None", "operatingExpenses": "2741000000", "investmentIncomeNet": "None", "netInterestIncome": "-91000000", "interestIncome": "None", "interestExpense": "91000000", "nonInterestIncome": "None", "otherNonOperatingIncome": "-233000000", "depreciation": "None", "depreciationAndAmortization": "92000000", "incomeBeforeTax": "390000000", "incomeTaxExpense": "100000000", "interestAndDebtExpense": "None", "netIncomeFromContinuingOperations": "290000000", "comprehensiveIncomeNetOfTax": "None", "ebit": "481000000", "ebitda": "573000000", "netIncome": "283000000"}, {"fiscalDateEnding": "2021-12-31", "reportedCurrency": "USD", "grossProfit": "681000000", "totalRevenue": "4441000000", "costOfRevenue": "3760000000", "costofGoodsAndServicesSold": "3760000000", "operatingIncome": "-192000000", "sellingGeneralAndAdministrative": "468000000", "researchAndDevelopment": "None", "operatingExpenses": "4228000000", "investmentIncomeNet": "None", "netInterestIncome": "-97000000", "interestIncome": "None", "interestExpense": "97000000", "nonInterestIncome": "None", "otherNonOperatingIncome": "-211000000", "depreciation": "None", "depreciationAndAmortization": "93000000", "incomeBeforeTax": "-95000000", "incomeTaxExpense": "-22000000", "interestAndDebtExpense": "None", "netIncomeFromContinuingOperations": "-73000000", "comprehensiveIncomeNetOfTax": "None", "ebit": "2000000", "ebitda": "95000000", "netIncome": "-85000000"}, {"fiscalDateEnding": "2021-09-30", "reportedCurrency": "USD", "grossProfit": "1395000000", "totalRevenue": "3045000000", "costOfRevenue": "1650000000", "costofGoodsAndServicesSold": "1650000000", "operatingIncome": "980000000", "sellingGeneralAndAdministrative": "415000000", "researchAndDevelopment": "None", "operatingExpenses": "2065000000", "investmentIncomeNet": "None", "netInterestIncome": "-97000000", "interestIncome": "None", "interestExpense": "97000000", "nonInterestIncome": "None", "otherNonOperatingIncome": "69000000", "depreciation": "None", "depreciationAndAmortization": "79000000", "incomeBeforeTax": "952000000", "incomeTaxExpense": "244000000", "interestAndDebtExpense": "None", "netIncomeFromContinuingOperations": "708000000", "comprehensiveIncomeNetOfTax": "None", "ebit": "1049000000", "ebitda": "1128000000", "netIncome": "701000000"}, {"fiscalDateEnding": "2021-06-30", "reportedCurrency": "USD", "grossProfit": "1168000000", "totalRevenue": "2890000000", "costOfRevenue": "1722000000", "costofGoodsAndServicesSold": "1722000000", "operatingIncome": "628000000", "sellingGeneralAndAdministrative": "540000000", "researchAndDevelopment": "None", "operatingExpenses": "2262000000", "investmentIncomeNet": "None", "netInterestIncome": "-98000000", "interestIncome": "1000000", "interestExpense": "99000000", "nonInterestIncome": "None", "otherNonOperatingIncome": "-172000000", "depreciation": "None", "depreciationAndAmortization": "84000000", "incomeBeforeTax": "357000000", "incomeTaxExpense": "85000000", "interestAndDebtExpense": "None", "netIncomeFromContinuingOperations": "272000000", "comprehensiveIncomeNetOfTax": "None", "ebit": "456000000", "ebitda": "540000000", "netIncome": "253000000"}, {"fiscalDateEnding": "2021-03-31", "reportedCurrency": "USD", "grossProfit": "1252000000", "totalRevenue": "3215000000", "costOfRevenue": "1963000000", "costofGoodsAndServicesSold": "1963000000", "operatingIncome": "815000000", "sellingGeneralAndAdministrative": "437000000", "researchAndDevelopment": "None", "operatingExpenses": "2400000000", "investmentIncomeNet": "None", "netInterestIncome": "-98000000", "interestIncome": "0", "interestExpense": "98000000", "nonInterestIncome": "None", "otherNonOperatingIncome": "61000000", "depreciation": "None", "depreciationAndAmortization": "78000000", "incomeBeforeTax": "778000000", "incomeTaxExpense": "196000000", "interestAndDebtExpense": "None", "netIncomeFromContinuingOperations": "582000000", "comprehensiveIncomeNetOfTax": "None", "ebit": "876000000", "ebitda": "954000000", "netIncome": "567000000"}, {"fiscalDateEnding": "2020-12-31", "reportedCurrency": "USD", "grossProfit": "741000000", "totalRevenue": "4087000000", "costOfRevenue": "3346000000", "costofGoodsAndServicesSold": "3346000000", "operatingIncome": "229000000", "sellingGeneralAndAdministrative": "442000000", "researchAndDevelopment": "None", "operatingExpenses": "3858000000", "investmentIncomeNet": "None", "netInterestIncome": "-97000000", "interestIncome": "2000000", "interestExpense": "99000000", "nonInterestIncome": "None", "otherNonOperatingIncome": "174000000", "depreciation": "None", "depreciationAndAmortization": "70000000", "incomeBeforeTax": "304000000", "incomeTaxExpense": "74000000", "interestAndDebtExpense": "None", "netIncomeFromContinuingOperations": "230000000", "comprehensiveIncomeNetOfTax": "None", "ebit": "403000000", "ebitda": "473000000", "netIncome": "224000000"}, {"fiscalDateEnding": "2020-09-30", "reportedCurrency": "USD", "grossProfit": "1549000000", "totalRevenue": "2717000000", "costOfRevenue": "1168000000", "costofGoodsAndServicesSold": "1168000000", "operatingIncome": "1093000000", "sellingGeneralAndAdministrative": "388000000", "researchAndDevelopment": "None", "operatingExpenses": "1624000000", "investmentIncomeNet": "None", "netInterestIncome": "-98000000", "interestIncome": "1000000", "interestExpense": "99000000", "nonInterestIncome": "None", "otherNonOperatingIncome": "None", "depreciation": "None", "depreciationAndAmortization": "68000000", "incomeBeforeTax": "1479000000", "incomeTaxExpense": "362000000", "interestAndDebtExpense": "None", "netIncomeFromContinuingOperations": "1117000000", "comprehensiveIncomeNetOfTax": "None", "ebit": "1578000000", "ebitda": "1646000000", "netIncome": "1106000000"}, {"fiscalDateEnding": "2020-06-30", "reportedCurrency": "USD", "grossProfit": "1231000000", "totalRevenue": "2418000000", "costOfRevenue": "1187000000", "costofGoodsAndServicesSold": "1187000000", "operatingIncome": "643000000", "sellingGeneralAndAdministrative": "494000000", "researchAndDevelopment": "None", "operatingExpenses": "1775000000", "investmentIncomeNet": "None", "netInterestIncome": "-98000000", "interestIncome": "2000000", "interestExpense": "100000000", "nonInterestIncome": "None", "otherNonOperatingIncome": "None", "depreciation": "None", "depreciationAndAmortization": "94000000", "incomeBeforeTax": "200000000", "incomeTaxExpense": "55000000", "interestAndDebtExpense": "None", "netIncomeFromContinuingOperations": "145000000", "comprehensiveIncomeNetOfTax": "None", "ebit": "300000000", "ebitda": "394000000", "netIncome": "122000000"}, {"fiscalDateEnding": "2020-03-31", "reportedCurrency": "USD", "grossProfit": "1379000000", "totalRevenue": "3440000000", "costOfRevenue": "2061000000", "costofGoodsAndServicesSold": "2061000000", "operatingIncome": "858000000", "sellingGeneralAndAdministrative": "464000000", "researchAndDevelopment": "None", "operatingExpenses": "2582000000", "investmentIncomeNet": "None", "netInterestIncome": "-81000000", "interestIncome": "8000000", "interestExpense": "89000000", "nonInterestIncome": "None", "otherNonOperatingIncome": "None", "depreciation": "None", "depreciationAndAmortization": "57000000", "incomeBeforeTax": "145000000", "incomeTaxExpense": "55000000", "interestAndDebtExpense": "None", "netIncomeFromContinuingOperations": "90000000", "comprehensiveIncomeNetOfTax": "None", "ebit": "234000000", "ebitda": "291000000", "netIncome": "78000000"}, {"fiscalDateEnding": "2019-12-31", "reportedCurrency": "USD", "grossProfit": "687000000", "totalRevenue": "3778000000", "costOfRevenue": "3091000000", "costofGoodsAndServicesSold": "3091000000", "operatingIncome": "199000000", "sellingGeneralAndAdministrative": "431000000", "researchAndDevelopment": "None", "operatingExpenses": "3579000000", "investmentIncomeNet": "None", "netInterestIncome": "-82000000", "interestIncome": "8000000", "interestExpense": "90000000", "nonInterestIncome": "None", "otherNonOperatingIncome": "None", "depreciation": "None", "depreciationAndAmortization": "57000000", "incomeBeforeTax": "419000000", "incomeTaxExpense": "105000000", "interestAndDebtExpense": "None", "netIncomeFromContinuingOperations": "314000000", "comprehensiveIncomeNetOfTax": "None", "ebit": "509000000", "ebitda": "566000000", "netIncome": "300000000"}, {"fiscalDateEnding": "2019-09-30", "reportedCurrency": "USD", "grossProfit": "1199000000", "totalRevenue": "2667000000", "costOfRevenue": "1468000000", "costofGoodsAndServicesSold": "1468000000", "operatingIncome": "797000000", "sellingGeneralAndAdministrative": "352000000", "researchAndDevelopment": "None", "operatingExpenses": "1870000000", "investmentIncomeNet": "None", "netInterestIncome": "-73000000", "interestIncome": "17000000", "interestExpense": "90000000", "nonInterestIncome": "None", "otherNonOperatingIncome": "None", "depreciation": "None", "depreciationAndAmortization": "50000000", "incomeBeforeTax": "700000000", "incomeTaxExpense": "187000000", "interestAndDebtExpense": "None", "netIncomeFromContinuingOperations": "513000000", "comprehensiveIncomeNetOfTax": "None", "ebit": "790000000", "ebitda": "840000000", "netIncome": "499000000"}, {"fiscalDateEnding": "2019-06-30", "reportedCurrency": "USD", "grossProfit": "1155000000", "totalRevenue": "2513000000", "costOfRevenue": "1358000000", "costofGoodsAndServicesSold": "1358000000", "operatingIncome": "640000000", "sellingGeneralAndAdministrative": "455000000", "researchAndDevelopment": "None", "operatingExpenses": "1873000000", "investmentIncomeNet": "None", "netInterestIncome": "-69000000", "interestIncome": "22000000", "interestExpense": "91000000", "nonInterestIncome": "None", "otherNonOperatingIncome": "None", "depreciation": "None", "depreciationAndAmortization": "60000000", "incomeBeforeTax": "656000000", "incomeTaxExpense": "191000000", "interestAndDebtExpense": "None", "netIncomeFromContinuingOperations": "465000000", "comprehensiveIncomeNetOfTax": "None", "ebit": "747000000", "ebitda": "807000000", "netIncome": "454000000"}, {"fiscalDateEnding": "2019-03-31", "reportedCurrency": "USD", "grossProfit": "1092000000", "totalRevenue": "2752000000", "costOfRevenue": "1660000000", "costofGoodsAndServicesSold": "1660000000", "operatingIncome": "698000000", "sellingGeneralAndAdministrative": "336000000", "researchAndDevelopment": "None", "operatingExpenses": "2054000000", "investmentIncomeNet": "None", "netInterestIncome": "-62000000", "interestIncome": "142000000", "interestExpense": "81000000", "nonInterestIncome": "None", "otherNonOperatingIncome": "None", "depreciation": "None", "depreciationAndAmortization": "58000000", "incomeBeforeTax": "706000000", "incomeTaxExpense": "167000000", "interestAndDebtExpense": "None", "netIncomeFromContinuingOperations": "539000000", "comprehensiveIncomeNetOfTax": "None", "ebit": "787000000", "ebitda": "845000000", "netIncome": "529000000"}, {"fiscalDateEnding": "2018-12-31", "reportedCurrency": "USD", "grossProfit": "765000000", "totalRevenue": "3583000000", "costOfRevenue": "2818000000", "costofGoodsAndServicesSold": "2818000000", "operatingIncome": "385000000", "sellingGeneralAndAdministrative": "329000000", "researchAndDevelopment": "0", "operatingExpenses": "3198000000", "investmentIncomeNet": "None", "netInterestIncome": "None", "interestIncome": "None", "interestExpense": "15000000", "nonInterestIncome": "None", "otherNonOperatingIncome": "None", "depreciation": "None", "depreciationAndAmortization": "51000000", "incomeBeforeTax": "31000000", "incomeTaxExpense": "7000000", "interestAndDebtExpense": "None", "netIncomeFromContinuingOperations": "24000000", "comprehensiveIncomeNetOfTax": "None", "ebit": "31000000", "ebitda": "82000000", "netIncome": "8000000"}, {"fiscalDateEnding": "2018-09-30", "reportedCurrency": "USD", "grossProfit": "1050000000", "totalRevenue": "2541000000", "costOfRevenue": "1491000000", "costofGoodsAndServicesSold": "1491000000", "operatingIncome": "708000000", "sellingGeneralAndAdministrative": "299000000", "researchAndDevelopment": "0", "operatingExpenses": "1833000000", "investmentIncomeNet": "None", "netInterestIncome": "None", "interestIncome": "None", "interestExpense": "16000000", "nonInterestIncome": "None", "otherNonOperatingIncome": "None", "depreciation": "None", "depreciationAndAmortization": "43000000", "incomeBeforeTax": "831000000", "incomeTaxExpense": "216000000", "interestAndDebtExpense": "None", "netIncomeFromContinuingOperations": "615000000", "comprehensiveIncomeNetOfTax": "None", "ebit": "831000000", "ebitda": "874000000", "netIncome": "604000000"}, {"fiscalDateEnding": "2018-06-30", "reportedCurrency": "USD", "grossProfit": "943000000", "totalRevenue": "2394000000", "costOfRevenue": "1451000000", "costofGoodsAndServicesSold": "1451000000", "operatingIncome": "583000000", "sellingGeneralAndAdministrative": "315000000", "researchAndDevelopment": "0", "operatingExpenses": "1811000000", "investmentIncomeNet": "None", "netInterestIncome": "None", "interestIncome": "None", "interestExpense": "23000000", "nonInterestIncome": "None", "otherNonOperatingIncome": "None", "depreciation": "None", "depreciationAndAmortization": "45000000", "incomeBeforeTax": "593000000", "incomeTaxExpense": "113000000", "interestAndDebtExpense": "None", "netIncomeFromContinuingOperations": "3813000000", "comprehensiveIncomeNetOfTax": "None", "ebit": "598000000", "ebitda": "643000000", "netIncome": "471000000"}, {"fiscalDateEnding": "2018-03-31", "reportedCurrency": "USD", "grossProfit": "1019000000", "totalRevenue": "2463000000", "costOfRevenue": "1444000000", "costofGoodsAndServicesSold": "1444000000", "operatingIncome": "651000000", "sellingGeneralAndAdministrative": "325000000", "researchAndDevelopment": "0", "operatingExpenses": "1812000000", "investmentIncomeNet": "None", "netInterestIncome": "None", "interestIncome": "None", "interestExpense": "7000000", "nonInterestIncome": "None", "otherNonOperatingIncome": "None", "depreciation": "None", "depreciationAndAmortization": "43000000", "incomeBeforeTax": "654000000", "incomeTaxExpense": "188000000", "interestAndDebtExpense": "None", "netIncomeFromContinuingOperations": "466000000", "comprehensiveIncomeNetOfTax": "None", "ebit": "662000000", "ebitda": "705000000", "netIncome": "457000000"}, {"fiscalDateEnding": "2017-12-31", "reportedCurrency": "USD", "grossProfit": "762000000", "totalRevenue": "3108000000", "costOfRevenue": "2346000000", "costofGoodsAndServicesSold": "2346000000", "operatingIncome": "361000000", "sellingGeneralAndAdministrative": "359000000", "researchAndDevelopment": "0", "operatingExpenses": "2747000000", "investmentIncomeNet": "None", "netInterestIncome": "None", "interestIncome": "None", "interestExpense": "6000000", "nonInterestIncome": "None", "otherNonOperatingIncome": "None", "depreciation": "None", "depreciationAndAmortization": "42000000", "incomeBeforeTax": "312000000", "incomeTaxExpense": "-570000000", "interestAndDebtExpense": "None", "netIncomeFromContinuingOperations": "882000000", "comprehensiveIncomeNetOfTax": "None", "ebit": "312000000", "ebitda": "354000000", "netIncome": "869000000"}, {"fiscalDateEnding": "2017-09-30", "reportedCurrency": "USD", "grossProfit": "924000000", "totalRevenue": "2188000000", "costOfRevenue": "1264000000", "costofGoodsAndServicesSold": "1264000000", "operatingIncome": "620000000", "sellingGeneralAndAdministrative": "263000000", "researchAndDevelopment": "0", "operatingExpenses": "1568000000", "investmentIncomeNet": "None", "netInterestIncome": "None", "interestIncome": "None", "interestExpense": "7000000", "nonInterestIncome": "None", "otherNonOperatingIncome": "None", "depreciation": "None", "depreciationAndAmortization": "41000000", "incomeBeforeTax": "611000000", "incomeTaxExpense": "211000000", "interestAndDebtExpense": "None", "netIncomeFromContinuingOperations": "400000000", "comprehensiveIncomeNetOfTax": "None", "ebit": "611000000", "ebitda": "652000000", "netIncome": "390000000"}, {"fiscalDateEnding": "2017-06-30", "reportedCurrency": "USD", "grossProfit": "0", "totalRevenue": "7564000000", "costOfRevenue": "0", "costofGoodsAndServicesSold": "0", "operatingIncome": "6437000000", "sellingGeneralAndAdministrative": "2447000000", "researchAndDevelopment": "0", "operatingExpenses": "0", "investmentIncomeNet": "None", "netInterestIncome": "None", "interestIncome": "None", "interestExpense": "1529000000", "nonInterestIncome": "None", "otherNonOperatingIncome": "None", "depreciation": "None", "depreciationAndAmortization": "None", "incomeBeforeTax": "3437000000", "incomeTaxExpense": "-370000000", "interestAndDebtExpense": "None", "netIncomeFromContinuingOperations": "2388000000", "comprehensiveIncomeNetOfTax": "None", "ebit": "-1562000000", "ebitda": "None", "netIncome": "0"}, {"fiscalDateEnding": "2017-03-31", "reportedCurrency": "USD", "grossProfit": "0", "totalRevenue": "118000000", "costOfRevenue": "0", "costofGoodsAndServicesSold": "0", "operatingIncome": "0", "sellingGeneralAndAdministrative": "19000000", "researchAndDevelopment": "0", "operatingExpenses": "0", "investmentIncomeNet": "None", "netInterestIncome": "None", "interestIncome": "None", "interestExpense": "11000000", "nonInterestIncome": "None", "otherNonOperatingIncome": "None", "depreciation": "None", "depreciationAndAmortization": "None", "incomeBeforeTax": "-133000000", "incomeTaxExpense": "-78000000", "interestAndDebtExpense": "None", "netIncomeFromContinuingOperations": "882000000", "comprehensiveIncomeNetOfTax": "None", "ebit": "1562000000", "ebitda": "None", "netIncome": "0"}, {"fiscalDateEnding": "2016-12-31", "reportedCurrency": "USD", "grossProfit": "0", "totalRevenue": "1176000000", "costOfRevenue": "0", "costofGoodsAndServicesSold": "0", "operatingIncome": "0", "sellingGeneralAndAdministrative": "7000000", "researchAndDevelopment": "0", "operatingExpenses": "0", "investmentIncomeNet": "None", "netInterestIncome": "None", "interestIncome": "None", "interestExpense": "1000000", "nonInterestIncome": "None", "otherNonOperatingIncome": "None", "depreciation": "None", "depreciationAndAmortization": "None", "incomeBeforeTax": "148000000", "incomeTaxExpense": "105000000", "interestAndDebtExpense": "None", "netIncomeFromContinuingOperations": "0", "comprehensiveIncomeNetOfTax": "None", "ebit": "0", "ebitda": "None", "netIncome": "0"}, {"fiscalDateEnding": "2016-09-30", "reportedCurrency": "USD", "grossProfit": "0", "totalRevenue": "6506000000", "costOfRevenue": "0", "costofGoodsAndServicesSold": "0", "operatingIncome": "0", "sellingGeneralAndAdministrative": "866000000", "researchAndDevelopment": "0", "operatingExpenses": "0", "investmentIncomeNet": "None", "netInterestIncome": "None", "interestIncome": "None", "interestExpense": "300000000", "nonInterestIncome": "None", "otherNonOperatingIncome": "None", "depreciation": "None", "depreciationAndAmortization": "None", "incomeBeforeTax": "1237000000", "incomeTaxExpense": "343000000", "interestAndDebtExpense": "None", "netIncomeFromContinuingOperations": "0", "comprehensiveIncomeNetOfTax": "None", "ebit": "0", "ebitda": "None", "netIncome": "0"}, {"fiscalDateEnding": "2016-06-30", "reportedCurrency": "USD", "grossProfit": "0", "totalRevenue": "147000000", "costOfRevenue": "0", "costofGoodsAndServicesSold": "0", "operatingIncome": "5867000000", "sellingGeneralAndAdministrative": "3428000000", "researchAndDevelopment": "0", "operatingExpenses": "0", "investmentIncomeNet": "None", "netInterestIncome": "None", "interestIncome": "None", "interestExpense": "1181000000", "nonInterestIncome": "None", "otherNonOperatingIncome": "None", "depreciation": "None", "depreciationAndAmortization": "None", "incomeBeforeTax": "3927000000", "incomeTaxExpense": "-49000000", "interestAndDebtExpense": "None", "netIncomeFromContinuingOperations": "3024000000", "comprehensiveIncomeNetOfTax": "None", "ebit": "0", "ebitda": "None", "netIncome": "0"}, {"fiscalDateEnding": "2016-03-31", "reportedCurrency": "USD", "grossProfit": "0", "totalRevenue": "1445000000", "costOfRevenue": "0", "costofGoodsAndServicesSold": "0", "operatingIncome": "0", "sellingGeneralAndAdministrative": "24000000", "researchAndDevelopment": "0", "operatingExpenses": "0", "investmentIncomeNet": "None", "netInterestIncome": "None", "interestIncome": "None", "interestExpense": "6000000", "nonInterestIncome": "None", "otherNonOperatingIncome": "None", "depreciation": "None", "depreciationAndAmortization": "None", "incomeBeforeTax": "116000000", "incomeTaxExpense": "-52000000", "interestAndDebtExpense": "None", "netIncomeFromContinuingOperations": "0", "comprehensiveIncomeNetOfTax": "None", "ebit": "0", "ebitda": "None", "netIncome": "0"}, {"fiscalDateEnding": "2015-12-31", "reportedCurrency": "USD", "grossProfit": "0", "totalRevenue": "4779000000", "costOfRevenue": "0", "costofGoodsAndServicesSold": "0", "operatingIncome": "0", "sellingGeneralAndAdministrative": "875000000", "researchAndDevelopment": "0", "operatingExpenses": "0", "investmentIncomeNet": "None", "netInterestIncome": "None", "interestIncome": "None", "interestExpense": "292000000", "nonInterestIncome": "None", "otherNonOperatingIncome": "None", "depreciation": "None", "depreciationAndAmortization": "None", "incomeBeforeTax": "-942000000", "incomeTaxExpense": "-212000000", "interestAndDebtExpense": "None", "netIncomeFromContinuingOperations": "0", "comprehensiveIncomeNetOfTax": "None", "ebit": "0", "ebitda": "None", "netIncome": "0"}, {"fiscalDateEnding": "2015-09-30", "reportedCurrency": "USD", "grossProfit": "0", "totalRevenue": "6077000000", "costOfRevenue": "0", "costofGoodsAndServicesSold": "0", "operatingIncome": "0", "sellingGeneralAndAdministrative": "889000000", "researchAndDevelopment": "0", "operatingExpenses": "0", "investmentIncomeNet": "None", "netInterestIncome": "None", "interestIncome": "None", "interestExpense": "295000000", "nonInterestIncome": "None", "otherNonOperatingIncome": "None", "depreciation": "None", "depreciationAndAmortization": "None", "incomeBeforeTax": "1053000000", "incomeTaxExpense": "313000000", "interestAndDebtExpense": "None", "netIncomeFromContinuingOperations": "0", "comprehensiveIncomeNetOfTax": "None", "ebit": "0", "ebitda": "None", "netIncome": "0"}, {"fiscalDateEnding": "2015-06-30", "reportedCurrency": "USD", "grossProfit": "10426000000", "totalRevenue": "30202000000", "costOfRevenue": "18561000000", "costofGoodsAndServicesSold": "18561000000", "operatingIncome": "5906000000", "sellingGeneralAndAdministrative": "3949000000", "researchAndDevelopment": "0", "operatingExpenses": "23081000000", "investmentIncomeNet": "None", "netInterestIncome": "None", "interestIncome": "None", "interestExpense": "1180000000", "nonInterestIncome": "None", "otherNonOperatingIncome": "None", "depreciation": "None", "depreciationAndAmortization": "None", "incomeBeforeTax": "14821000000", "incomeTaxExpense": "974000000", "interestAndDebtExpense": "None", "netIncomeFromContinuingOperations": "8604000000", "comprehensiveIncomeNetOfTax": "None", "ebit": "5906000000", "ebitda": "None", "netIncome": "8306000000"}, {"fiscalDateEnding": "2015-03-31", "reportedCurrency": "USD", "grossProfit": "0", "totalRevenue": "1383000000", "costOfRevenue": "0", "costofGoodsAndServicesSold": "0", "operatingIncome": "0", "sellingGeneralAndAdministrative": "74000000", "researchAndDevelopment": "0", "operatingExpenses": "0", "investmentIncomeNet": "None", "netInterestIncome": "None", "interestIncome": "None", "interestExpense": "23000000", "nonInterestIncome": "None", "otherNonOperatingIncome": "None", "depreciation": "None", "depreciationAndAmortization": "None", "incomeBeforeTax": "-9860000000", "incomeTaxExpense": "583000000", "interestAndDebtExpense": "None", "netIncomeFromContinuingOperations": "0", "comprehensiveIncomeNetOfTax": "None", "ebit": "0", "ebitda": "None", "netIncome": "0"}, {"fiscalDateEnding": "2014-12-31", "reportedCurrency": "USD", "grossProfit": "0", "totalRevenue": "7719000000", "costOfRevenue": "0", "costofGoodsAndServicesSold": "0", "operatingIncome": "0", "sellingGeneralAndAdministrative": "1170000000", "researchAndDevelopment": "0", "operatingExpenses": "0", "investmentIncomeNet": "None", "netInterestIncome": "None", "interestIncome": "None", "interestExpense": "300000000", "nonInterestIncome": "None", "otherNonOperatingIncome": "None", "depreciation": "None", "depreciationAndAmortization": "None", "incomeBeforeTax": "3283000000", "incomeTaxExpense": "-817000000", "interestAndDebtExpense": "None", "netIncomeFromContinuingOperations": "0", "comprehensiveIncomeNetOfTax": "None", "ebit": "0", "ebitda": "None", "netIncome": "0"}, {"fiscalDateEnding": "2014-09-30", "reportedCurrency": "USD", "grossProfit": "0", "totalRevenue": "7887000000", "costOfRevenue": "0", "costofGoodsAndServicesSold": "0", "operatingIncome": "0", "sellingGeneralAndAdministrative": "1079000000", "researchAndDevelopment": "0", "operatingExpenses": "0", "investmentIncomeNet": "None", "netInterestIncome": "None", "interestIncome": "None", "interestExpense": "305000000", "nonInterestIncome": "None", "otherNonOperatingIncome": "None", "depreciation": "None", "depreciationAndAmortization": "None", "incomeBeforeTax": "1603000000", "incomeTaxExpense": "503000000", "interestAndDebtExpense": "None", "netIncomeFromContinuingOperations": "0", "comprehensiveIncomeNetOfTax": "None", "ebit": "0", "ebitda": "None", "netIncome": "0"}, {"fiscalDateEnding": "2014-06-30", "reportedCurrency": "USD", "grossProfit": "0", "totalRevenue": "31811000000", "costOfRevenue": "0", "costofGoodsAndServicesSold": "0", "operatingIncome": "0", "sellingGeneralAndAdministrative": "4237000000", "researchAndDevelopment": "0", "operatingExpenses": "26379000000", "investmentIncomeNet": "None", "netInterestIncome": "None", "interestIncome": "None", "interestExpense": "1111000000", "nonInterestIncome": "None", "otherNonOperatingIncome": "None", "depreciation": "None", "depreciationAndAmortization": "None", "incomeBeforeTax": "5189000000", "incomeTaxExpense": "1363000000", "interestAndDebtExpense": "None", "netIncomeFromContinuingOperations": "3917000000", "comprehensiveIncomeNetOfTax": "None", "ebit": "5488000000", "ebitda": "None", "netIncome": "154000000"}, {"fiscalDateEnding": "2014-03-31", "reportedCurrency": "USD", "grossProfit": "0", "totalRevenue": "8107000000", "costOfRevenue": "0", "costofGoodsAndServicesSold": "0", "operatingIncome": "0", "sellingGeneralAndAdministrative": "1194000000", "researchAndDevelopment": "0", "operatingExpenses": "0", "investmentIncomeNet": "None", "netInterestIncome": "None", "interestIncome": "None", "interestExpense": "264000000", "nonInterestIncome": "None", "otherNonOperatingIncome": "None", "depreciation": "None", "depreciationAndAmortization": "None", "incomeBeforeTax": "-1358000000", "incomeTaxExpense": "-451000000", "interestAndDebtExpense": "None", "netIncomeFromContinuingOperations": "0", "comprehensiveIncomeNetOfTax": "None", "ebit": "0", "ebitda": "None", "netIncome": "-1361000000"}, {"fiscalDateEnding": "2013-12-31", "reportedCurrency": "USD", "grossProfit": "0", "totalRevenue": "8163000000", "costOfRevenue": "0", "costofGoodsAndServicesSold": "0", "operatingIncome": "0", "sellingGeneralAndAdministrative": "1086000000", "researchAndDevelopment": "0", "operatingExpenses": "0", "investmentIncomeNet": "None", "netInterestIncome": "None", "interestIncome": "None", "interestExpense": "274000000", "nonInterestIncome": "None", "otherNonOperatingIncome": "None", "depreciation": "None", "depreciationAndAmortization": "None", "incomeBeforeTax": "1358000000", "incomeTaxExpense": "360000000", "interestAndDebtExpense": "None", "netIncomeFromContinuingOperations": "0", "comprehensiveIncomeNetOfTax": "None", "ebit": "0", "ebitda": "None", "netIncome": "1207000000"}, {"fiscalDateEnding": "2011-06-30", "reportedCurrency": "USD", "grossProfit": "0", "totalRevenue": "8256000000", "costOfRevenue": "0", "costofGoodsAndServicesSold": "0", "operatingIncome": "0", "sellingGeneralAndAdministrative": "1588000000", "researchAndDevelopment": "0", "operatingExpenses": "0", "investmentIncomeNet": "None", "netInterestIncome": "None", "interestIncome": "None", "interestExpense": "244000000", "nonInterestIncome": "None", "otherNonOperatingIncome": "None", "depreciation": "None", "depreciationAndAmortization": "None", "incomeBeforeTax": "0", "incomeTaxExpense": "-257000000", "interestAndDebtExpense": "None", "netIncomeFromContinuingOperations": "0", "comprehensiveIncomeNetOfTax": "None", "ebit": "0", "ebitda": "None", "netIncome": "-639000000"}, {"fiscalDateEnding": "2011-03-31", "reportedCurrency": "USD", "grossProfit": "0", "totalRevenue": "8256000000", "costOfRevenue": "0", "costofGoodsAndServicesSold": "0", "operatingIncome": "0", "sellingGeneralAndAdministrative": "1588000000", "researchAndDevelopment": "0", "operatingExpenses": "0", "investmentIncomeNet": "None", "netInterestIncome": "None", "interestIncome": "None", "interestExpense": "244000000", "nonInterestIncome": "None", "otherNonOperatingIncome": "None", "depreciation": "None", "depreciationAndAmortization": "None", "incomeBeforeTax": "0", "incomeTaxExpense": "257000000", "interestAndDebtExpense": "None", "netIncomeFromContinuingOperations": "0", "comprehensiveIncomeNetOfTax": "None", "ebit": "0", "ebitda": "None", "netIncome": "639000000"}, {"fiscalDateEnding": "2010-03-31", "reportedCurrency": "USD", "grossProfit": "0", "totalRevenue": "8785000000", "costOfRevenue": "0", "costofGoodsAndServicesSold": "0", "operatingIncome": "0", "sellingGeneralAndAdministrative": "1461000000", "researchAndDevelopment": "0", "operatingExpenses": "None", "investmentIncomeNet": "None", "netInterestIncome": "None", "interestIncome": "None", "interestExpense": "247000000", "nonInterestIncome": "None", "otherNonOperatingIncome": "None", "depreciation": "None", "depreciationAndAmortization": "None", "incomeBeforeTax": "0", "incomeTaxExpense": "295000000", "interestAndDebtExpense": "None", "netIncomeFromContinuingOperations": "None", "comprehensiveIncomeNetOfTax": "None", "ebit": "None", "ebitda": "None", "netIncome": "839000000"}, {"fiscalDateEnding": "2009-12-31", "reportedCurrency": "USD", "grossProfit": "0", "totalRevenue": "15883000000", "costOfRevenue": "0", "costofGoodsAndServicesSold": "0", "operatingIncome": "0", "sellingGeneralAndAdministrative": "3478000000", "researchAndDevelopment": "0", "operatingExpenses": "None", "investmentIncomeNet": "None", "netInterestIncome": "None", "interestIncome": "None", "interestExpense": "514000000", "nonInterestIncome": "None", "otherNonOperatingIncome": "None", "depreciation": "None", "depreciationAndAmortization": "None", "incomeBeforeTax": "0", "incomeTaxExpense": "382000000", "interestAndDebtExpense": "None", "netIncomeFromContinuingOperations": "None", "comprehensiveIncomeNetOfTax": "None", "ebit": "None", "ebitda": "None", "netIncome": "825000000"}, {"fiscalDateEnding": "2009-09-30", "reportedCurrency": "USD", "grossProfit": "0", "totalRevenue": "7199000000", "costOfRevenue": "0", "costofGoodsAndServicesSold": "0", "operatingIncome": "1042000000", "sellingGeneralAndAdministrative": "1435000000", "researchAndDevelopment": "0", "operatingExpenses": "None", "investmentIncomeNet": "None", "netInterestIncome": "None", "interestIncome": "None", "interestExpense": "245000000", "nonInterestIncome": "None", "otherNonOperatingIncome": "None", "depreciation": "None", "depreciationAndAmortization": "None", "incomeBeforeTax": "0", "incomeTaxExpense": "245000000", "interestAndDebtExpense": "None", "netIncomeFromContinuingOperations": "None", "comprehensiveIncomeNetOfTax": "None", "ebit": "None", "ebitda": "None", "netIncome": "571000000"}]}