{"symbol": "ISRG", "annualReports": [{"fiscalDateEnding": "2024-12-31", "reportedCurrency": "USD", "grossProfit": "5634200000", "totalRevenue": "8352100000", "costOfRevenue": "2717900000", "costofGoodsAndServicesSold": "2717900000", "operatingIncome": "2348900000", "sellingGeneralAndAdministrative": "2140000000", "researchAndDevelopment": "1145300000", "operatingExpenses": "3285300000", "investmentIncomeNet": "None", "netInterestIncome": "324900000", "interestIncome": "324900000", "interestExpense": "None", "nonInterestIncome": "None", "otherNonOperatingIncome": "None", "depreciation": "None", "depreciationAndAmortization": "324900000", "incomeBeforeTax": "2673800000", "incomeTaxExpense": "336300000", "interestAndDebtExpense": "None", "netIncomeFromContinuingOperations": "2337500000", "comprehensiveIncomeNetOfTax": "None", "ebit": "2348900000", "ebitda": "2673800000", "netIncome": "2322600000"}, {"fiscalDateEnding": "2023-12-31", "reportedCurrency": "USD", "grossProfit": "4729500000", "totalRevenue": "7124100000", "costOfRevenue": "2394600000", "costofGoodsAndServicesSold": "2394600000", "operatingIncome": "1766800000", "sellingGeneralAndAdministrative": "1963900000", "researchAndDevelopment": "998800000", "operatingExpenses": "2962700000", "investmentIncomeNet": "None", "netInterestIncome": "192100000", "interestIncome": "192100000", "interestExpense": "None", "nonInterestIncome": "None", "otherNonOperatingIncome": "None", "depreciation": "None", "depreciationAndAmortization": "421800000", "incomeBeforeTax": "1958900000", "incomeTaxExpense": "141600000", "interestAndDebtExpense": "None", "netIncomeFromContinuingOperations": "1817300000", "comprehensiveIncomeNetOfTax": "None", "ebit": "1747200000", "ebitda": "2169000000", "netIncome": "1798000000"}, {"fiscalDateEnding": "2022-12-31", "reportedCurrency": "USD", "grossProfit": "4196000000", "totalRevenue": "6222200000", "costOfRevenue": "2026200000", "costofGoodsAndServicesSold": "2026200000", "operatingIncome": "1211300000", "sellingGeneralAndAdministrative": "1739900000", "researchAndDevelopment": "879000000", "operatingExpenses": "2618900000", "investmentIncomeNet": "None", "netInterestIncome": "29700000", "interestIncome": "29700000", "interestExpense": "29700000", "nonInterestIncome": "None", "otherNonOperatingIncome": "29700000", "depreciation": "None", "depreciationAndAmortization": "380400000", "incomeBeforeTax": "1606800000", "incomeTaxExpense": "262400000", "interestAndDebtExpense": "None", "netIncomeFromContinuingOperations": "1344400000", "comprehensiveIncomeNetOfTax": "None", "ebit": "1562500000", "ebitda": "1942900000", "netIncome": "1322300000"}, {"fiscalDateEnding": "2021-12-31", "reportedCurrency": "USD", "grossProfit": "3958500000", "totalRevenue": "5710100000", "costOfRevenue": "1751600000", "costofGoodsAndServicesSold": "1751600000", "operatingIncome": "1821000000", "sellingGeneralAndAdministrative": "1466500000", "researchAndDevelopment": "671000000", "operatingExpenses": "2137500000", "investmentIncomeNet": "None", "netInterestIncome": "69300000", "interestIncome": "69300000", "interestExpense": "356000000", "nonInterestIncome": "None", "otherNonOperatingIncome": "69300000", "depreciation": "None", "depreciationAndAmortization": "310200000", "incomeBeforeTax": "1890300000", "incomeTaxExpense": "162200000", "interestAndDebtExpense": "None", "netIncomeFromContinuingOperations": "1728100000", "comprehensiveIncomeNetOfTax": "None", "ebit": "1821000000", "ebitda": "2131200000", "netIncome": "1704600000"}, {"fiscalDateEnding": "2020-12-31", "reportedCurrency": "USD", "grossProfit": "2861200000", "totalRevenue": "4358400000", "costOfRevenue": "1497200000", "costofGoodsAndServicesSold": "1497200000", "operatingIncome": "773600000", "sellingGeneralAndAdministrative": "1216000000", "researchAndDevelopment": "595100000", "operatingExpenses": "1811400000", "investmentIncomeNet": "None", "netInterestIncome": "157200000", "interestIncome": "157200000", "interestExpense": "427200000", "nonInterestIncome": "None", "otherNonOperatingIncome": "157200000", "depreciation": "None", "depreciationAndAmortization": "282500000", "incomeBeforeTax": "1207000000", "incomeTaxExpense": "140200000", "interestAndDebtExpense": "None", "netIncomeFromContinuingOperations": "1066800000", "comprehensiveIncomeNetOfTax": "None", "ebit": "1043500000", "ebitda": "1326000000", "netIncome": "1060600000"}, {"fiscalDateEnding": "2019-12-31", "reportedCurrency": "USD", "grossProfit": "3110200000", "totalRevenue": "4478500000", "costOfRevenue": "1368300000", "costofGoodsAndServicesSold": "1368300000", "operatingIncome": "1374500000", "sellingGeneralAndAdministrative": "1178400000", "researchAndDevelopment": "557300000", "operatingExpenses": "1735700000", "investmentIncomeNet": "None", "netInterestIncome": "127700000", "interestIncome": "127700000", "interestExpense": "328200000", "nonInterestIncome": "None", "otherNonOperatingIncome": "127700000", "depreciation": "None", "depreciationAndAmortization": "203000000", "incomeBeforeTax": "1502200000", "incomeTaxExpense": "120400000", "interestAndDebtExpense": "None", "netIncomeFromContinuingOperations": "1381800000", "comprehensiveIncomeNetOfTax": "None", "ebit": "1374500000", "ebitda": "1577500000", "netIncome": "1379300000"}, {"fiscalDateEnding": "2018-12-31", "reportedCurrency": "USD", "grossProfit": "2604100000", "totalRevenue": "3724200000", "costOfRevenue": "1120100000", "costofGoodsAndServicesSold": "1120100000", "operatingIncome": "1199400000", "sellingGeneralAndAdministrative": "986600000", "researchAndDevelopment": "418100000", "operatingExpenses": "1404700000", "investmentIncomeNet": "None", "netInterestIncome": "80100000", "interestIncome": "80100000", "interestExpense": "0", "nonInterestIncome": "None", "otherNonOperatingIncome": "80100000", "depreciation": "None", "depreciationAndAmortization": "122800000", "incomeBeforeTax": "1279500000", "incomeTaxExpense": "154500000", "interestAndDebtExpense": "None", "netIncomeFromContinuingOperations": "1125000000", "comprehensiveIncomeNetOfTax": "None", "ebit": "1199400000", "ebitda": "1322200000", "netIncome": "1127900000"}, {"fiscalDateEnding": "2017-12-31", "reportedCurrency": "USD", "grossProfit": "2194100000", "totalRevenue": "3128900000", "costOfRevenue": "934800000", "costofGoodsAndServicesSold": "934800000", "operatingIncome": "1054600000", "sellingGeneralAndAdministrative": "810900000", "researchAndDevelopment": "328600000", "operatingExpenses": "1139500000", "investmentIncomeNet": "None", "netInterestIncome": "41900000", "interestIncome": "41900000", "interestExpense": "0", "nonInterestIncome": "None", "otherNonOperatingIncome": "41900000", "depreciation": "None", "depreciationAndAmortization": "99100000", "incomeBeforeTax": "1096500000", "incomeTaxExpense": "436500000", "interestAndDebtExpense": "None", "netIncomeFromContinuingOperations": "660000000", "comprehensiveIncomeNetOfTax": "None", "ebit": "1054600000", "ebitda": "1153700000", "netIncome": "660000000"}, {"fiscalDateEnding": "2016-12-31", "reportedCurrency": "USD", "grossProfit": "1890100000", "totalRevenue": "2704400000", "costOfRevenue": "814300000", "costofGoodsAndServicesSold": "814300000", "operatingIncome": "945200000", "sellingGeneralAndAdministrative": "705300000", "researchAndDevelopment": "239600000", "operatingExpenses": "944900000", "investmentIncomeNet": "None", "netInterestIncome": "35600000", "interestIncome": "35600000", "interestExpense": "0", "nonInterestIncome": "None", "otherNonOperatingIncome": "35600000", "depreciation": "None", "depreciationAndAmortization": "92100000", "incomeBeforeTax": "980800000", "incomeTaxExpense": "244900000", "interestAndDebtExpense": "None", "netIncomeFromContinuingOperations": "735900000", "comprehensiveIncomeNetOfTax": "None", "ebit": "945200000", "ebitda": "1037300000", "netIncome": "735900000"}, {"fiscalDateEnding": "2015-12-31", "reportedCurrency": "USD", "grossProfit": "1577900000", "totalRevenue": "2384400000", "costOfRevenue": "806500000", "costofGoodsAndServicesSold": "806500000", "operatingIncome": "740000000", "sellingGeneralAndAdministrative": "640500000", "researchAndDevelopment": "197400000", "operatingExpenses": "837900000", "investmentIncomeNet": "None", "netInterestIncome": "None", "interestIncome": "18500000", "interestExpense": "0", "nonInterestIncome": "None", "otherNonOperatingIncome": "18500000", "depreciation": "None", "depreciationAndAmortization": "89500000", "incomeBeforeTax": "758500000", "incomeTaxExpense": "169700000", "interestAndDebtExpense": "None", "netIncomeFromContinuingOperations": "588800000", "comprehensiveIncomeNetOfTax": "None", "ebit": "740000000", "ebitda": "829500000", "netIncome": "588800000"}, {"fiscalDateEnding": "2014-12-31", "reportedCurrency": "USD", "grossProfit": "1413800000", "totalRevenue": "2131700000", "costOfRevenue": "717900000", "costofGoodsAndServicesSold": "717900000", "operatingIncome": "544800000", "sellingGeneralAndAdministrative": "691000000", "researchAndDevelopment": "178000000", "operatingExpenses": "869000000", "investmentIncomeNet": "None", "netInterestIncome": "None", "interestIncome": "None", "interestExpense": "0", "nonInterestIncome": "None", "otherNonOperatingIncome": "4200000", "depreciation": "None", "depreciationAndAmortization": "74400000", "incomeBeforeTax": "549000000", "incomeTaxExpense": "130200000", "interestAndDebtExpense": "None", "netIncomeFromContinuingOperations": "418800000", "comprehensiveIncomeNetOfTax": "None", "ebit": "544800000", "ebitda": "619200000", "netIncome": "418800000"}, {"fiscalDateEnding": "2013-12-31", "reportedCurrency": "USD", "grossProfit": "1594200000", "totalRevenue": "2265100000", "costOfRevenue": "670900000", "costofGoodsAndServicesSold": "670900000", "operatingIncome": "852500000", "sellingGeneralAndAdministrative": "574000000", "researchAndDevelopment": "167700000", "operatingExpenses": "741700000", "investmentIncomeNet": "None", "netInterestIncome": "None", "interestIncome": "None", "interestExpense": "0", "nonInterestIncome": "None", "otherNonOperatingIncome": "18400000", "depreciation": "None", "depreciationAndAmortization": "67300000", "incomeBeforeTax": "870900000", "incomeTaxExpense": "199900000", "interestAndDebtExpense": "None", "netIncomeFromContinuingOperations": "671000000", "comprehensiveIncomeNetOfTax": "None", "ebit": "852500000", "ebitda": "919800000", "netIncome": "671000000"}, {"fiscalDateEnding": "2012-12-31", "reportedCurrency": "USD", "grossProfit": "1570300000", "totalRevenue": "2178800000", "costOfRevenue": "608500000", "costofGoodsAndServicesSold": "608500000", "operatingIncome": "878100000", "sellingGeneralAndAdministrative": "522200000", "researchAndDevelopment": "170000000", "operatingExpenses": "692200000", "investmentIncomeNet": "None", "netInterestIncome": "None", "interestIncome": "None", "interestExpense": "15800000", "nonInterestIncome": "None", "otherNonOperatingIncome": "15800000", "depreciation": "None", "depreciationAndAmortization": "57800000", "incomeBeforeTax": "893900000", "incomeTaxExpense": "237300000", "interestAndDebtExpense": "None", "netIncomeFromContinuingOperations": "656600000", "comprehensiveIncomeNetOfTax": "None", "ebit": "878100000", "ebitda": "935900000", "netIncome": "656600000"}, {"fiscalDateEnding": "2011-12-31", "reportedCurrency": "USD", "grossProfit": "1273800000", "totalRevenue": "1757300000", "costOfRevenue": "483500000", "costofGoodsAndServicesSold": "483500000", "operatingIncome": "694800000", "sellingGeneralAndAdministrative": "438800000", "researchAndDevelopment": "140200000", "operatingExpenses": "579000000", "investmentIncomeNet": "None", "netInterestIncome": "None", "interestIncome": "None", "interestExpense": "0", "nonInterestIncome": "None", "otherNonOperatingIncome": "14900000", "depreciation": "None", "depreciationAndAmortization": "46500000", "incomeBeforeTax": "709700000", "incomeTaxExpense": "214600000", "interestAndDebtExpense": "None", "netIncomeFromContinuingOperations": "495100000", "comprehensiveIncomeNetOfTax": "None", "ebit": "694800000", "ebitda": "741300000", "netIncome": "495100000"}, {"fiscalDateEnding": "2010-12-31", "reportedCurrency": "USD", "grossProfit": "1030000000", "totalRevenue": "1413000000", "costOfRevenue": "383000000", "costofGoodsAndServicesSold": "383000000", "operatingIncome": "555200000", "sellingGeneralAndAdministrative": "358800000", "researchAndDevelopment": "116000000", "operatingExpenses": "474800000", "investmentIncomeNet": "None", "netInterestIncome": "None", "interestIncome": "None", "interestExpense": "0", "nonInterestIncome": "None", "otherNonOperatingIncome": "17100000", "depreciation": "None", "depreciationAndAmortization": "40400000", "incomeBeforeTax": "572300000", "incomeTaxExpense": "190500000", "interestAndDebtExpense": "None", "netIncomeFromContinuingOperations": "381800000", "comprehensiveIncomeNetOfTax": "None", "ebit": "555200000", "ebitda": "595600000", "netIncome": "381800000"}, {"fiscalDateEnding": "2009-12-31", "reportedCurrency": "USD", "grossProfit": "751052000", "totalRevenue": "1052168000", "costOfRevenue": "301116000", "costofGoodsAndServicesSold": "301116000", "operatingIncome": "377439000", "sellingGeneralAndAdministrative": "278511000", "researchAndDevelopment": "95102000", "operatingExpenses": "373613000", "investmentIncomeNet": "None", "netInterestIncome": "None", "interestIncome": "None", "interestExpense": "0", "nonInterestIncome": "None", "otherNonOperatingIncome": "18672000", "depreciation": "None", "depreciationAndAmortization": "34577000", "incomeBeforeTax": "396111000", "incomeTaxExpense": "163505000", "interestAndDebtExpense": "None", "netIncomeFromContinuingOperations": "232606000", "comprehensiveIncomeNetOfTax": "None", "ebit": "377439000", "ebitda": "412016000", "netIncome": "232606000"}, {"fiscalDateEnding": "2008-12-31", "reportedCurrency": "USD", "grossProfit": "620777000", "totalRevenue": "874919000", "costOfRevenue": "254142000", "costofGoodsAndServicesSold": "254142000", "operatingIncome": "310835000", "sellingGeneralAndAdministrative": "230570000", "researchAndDevelopment": "79372000", "operatingExpenses": "309942000", "investmentIncomeNet": "None", "netInterestIncome": "None", "interestIncome": "None", "interestExpense": "0", "nonInterestIncome": "None", "otherNonOperatingIncome": "None", "depreciation": "None", "depreciationAndAmortization": "25084000", "incomeBeforeTax": "335203000", "incomeTaxExpense": "130888000", "interestAndDebtExpense": "None", "netIncomeFromContinuingOperations": "None", "comprehensiveIncomeNetOfTax": "None", "ebit": "310835000", "ebitda": "335919000", "netIncome": "204315000"}, {"fiscalDateEnding": "2007-12-31", "reportedCurrency": "USD", "grossProfit": "414286000", "totalRevenue": "600828000", "costOfRevenue": "186542000", "costofGoodsAndServicesSold": "186542000", "operatingIncome": "206742000", "sellingGeneralAndAdministrative": "158685000", "researchAndDevelopment": "48859000", "operatingExpenses": "207544000", "investmentIncomeNet": "None", "netInterestIncome": "None", "interestIncome": "None", "interestExpense": "0", "nonInterestIncome": "None", "otherNonOperatingIncome": "None", "depreciation": "None", "depreciationAndAmortization": "13027000", "incomeBeforeTax": "237234000", "incomeTaxExpense": "92697000", "interestAndDebtExpense": "None", "netIncomeFromContinuingOperations": "None", "comprehensiveIncomeNetOfTax": "None", "ebit": "206742000", "ebitda": "219769000", "netIncome": "144537000"}, {"fiscalDateEnding": "2006-12-31", "reportedCurrency": "USD", "grossProfit": "247836000", "totalRevenue": "372682000", "costOfRevenue": "124846000", "costofGoodsAndServicesSold": "124846000", "operatingIncome": "107355000", "sellingGeneralAndAdministrative": "110703000", "researchAndDevelopment": "29778000", "operatingExpenses": "140481000", "investmentIncomeNet": "None", "netInterestIncome": "None", "interestIncome": "None", "interestExpense": "0", "nonInterestIncome": "None", "otherNonOperatingIncome": "None", "depreciation": "None", "depreciationAndAmortization": "35269000", "incomeBeforeTax": "120138000", "incomeTaxExpense": "48094000", "interestAndDebtExpense": "None", "netIncomeFromContinuingOperations": "None", "comprehensiveIncomeNetOfTax": "None", "ebit": "107355000", "ebitda": "142624000", "netIncome": "72044000"}, {"fiscalDateEnding": "2005-12-31", "reportedCurrency": "USD", "grossProfit": "153569000", "totalRevenue": "227338000", "costOfRevenue": "73769000", "costofGoodsAndServicesSold": "73769000", "operatingIncome": "68772000", "sellingGeneralAndAdministrative": "67443000", "researchAndDevelopment": "17354000", "operatingExpenses": "84797000", "investmentIncomeNet": "None", "netInterestIncome": "None", "interestIncome": "None", "interestExpense": "17000", "nonInterestIncome": "None", "otherNonOperatingIncome": "None", "depreciation": "None", "depreciationAndAmortization": "6727000", "incomeBeforeTax": "73807000", "incomeTaxExpense": "-20327000", "interestAndDebtExpense": "None", "netIncomeFromContinuingOperations": "None", "comprehensiveIncomeNetOfTax": "None", "ebit": "68772000", "ebitda": "75499000", "netIncome": "94134000"}], "quarterlyReports": [{"fiscalDateEnding": "2024-12-31", "reportedCurrency": "USD", "grossProfit": "1642200000", "totalRevenue": "2413500000", "costOfRevenue": "771300000", "costofGoodsAndServicesSold": "771300000", "operatingIncome": "734900000", "sellingGeneralAndAdministrative": "612600000", "researchAndDevelopment": "294700000", "operatingExpenses": "907300000", "investmentIncomeNet": "None", "netInterestIncome": "74900000", "interestIncome": "None", "interestExpense": "None", "nonInterestIncome": "None", "otherNonOperatingIncome": "None", "depreciation": "None", "depreciationAndAmortization": "74900000", "incomeBeforeTax": "809800000", "incomeTaxExpense": "121800000", "interestAndDebtExpense": "None", "netIncomeFromContinuingOperations": "688000000", "comprehensiveIncomeNetOfTax": "None", "ebit": "734900000", "ebitda": "809800000", "netIncome": "685700000"}, {"fiscalDateEnding": "2024-09-30", "reportedCurrency": "USD", "grossProfit": "1373900000", "totalRevenue": "2038100000", "costOfRevenue": "664200000", "costofGoodsAndServicesSold": "664200000", "operatingIncome": "577300000", "sellingGeneralAndAdministrative": "510600000", "researchAndDevelopment": "286000000", "operatingExpenses": "796600000", "investmentIncomeNet": "None", "netInterestIncome": "93700000", "interestIncome": "None", "interestExpense": "None", "nonInterestIncome": "None", "otherNonOperatingIncome": "None", "depreciation": "None", "depreciationAndAmortization": "116200000", "incomeBeforeTax": "671000000", "incomeTaxExpense": "100400000", "interestAndDebtExpense": "None", "netIncomeFromContinuingOperations": "570600000", "comprehensiveIncomeNetOfTax": "None", "ebit": "577300000", "ebitda": "693500000", "netIncome": "565100000"}, {"fiscalDateEnding": "2024-06-30", "reportedCurrency": "USD", "grossProfit": "1372700000", "totalRevenue": "2009900000", "costOfRevenue": "637200000", "costofGoodsAndServicesSold": "637200000", "operatingIncome": "567300000", "sellingGeneralAndAdministrative": "525300000", "researchAndDevelopment": "280100000", "operatingExpenses": "805400000", "investmentIncomeNet": "None", "netInterestIncome": "87200000", "interestIncome": "87200000", "interestExpense": "None", "nonInterestIncome": "None", "otherNonOperatingIncome": "None", "depreciation": "None", "depreciationAndAmortization": "111800000", "incomeBeforeTax": "654500000", "incomeTaxExpense": "123000000", "interestAndDebtExpense": "None", "netIncomeFromContinuingOperations": "531500000", "comprehensiveIncomeNetOfTax": "None", "ebit": "567300000", "ebitda": "679100000", "netIncome": "526900000"}, {"fiscalDateEnding": "2024-03-31", "reportedCurrency": "USD", "grossProfit": "1245400000", "totalRevenue": "1890600000", "costOfRevenue": "645200000", "costofGoodsAndServicesSold": "645200000", "operatingIncome": "469400000", "sellingGeneralAndAdministrative": "491500000", "researchAndDevelopment": "284500000", "operatingExpenses": "776000000", "investmentIncomeNet": "None", "netInterestIncome": "69100000", "interestIncome": "None", "interestExpense": "None", "nonInterestIncome": "None", "otherNonOperatingIncome": "None", "depreciation": "None", "depreciationAndAmortization": "109300000", "incomeBeforeTax": "538500000", "incomeTaxExpense": "-8900000", "interestAndDebtExpense": "None", "netIncomeFromContinuingOperations": "547400000", "comprehensiveIncomeNetOfTax": "None", "ebit": "469400000", "ebitda": "578700000", "netIncome": "544900000"}, {"fiscalDateEnding": "2023-12-31", "reportedCurrency": "USD", "grossProfit": "1277400000", "totalRevenue": "1928300000", "costOfRevenue": "650900000", "costofGoodsAndServicesSold": "650900000", "operatingIncome": "450200000", "sellingGeneralAndAdministrative": "567100000", "researchAndDevelopment": "260100000", "operatingExpenses": "827200000", "investmentIncomeNet": "None", "netInterestIncome": "65700000", "interestIncome": "None", "interestExpense": "28700000", "nonInterestIncome": "None", "otherNonOperatingIncome": "None", "depreciation": "None", "depreciationAndAmortization": "114000000", "incomeBeforeTax": "515900000", "incomeTaxExpense": "-94800000", "interestAndDebtExpense": "None", "netIncomeFromContinuingOperations": "610700000", "comprehensiveIncomeNetOfTax": "None", "ebit": "439800000", "ebitda": "553800000", "netIncome": "606200000"}, {"fiscalDateEnding": "2023-09-30", "reportedCurrency": "USD", "grossProfit": "1167200000", "totalRevenue": "1743700000", "costOfRevenue": "576500000", "costofGoodsAndServicesSold": "576500000", "operatingIncome": "465800000", "sellingGeneralAndAdministrative": "452000000", "researchAndDevelopment": "249400000", "operatingExpenses": "701400000", "investmentIncomeNet": "None", "netInterestIncome": "56200000", "interestIncome": "None", "interestExpense": "None", "nonInterestIncome": "None", "otherNonOperatingIncome": "None", "depreciation": "None", "depreciationAndAmortization": "108600000", "incomeBeforeTax": "522000000", "incomeTaxExpense": "102200000", "interestAndDebtExpense": "None", "netIncomeFromContinuingOperations": "419800000", "comprehensiveIncomeNetOfTax": "None", "ebit": "465800000", "ebitda": "574400000", "netIncome": "415700000"}, {"fiscalDateEnding": "2023-06-30", "reportedCurrency": "USD", "grossProfit": "1171900000", "totalRevenue": "1755900000", "costOfRevenue": "584000000", "costofGoodsAndServicesSold": "584000000", "operatingIncome": "365900000", "sellingGeneralAndAdministrative": "464300000", "researchAndDevelopment": "244400000", "operatingExpenses": "708700000", "investmentIncomeNet": "None", "netInterestIncome": "36000000", "interestIncome": "36000000", "interestExpense": "None", "nonInterestIncome": "None", "otherNonOperatingIncome": "36000000", "depreciation": "None", "depreciationAndAmortization": "97300000", "incomeBeforeTax": "499200000", "incomeTaxExpense": "73200000", "interestAndDebtExpense": "None", "netIncomeFromContinuingOperations": "426000000", "comprehensiveIncomeNetOfTax": "None", "ebit": "463200000", "ebitda": "560500000", "netIncome": "420800000"}, {"fiscalDateEnding": "2023-03-31", "reportedCurrency": "USD", "grossProfit": "1113000000", "totalRevenue": "1696200000", "costOfRevenue": "583200000", "costofGoodsAndServicesSold": "583200000", "operatingIncome": "294900000", "sellingGeneralAndAdministrative": "480500000", "researchAndDevelopment": "244900000", "operatingExpenses": "725400000", "investmentIncomeNet": "None", "netInterestIncome": "34200000", "interestIncome": "None", "interestExpense": "28700000", "nonInterestIncome": "None", "otherNonOperatingIncome": "34200000", "depreciation": "None", "depreciationAndAmortization": "92700000", "incomeBeforeTax": "421800000", "incomeTaxExpense": "61000000", "interestAndDebtExpense": "None", "netIncomeFromContinuingOperations": "360800000", "comprehensiveIncomeNetOfTax": "None", "ebit": "387600000", "ebitda": "480300000", "netIncome": "355300000"}, {"fiscalDateEnding": "2022-12-31", "reportedCurrency": "USD", "grossProfit": "1110900000", "totalRevenue": "1655000000", "costOfRevenue": "544100000", "costofGoodsAndServicesSold": "544100000", "operatingIncome": "266300000", "sellingGeneralAndAdministrative": "494300000", "researchAndDevelopment": "244100000", "operatingExpenses": "738400000", "investmentIncomeNet": "None", "netInterestIncome": "22200000", "interestIncome": "22200000", "interestExpense": "22200000", "nonInterestIncome": "None", "otherNonOperatingIncome": "22200000", "depreciation": "None", "depreciationAndAmortization": "112100000", "incomeBeforeTax": "394700000", "incomeTaxExpense": "58000000", "interestAndDebtExpense": "None", "netIncomeFromContinuingOperations": "336700000", "comprehensiveIncomeNetOfTax": "None", "ebit": "394700000", "ebitda": "506800000", "netIncome": "324900000"}, {"fiscalDateEnding": "2022-09-30", "reportedCurrency": "USD", "grossProfit": "1052100000", "totalRevenue": "1557400000", "costOfRevenue": "505300000", "costofGoodsAndServicesSold": "505300000", "operatingIncome": "309100000", "sellingGeneralAndAdministrative": "436100000", "researchAndDevelopment": "217100000", "operatingExpenses": "653200000", "investmentIncomeNet": "None", "netInterestIncome": "3900000", "interestIncome": "3900000", "interestExpense": "3900000", "nonInterestIncome": "None", "otherNonOperatingIncome": "3900000", "depreciation": "None", "depreciationAndAmortization": "89800000", "incomeBeforeTax": "402800000", "incomeTaxExpense": "78100000", "interestAndDebtExpense": "None", "netIncomeFromContinuingOperations": "324700000", "comprehensiveIncomeNetOfTax": "None", "ebit": "398900000", "ebitda": "488700000", "netIncome": "324000000"}, {"fiscalDateEnding": "2022-06-30", "reportedCurrency": "USD", "grossProfit": "1023300000", "totalRevenue": "1522100000", "costOfRevenue": "498800000", "costofGoodsAndServicesSold": "498800000", "operatingIncome": "311600000", "sellingGeneralAndAdministrative": "418400000", "researchAndDevelopment": "207300000", "operatingExpenses": "625700000", "investmentIncomeNet": "None", "netInterestIncome": "9300000", "interestIncome": "9300000", "interestExpense": "9300000", "nonInterestIncome": "None", "otherNonOperatingIncome": "9300000", "depreciation": "None", "depreciationAndAmortization": "86000000", "incomeBeforeTax": "406900000", "incomeTaxExpense": "93300000", "interestAndDebtExpense": "None", "netIncomeFromContinuingOperations": "313600000", "comprehensiveIncomeNetOfTax": "None", "ebit": "397600000", "ebitda": "483600000", "netIncome": "307800000"}, {"fiscalDateEnding": "2022-03-31", "reportedCurrency": "USD", "grossProfit": "1009700000", "totalRevenue": "1487700000", "costOfRevenue": "478000000", "costofGoodsAndServicesSold": "478000000", "operatingIncome": "324300000", "sellingGeneralAndAdministrative": "391100000", "researchAndDevelopment": "210500000", "operatingExpenses": "601600000", "investmentIncomeNet": "None", "netInterestIncome": "-5700000", "interestIncome": "None", "interestExpense": "5700000", "nonInterestIncome": "None", "otherNonOperatingIncome": "-5700000", "depreciation": "None", "depreciationAndAmortization": "83800000", "incomeBeforeTax": "402400000", "incomeTaxExpense": "33000000", "interestAndDebtExpense": "None", "netIncomeFromContinuingOperations": "369500000", "comprehensiveIncomeNetOfTax": "None", "ebit": "408100000", "ebitda": "491900000", "netIncome": "365600000"}, {"fiscalDateEnding": "2021-12-31", "reportedCurrency": "USD", "grossProfit": "1060800000", "totalRevenue": "1550700000", "costOfRevenue": "489900000", "costofGoodsAndServicesSold": "489900000", "operatingIncome": "450400000", "sellingGeneralAndAdministrative": "427000000", "researchAndDevelopment": "183400000", "operatingExpenses": "610400000", "investmentIncomeNet": "None", "netInterestIncome": "3800000", "interestIncome": "None", "interestExpense": "2100000", "nonInterestIncome": "None", "otherNonOperatingIncome": "3800000", "depreciation": "None", "depreciationAndAmortization": "83200000", "incomeBeforeTax": "454200000", "incomeTaxExpense": "71500000", "interestAndDebtExpense": "None", "netIncomeFromContinuingOperations": "382700000", "comprehensiveIncomeNetOfTax": "None", "ebit": "445300000", "ebitda": "528500000", "netIncome": "380600000"}, {"fiscalDateEnding": "2021-09-30", "reportedCurrency": "USD", "grossProfit": "971400000", "totalRevenue": "1403300000", "costOfRevenue": "431900000", "costofGoodsAndServicesSold": "431900000", "operatingIncome": "442600000", "sellingGeneralAndAdministrative": "363300000", "researchAndDevelopment": "165500000", "operatingExpenses": "528800000", "investmentIncomeNet": "None", "netInterestIncome": "18500000", "interestIncome": "None", "interestExpense": "None", "nonInterestIncome": "None", "otherNonOperatingIncome": "18500000", "depreciation": "None", "depreciationAndAmortization": "82100000", "incomeBeforeTax": "461100000", "incomeTaxExpense": "73900000", "interestAndDebtExpense": "None", "netIncomeFromContinuingOperations": "387200000", "comprehensiveIncomeNetOfTax": "None", "ebit": "442500000", "ebitda": "524600000", "netIncome": "380500000"}, {"fiscalDateEnding": "2021-06-30", "reportedCurrency": "USD", "grossProfit": "1023700000", "totalRevenue": "1464000000", "costOfRevenue": "440300000", "costofGoodsAndServicesSold": "440300000", "operatingIncome": "511200000", "sellingGeneralAndAdministrative": "350200000", "researchAndDevelopment": "162300000", "operatingExpenses": "512500000", "investmentIncomeNet": "None", "netInterestIncome": "15000000", "interestIncome": "None", "interestExpense": "None", "nonInterestIncome": "None", "otherNonOperatingIncome": "15000000", "depreciation": "None", "depreciationAndAmortization": "78900000", "incomeBeforeTax": "526200000", "incomeTaxExpense": "3200000", "interestAndDebtExpense": "None", "netIncomeFromContinuingOperations": "523000000", "comprehensiveIncomeNetOfTax": "None", "ebit": "507900000", "ebitda": "586800000", "netIncome": "517200000"}, {"fiscalDateEnding": "2021-03-31", "reportedCurrency": "USD", "grossProfit": "902600000", "totalRevenue": "1292100000", "costOfRevenue": "389500000", "costofGoodsAndServicesSold": "389500000", "operatingIncome": "416800000", "sellingGeneralAndAdministrative": "326000000", "researchAndDevelopment": "159800000", "operatingExpenses": "485800000", "investmentIncomeNet": "None", "netInterestIncome": "32000000", "interestIncome": "32000000", "interestExpense": "None", "nonInterestIncome": "None", "otherNonOperatingIncome": "32000000", "depreciation": "None", "depreciationAndAmortization": "71700000", "incomeBeforeTax": "448800000", "incomeTaxExpense": "13600000", "interestAndDebtExpense": "None", "netIncomeFromContinuingOperations": "435200000", "comprehensiveIncomeNetOfTax": "None", "ebit": "416800000", "ebitda": "488500000", "netIncome": "426300000"}, {"fiscalDateEnding": "2020-12-31", "reportedCurrency": "USD", "grossProfit": "895800000", "totalRevenue": "1329100000", "costOfRevenue": "433300000", "costofGoodsAndServicesSold": "433300000", "operatingIncome": "415800000", "sellingGeneralAndAdministrative": "308100000", "researchAndDevelopment": "149800000", "operatingExpenses": "480000000", "investmentIncomeNet": "None", "netInterestIncome": "20700000", "interestIncome": "20700000", "interestExpense": "None", "nonInterestIncome": "None", "otherNonOperatingIncome": "20700000", "depreciation": "None", "depreciationAndAmortization": "79800000", "incomeBeforeTax": "436500000", "incomeTaxExpense": "72900000", "interestAndDebtExpense": "None", "netIncomeFromContinuingOperations": "363600000", "comprehensiveIncomeNetOfTax": "None", "ebit": "410400000", "ebitda": "490200000", "netIncome": "365200000"}, {"fiscalDateEnding": "2020-09-30", "reportedCurrency": "USD", "grossProfit": "724300000", "totalRevenue": "1077700000", "costOfRevenue": "353400000", "costofGoodsAndServicesSold": "353400000", "operatingIncome": "270400000", "sellingGeneralAndAdministrative": "298900000", "researchAndDevelopment": "155000000", "operatingExpenses": "453900000", "investmentIncomeNet": "None", "netInterestIncome": "84800000", "interestIncome": "None", "interestExpense": "None", "nonInterestIncome": "None", "otherNonOperatingIncome": "84800000", "depreciation": "None", "depreciationAndAmortization": "69200000", "incomeBeforeTax": "355200000", "incomeTaxExpense": "38400000", "interestAndDebtExpense": "None", "netIncomeFromContinuingOperations": "316800000", "comprehensiveIncomeNetOfTax": "None", "ebit": "270400000", "ebitda": "339600000", "netIncome": "313900000"}, {"fiscalDateEnding": "2020-06-30", "reportedCurrency": "USD", "grossProfit": "502900000", "totalRevenue": "852100000", "costOfRevenue": "349200000", "costofGoodsAndServicesSold": "349200000", "operatingIncome": "80600000", "sellingGeneralAndAdministrative": "279100000", "researchAndDevelopment": "143200000", "operatingExpenses": "422300000", "investmentIncomeNet": "None", "netInterestIncome": "26600000", "interestIncome": "26600000", "interestExpense": "None", "nonInterestIncome": "None", "otherNonOperatingIncome": "26600000", "depreciation": "None", "depreciationAndAmortization": "63800000", "incomeBeforeTax": "107200000", "incomeTaxExpense": "37000000", "interestAndDebtExpense": "None", "netIncomeFromContinuingOperations": "70200000", "comprehensiveIncomeNetOfTax": "None", "ebit": "80600000", "ebitda": "144400000", "netIncome": "68000000"}, {"fiscalDateEnding": "2020-03-31", "reportedCurrency": "USD", "grossProfit": "738200000", "totalRevenue": "1099500000", "costOfRevenue": "361300000", "costofGoodsAndServicesSold": "361300000", "operatingIncome": "283000000", "sellingGeneralAndAdministrative": "308100000", "researchAndDevelopment": "147100000", "operatingExpenses": "455200000", "investmentIncomeNet": "None", "netInterestIncome": "25100000", "interestIncome": "25100000", "interestExpense": "None", "nonInterestIncome": "None", "otherNonOperatingIncome": "25100000", "depreciation": "None", "depreciationAndAmortization": "63400000", "incomeBeforeTax": "308100000", "incomeTaxExpense": "-8100000", "interestAndDebtExpense": "None", "netIncomeFromContinuingOperations": "316200000", "comprehensiveIncomeNetOfTax": "None", "ebit": "283000000", "ebitda": "346400000", "netIncome": "313500000"}, {"fiscalDateEnding": "2019-12-31", "reportedCurrency": "USD", "grossProfit": "896000000", "totalRevenue": "1277700000", "costOfRevenue": "381700000", "costofGoodsAndServicesSold": "381700000", "operatingIncome": "397600000", "sellingGeneralAndAdministrative": "341800000", "researchAndDevelopment": "156600000", "operatingExpenses": "498400000", "investmentIncomeNet": "None", "netInterestIncome": "34100000", "interestIncome": "34100000", "interestExpense": "None", "nonInterestIncome": "None", "otherNonOperatingIncome": "34100000", "depreciation": "None", "depreciationAndAmortization": "63800000", "incomeBeforeTax": "431700000", "incomeTaxExpense": "69000000", "interestAndDebtExpense": "None", "netIncomeFromContinuingOperations": "362700000", "comprehensiveIncomeNetOfTax": "None", "ebit": "397600000", "ebitda": "461400000", "netIncome": "357700000"}, {"fiscalDateEnding": "2019-09-30", "reportedCurrency": "USD", "grossProfit": "785600000", "totalRevenue": "1128200000", "costOfRevenue": "342600000", "costofGoodsAndServicesSold": "342600000", "operatingIncome": "365700000", "sellingGeneralAndAdministrative": "284000000", "researchAndDevelopment": "135900000", "operatingExpenses": "419900000", "investmentIncomeNet": "None", "netInterestIncome": "33300000", "interestIncome": "33300000", "interestExpense": "None", "nonInterestIncome": "None", "otherNonOperatingIncome": "33300000", "depreciation": "None", "depreciationAndAmortization": "50900000", "incomeBeforeTax": "399000000", "incomeTaxExpense": "300000", "interestAndDebtExpense": "None", "netIncomeFromContinuingOperations": "398700000", "comprehensiveIncomeNetOfTax": "None", "ebit": "365700000", "ebitda": "416600000", "netIncome": "396800000"}, {"fiscalDateEnding": "2019-06-30", "reportedCurrency": "USD", "grossProfit": "759000000", "totalRevenue": "1098900000", "costOfRevenue": "339900000", "costofGoodsAndServicesSold": "339900000", "operatingIncome": "359000000", "sellingGeneralAndAdministrative": "279200000", "researchAndDevelopment": "120800000", "operatingExpenses": "400000000", "investmentIncomeNet": "None", "netInterestIncome": "32800000", "interestIncome": "32800000", "interestExpense": "None", "nonInterestIncome": "None", "otherNonOperatingIncome": "32800000", "depreciation": "None", "depreciationAndAmortization": "46700000", "incomeBeforeTax": "391800000", "incomeTaxExpense": "75400000", "interestAndDebtExpense": "None", "netIncomeFromContinuingOperations": "316400000", "comprehensiveIncomeNetOfTax": "None", "ebit": "359000000", "ebitda": "405700000", "netIncome": "318300000"}, {"fiscalDateEnding": "2019-03-31", "reportedCurrency": "USD", "grossProfit": "669600000", "totalRevenue": "973700000", "costOfRevenue": "304100000", "costofGoodsAndServicesSold": "304100000", "operatingIncome": "252200000", "sellingGeneralAndAdministrative": "273400000", "researchAndDevelopment": "144000000", "operatingExpenses": "417400000", "investmentIncomeNet": "None", "netInterestIncome": "27500000", "interestIncome": "None", "interestExpense": "0", "nonInterestIncome": "None", "otherNonOperatingIncome": "27500000", "depreciation": "None", "depreciationAndAmortization": "41600000", "incomeBeforeTax": "279700000", "incomeTaxExpense": "-24300000", "interestAndDebtExpense": "None", "netIncomeFromContinuingOperations": "304000000", "comprehensiveIncomeNetOfTax": "None", "ebit": "252200000", "ebitda": "293800000", "netIncome": "306500000"}, {"fiscalDateEnding": "2018-12-31", "reportedCurrency": "USD", "grossProfit": "735700000", "totalRevenue": "1046500000", "costOfRevenue": "310800000", "costofGoodsAndServicesSold": "310800000", "operatingIncome": "332000000", "sellingGeneralAndAdministrative": "283800000", "researchAndDevelopment": "119900000", "operatingExpenses": "403700000", "investmentIncomeNet": "None", "netInterestIncome": "None", "interestIncome": "None", "interestExpense": "0", "nonInterestIncome": "None", "otherNonOperatingIncome": "26800000", "depreciation": "None", "depreciationAndAmortization": "36300000", "incomeBeforeTax": "358800000", "incomeTaxExpense": "67500000", "interestAndDebtExpense": "None", "netIncomeFromContinuingOperations": "291300000", "comprehensiveIncomeNetOfTax": "None", "ebit": "328600000", "ebitda": "364900000", "netIncome": "292500000"}, {"fiscalDateEnding": "2018-09-30", "reportedCurrency": "USD", "grossProfit": "642300000", "totalRevenue": "920900000", "costOfRevenue": "278600000", "costofGoodsAndServicesSold": "278600000", "operatingIncome": "313300000", "sellingGeneralAndAdministrative": "221400000", "researchAndDevelopment": "107600000", "operatingExpenses": "329000000", "investmentIncomeNet": "None", "netInterestIncome": "None", "interestIncome": "None", "interestExpense": "0", "nonInterestIncome": "None", "otherNonOperatingIncome": "21900000", "depreciation": "None", "depreciationAndAmortization": "31000000", "incomeBeforeTax": "335200000", "incomeTaxExpense": "43400000", "interestAndDebtExpense": "None", "netIncomeFromContinuingOperations": "291800000", "comprehensiveIncomeNetOfTax": "None", "ebit": "311500000", "ebitda": "342500000", "netIncome": "292500000"}, {"fiscalDateEnding": "2018-06-30", "reportedCurrency": "USD", "grossProfit": "632300000", "totalRevenue": "909300000", "costOfRevenue": "277000000", "costofGoodsAndServicesSold": "277000000", "operatingIncome": "277400000", "sellingGeneralAndAdministrative": "259800000", "researchAndDevelopment": "95100000", "operatingExpenses": "354900000", "investmentIncomeNet": "None", "netInterestIncome": "None", "interestIncome": "None", "interestExpense": "0", "nonInterestIncome": "None", "otherNonOperatingIncome": "18200000", "depreciation": "None", "depreciationAndAmortization": "29200000", "incomeBeforeTax": "295600000", "incomeTaxExpense": "41000000", "interestAndDebtExpense": "None", "netIncomeFromContinuingOperations": "254600000", "comprehensiveIncomeNetOfTax": "None", "ebit": "277400000", "ebitda": "306600000", "netIncome": "255300000"}, {"fiscalDateEnding": "2018-03-31", "reportedCurrency": "USD", "grossProfit": "593800000", "totalRevenue": "847500000", "costOfRevenue": "253700000", "costofGoodsAndServicesSold": "253700000", "operatingIncome": "276700000", "sellingGeneralAndAdministrative": "221600000", "researchAndDevelopment": "95500000", "operatingExpenses": "317100000", "investmentIncomeNet": "None", "netInterestIncome": "None", "interestIncome": "None", "interestExpense": "0", "nonInterestIncome": "None", "otherNonOperatingIncome": "13200000", "depreciation": "None", "depreciationAndAmortization": "26300000", "incomeBeforeTax": "289900000", "incomeTaxExpense": "2600000", "interestAndDebtExpense": "None", "netIncomeFromContinuingOperations": "287300000", "comprehensiveIncomeNetOfTax": "None", "ebit": "276700000", "ebitda": "303000000", "netIncome": "287600000"}, {"fiscalDateEnding": "2017-12-31", "reportedCurrency": "USD", "grossProfit": "633300000", "totalRevenue": "892400000", "costOfRevenue": "259100000", "costofGoodsAndServicesSold": "259100000", "operatingIncome": "327000000", "sellingGeneralAndAdministrative": "219200000", "researchAndDevelopment": "87100000", "operatingExpenses": "306300000", "investmentIncomeNet": "None", "netInterestIncome": "None", "interestIncome": "None", "interestExpense": "0", "nonInterestIncome": "None", "otherNonOperatingIncome": "12300000", "depreciation": "None", "depreciationAndAmortization": "27600000", "incomeBeforeTax": "339300000", "incomeTaxExpense": "378100000", "interestAndDebtExpense": "None", "netIncomeFromContinuingOperations": "-38800000", "comprehensiveIncomeNetOfTax": "None", "ebit": "323700000", "ebitda": "351300000", "netIncome": "-38800000"}, {"fiscalDateEnding": "2017-09-30", "reportedCurrency": "USD", "grossProfit": "566800000", "totalRevenue": "806100000", "costOfRevenue": "239300000", "costofGoodsAndServicesSold": "239300000", "operatingIncome": "278600000", "sellingGeneralAndAdministrative": "204800000", "researchAndDevelopment": "83400000", "operatingExpenses": "288200000", "investmentIncomeNet": "None", "netInterestIncome": "None", "interestIncome": "None", "interestExpense": "0", "nonInterestIncome": "None", "otherNonOperatingIncome": "10800000", "depreciation": "None", "depreciationAndAmortization": "24900000", "incomeBeforeTax": "289400000", "incomeTaxExpense": "-8100000", "interestAndDebtExpense": "None", "netIncomeFromContinuingOperations": "297500000", "comprehensiveIncomeNetOfTax": "None", "ebit": "280600000", "ebitda": "305500000", "netIncome": "297500000"}, {"fiscalDateEnding": "2017-06-30", "reportedCurrency": "USD", "grossProfit": "527900000", "totalRevenue": "756200000", "costOfRevenue": "228300000", "costofGoodsAndServicesSold": "228300000", "operatingIncome": "257500000", "sellingGeneralAndAdministrative": "185800000", "researchAndDevelopment": "84600000", "operatingExpenses": "270400000", "investmentIncomeNet": "None", "netInterestIncome": "None", "interestIncome": "None", "interestExpense": "0", "nonInterestIncome": "None", "otherNonOperatingIncome": "10100000", "depreciation": "None", "depreciationAndAmortization": "23900000", "incomeBeforeTax": "267600000", "incomeTaxExpense": "46100000", "interestAndDebtExpense": "None", "netIncomeFromContinuingOperations": "221500000", "comprehensiveIncomeNetOfTax": "None", "ebit": "259900000", "ebitda": "283800000", "netIncome": "221500000"}, {"fiscalDateEnding": "2017-03-31", "reportedCurrency": "USD", "grossProfit": "466100000", "totalRevenue": "674200000", "costOfRevenue": "208100000", "costofGoodsAndServicesSold": "208100000", "operatingIncome": "191500000", "sellingGeneralAndAdministrative": "201100000", "researchAndDevelopment": "73500000", "operatingExpenses": "274600000", "investmentIncomeNet": "None", "netInterestIncome": "None", "interestIncome": "None", "interestExpense": "0", "nonInterestIncome": "None", "otherNonOperatingIncome": "8700000", "depreciation": "None", "depreciationAndAmortization": "22700000", "incomeBeforeTax": "200200000", "incomeTaxExpense": "20400000", "interestAndDebtExpense": "None", "netIncomeFromContinuingOperations": "179800000", "comprehensiveIncomeNetOfTax": "None", "ebit": "193400000", "ebitda": "216100000", "netIncome": "179800000"}, {"fiscalDateEnding": "2016-12-31", "reportedCurrency": "USD", "grossProfit": "527200000", "totalRevenue": "756900000", "costOfRevenue": "229700000", "costofGoodsAndServicesSold": "229700000", "operatingIncome": "264400000", "sellingGeneralAndAdministrative": "193700000", "researchAndDevelopment": "69100000", "operatingExpenses": "262800000", "investmentIncomeNet": "None", "netInterestIncome": "None", "interestIncome": "None", "interestExpense": "0", "nonInterestIncome": "None", "otherNonOperatingIncome": "11700000", "depreciation": "None", "depreciationAndAmortization": "24100000", "incomeBeforeTax": "276100000", "incomeTaxExpense": "72100000", "interestAndDebtExpense": "None", "netIncomeFromContinuingOperations": "204000000", "comprehensiveIncomeNetOfTax": "None", "ebit": "264400000", "ebitda": "288500000", "netIncome": "204000000"}, {"fiscalDateEnding": "2016-09-30", "reportedCurrency": "USD", "grossProfit": "487000000", "totalRevenue": "682900000", "costOfRevenue": "195900000", "costofGoodsAndServicesSold": "195900000", "operatingIncome": "256400000", "sellingGeneralAndAdministrative": "168000000", "researchAndDevelopment": "62600000", "operatingExpenses": "230600000", "investmentIncomeNet": "None", "netInterestIncome": "None", "interestIncome": "None", "interestExpense": "0", "nonInterestIncome": "None", "otherNonOperatingIncome": "10400000", "depreciation": "None", "depreciationAndAmortization": "22300000", "incomeBeforeTax": "266800000", "incomeTaxExpense": "55800000", "interestAndDebtExpense": "None", "netIncomeFromContinuingOperations": "211000000", "comprehensiveIncomeNetOfTax": "None", "ebit": "256400000", "ebitda": "278700000", "netIncome": "211000000"}, {"fiscalDateEnding": "2016-06-30", "reportedCurrency": "USD", "grossProfit": "470900000", "totalRevenue": "670100000", "costOfRevenue": "199200000", "costofGoodsAndServicesSold": "199200000", "operatingIncome": "245400000", "sellingGeneralAndAdministrative": "170800000", "researchAndDevelopment": "54700000", "operatingExpenses": "225500000", "investmentIncomeNet": "None", "netInterestIncome": "None", "interestIncome": "None", "interestExpense": "0", "nonInterestIncome": "None", "otherNonOperatingIncome": "8000000", "depreciation": "None", "depreciationAndAmortization": "22300000", "incomeBeforeTax": "253400000", "incomeTaxExpense": "68900000", "interestAndDebtExpense": "None", "netIncomeFromContinuingOperations": "184500000", "comprehensiveIncomeNetOfTax": "None", "ebit": "245400000", "ebitda": "267700000", "netIncome": "184500000"}, {"fiscalDateEnding": "2016-03-31", "reportedCurrency": "USD", "grossProfit": "405000000", "totalRevenue": "594500000", "costOfRevenue": "189500000", "costofGoodsAndServicesSold": "189500000", "operatingIncome": "179000000", "sellingGeneralAndAdministrative": "172800000", "researchAndDevelopment": "53200000", "operatingExpenses": "226000000", "investmentIncomeNet": "None", "netInterestIncome": "None", "interestIncome": "None", "interestExpense": "0", "nonInterestIncome": "None", "otherNonOperatingIncome": "5500000", "depreciation": "None", "depreciationAndAmortization": "23400000", "incomeBeforeTax": "184500000", "incomeTaxExpense": "48100000", "interestAndDebtExpense": "None", "netIncomeFromContinuingOperations": "136400000", "comprehensiveIncomeNetOfTax": "None", "ebit": "181200000", "ebitda": "204600000", "netIncome": "136400000"}, {"fiscalDateEnding": "2015-12-31", "reportedCurrency": "USD", "grossProfit": "458800000", "totalRevenue": "676500000", "costOfRevenue": "217700000", "costofGoodsAndServicesSold": "217700000", "operatingIncome": "245900000", "sellingGeneralAndAdministrative": "160300000", "researchAndDevelopment": "52600000", "operatingExpenses": "212900000", "investmentIncomeNet": "None", "netInterestIncome": "None", "interestIncome": "None", "interestExpense": "0", "nonInterestIncome": "None", "otherNonOperatingIncome": "5900000", "depreciation": "None", "depreciationAndAmortization": "24600000", "incomeBeforeTax": "251800000", "incomeTaxExpense": "61800000", "interestAndDebtExpense": "None", "netIncomeFromContinuingOperations": "190000000", "comprehensiveIncomeNetOfTax": "None", "ebit": "245900000", "ebitda": "270500000", "netIncome": "190000000"}, {"fiscalDateEnding": "2015-09-30", "reportedCurrency": "USD", "grossProfit": "395800000", "totalRevenue": "589700000", "costOfRevenue": "193900000", "costofGoodsAndServicesSold": "193900000", "operatingIncome": "189900000", "sellingGeneralAndAdministrative": "154900000", "researchAndDevelopment": "51000000", "operatingExpenses": "205900000", "investmentIncomeNet": "None", "netInterestIncome": "None", "interestIncome": "None", "interestExpense": "0", "nonInterestIncome": "None", "otherNonOperatingIncome": "3700000", "depreciation": "None", "depreciationAndAmortization": "23600000", "incomeBeforeTax": "193600000", "incomeTaxExpense": "26300000", "interestAndDebtExpense": "None", "netIncomeFromContinuingOperations": "167300000", "comprehensiveIncomeNetOfTax": "None", "ebit": "189900000", "ebitda": "213500000", "netIncome": "167300000"}, {"fiscalDateEnding": "2015-06-30", "reportedCurrency": "USD", "grossProfit": "386500000", "totalRevenue": "586100000", "costOfRevenue": "199600000", "costofGoodsAndServicesSold": "199600000", "operatingIncome": "173800000", "sellingGeneralAndAdministrative": "163300000", "researchAndDevelopment": "49400000", "operatingExpenses": "212700000", "investmentIncomeNet": "None", "netInterestIncome": "None", "interestIncome": "None", "interestExpense": "4600000", "nonInterestIncome": "None", "otherNonOperatingIncome": "4600000", "depreciation": "None", "depreciationAndAmortization": "21100000", "incomeBeforeTax": "178400000", "incomeTaxExpense": "43900000", "interestAndDebtExpense": "None", "netIncomeFromContinuingOperations": "134500000", "comprehensiveIncomeNetOfTax": "None", "ebit": "173800000", "ebitda": "194900000", "netIncome": "134500000"}, {"fiscalDateEnding": "2015-03-31", "reportedCurrency": "USD", "grossProfit": "336800000", "totalRevenue": "532100000", "costOfRevenue": "195300000", "costofGoodsAndServicesSold": "195300000", "operatingIncome": "130400000", "sellingGeneralAndAdministrative": "162000000", "researchAndDevelopment": "44400000", "operatingExpenses": "206400000", "investmentIncomeNet": "None", "netInterestIncome": "None", "interestIncome": "None", "interestExpense": "0", "nonInterestIncome": "None", "otherNonOperatingIncome": "4300000", "depreciation": "None", "depreciationAndAmortization": "20200000", "incomeBeforeTax": "134700000", "incomeTaxExpense": "37700000", "interestAndDebtExpense": "None", "netIncomeFromContinuingOperations": "97000000", "comprehensiveIncomeNetOfTax": "None", "ebit": "130400000", "ebitda": "150600000", "netIncome": "97000000"}, {"fiscalDateEnding": "2014-12-31", "reportedCurrency": "USD", "grossProfit": "393400000", "totalRevenue": "604700000", "costOfRevenue": "211300000", "costofGoodsAndServicesSold": "211300000", "operatingIncome": "186100000", "sellingGeneralAndAdministrative": "160000000", "researchAndDevelopment": "47300000", "operatingExpenses": "207300000", "investmentIncomeNet": "None", "netInterestIncome": "None", "interestIncome": "None", "interestExpense": "0", "nonInterestIncome": "None", "otherNonOperatingIncome": "-1300000", "depreciation": "None", "depreciationAndAmortization": "20300000", "incomeBeforeTax": "184800000", "incomeTaxExpense": "38000000", "interestAndDebtExpense": "None", "netIncomeFromContinuingOperations": "146800000", "comprehensiveIncomeNetOfTax": "None", "ebit": "191500000", "ebitda": "211800000", "netIncome": "146800000"}, {"fiscalDateEnding": "2014-09-30", "reportedCurrency": "USD", "grossProfit": "360600000", "totalRevenue": "550100000", "costOfRevenue": "189500000", "costofGoodsAndServicesSold": "189500000", "operatingIncome": "159100000", "sellingGeneralAndAdministrative": "154000000", "researchAndDevelopment": "47500000", "operatingExpenses": "201500000", "investmentIncomeNet": "None", "netInterestIncome": "None", "interestIncome": "None", "interestExpense": "0", "nonInterestIncome": "None", "otherNonOperatingIncome": "2000000", "depreciation": "None", "depreciationAndAmortization": "19900000", "incomeBeforeTax": "161100000", "incomeTaxExpense": "37400000", "interestAndDebtExpense": "None", "netIncomeFromContinuingOperations": "123700000", "comprehensiveIncomeNetOfTax": "None", "ebit": "159100000", "ebitda": "179000000", "netIncome": "123700000"}, {"fiscalDateEnding": "2014-06-30", "reportedCurrency": "USD", "grossProfit": "344400000", "totalRevenue": "512200000", "costOfRevenue": "167800000", "costofGoodsAndServicesSold": "167800000", "operatingIncome": "143000000", "sellingGeneralAndAdministrative": "161200000", "researchAndDevelopment": "40200000", "operatingExpenses": "201400000", "investmentIncomeNet": "None", "netInterestIncome": "None", "interestIncome": "None", "interestExpense": "400000", "nonInterestIncome": "None", "otherNonOperatingIncome": "-400000", "depreciation": "None", "depreciationAndAmortization": "17200000", "incomeBeforeTax": "142600000", "incomeTaxExpense": "38600000", "interestAndDebtExpense": "None", "netIncomeFromContinuingOperations": "104000000", "comprehensiveIncomeNetOfTax": "None", "ebit": "143000000", "ebitda": "160200000", "netIncome": "104000000"}, {"fiscalDateEnding": "2014-03-31", "reportedCurrency": "USD", "grossProfit": "315400000", "totalRevenue": "464700000", "costOfRevenue": "149300000", "costofGoodsAndServicesSold": "149300000", "operatingIncome": "56600000", "sellingGeneralAndAdministrative": "215800000", "researchAndDevelopment": "43000000", "operatingExpenses": "258800000", "investmentIncomeNet": "None", "netInterestIncome": "None", "interestIncome": "None", "interestExpense": "0", "nonInterestIncome": "None", "otherNonOperatingIncome": "3900000", "depreciation": "None", "depreciationAndAmortization": "17000000", "incomeBeforeTax": "60500000", "incomeTaxExpense": "16200000", "interestAndDebtExpense": "None", "netIncomeFromContinuingOperations": "44300000", "comprehensiveIncomeNetOfTax": "None", "ebit": "56600000", "ebitda": "73600000", "netIncome": "44300000"}, {"fiscalDateEnding": "2013-12-31", "reportedCurrency": "USD", "grossProfit": "398000000", "totalRevenue": "576200000", "costOfRevenue": "178200000", "costofGoodsAndServicesSold": "178200000", "operatingIncome": "208600000", "sellingGeneralAndAdministrative": "147700000", "researchAndDevelopment": "41700000", "operatingExpenses": "189400000", "investmentIncomeNet": "None", "netInterestIncome": "None", "interestIncome": "None", "interestExpense": "0", "nonInterestIncome": "None", "otherNonOperatingIncome": "5900000", "depreciation": "None", "depreciationAndAmortization": "18100000", "incomeBeforeTax": "214500000", "incomeTaxExpense": "48300000", "interestAndDebtExpense": "None", "netIncomeFromContinuingOperations": "166200000", "comprehensiveIncomeNetOfTax": "None", "ebit": "208600000", "ebitda": "226700000", "netIncome": "166200000"}, {"fiscalDateEnding": "2013-09-30", "reportedCurrency": "USD", "grossProfit": "356700000", "totalRevenue": "499000000", "costOfRevenue": "142300000", "costofGoodsAndServicesSold": "142300000", "operatingIncome": "174200000", "sellingGeneralAndAdministrative": "139300000", "researchAndDevelopment": "43200000", "operatingExpenses": "182500000", "investmentIncomeNet": "None", "netInterestIncome": "None", "interestIncome": "None", "interestExpense": "0", "nonInterestIncome": "None", "otherNonOperatingIncome": "3900000", "depreciation": "None", "depreciationAndAmortization": "16600000", "incomeBeforeTax": "178100000", "incomeTaxExpense": "21300000", "interestAndDebtExpense": "None", "netIncomeFromContinuingOperations": "156800000", "comprehensiveIncomeNetOfTax": "None", "ebit": "174200000", "ebitda": "190800000", "netIncome": "156800000"}, {"fiscalDateEnding": "2013-06-30", "reportedCurrency": "USD", "grossProfit": "405200000", "totalRevenue": "578500000", "costOfRevenue": "173300000", "costofGoodsAndServicesSold": "173300000", "operatingIncome": "218500000", "sellingGeneralAndAdministrative": "145500000", "researchAndDevelopment": "41200000", "operatingExpenses": "186700000", "investmentIncomeNet": "None", "netInterestIncome": "None", "interestIncome": "None", "interestExpense": "4300000", "nonInterestIncome": "None", "otherNonOperatingIncome": "4300000", "depreciation": "None", "depreciationAndAmortization": "16600000", "incomeBeforeTax": "222800000", "incomeTaxExpense": "63700000", "interestAndDebtExpense": "None", "netIncomeFromContinuingOperations": "159100000", "comprehensiveIncomeNetOfTax": "None", "ebit": "218500000", "ebitda": "235100000", "netIncome": "159100000"}, {"fiscalDateEnding": "2013-03-31", "reportedCurrency": "USD", "grossProfit": "434300000", "totalRevenue": "611400000", "costOfRevenue": "177100000", "costofGoodsAndServicesSold": "177100000", "operatingIncome": "251200000", "sellingGeneralAndAdministrative": "141500000", "researchAndDevelopment": "41600000", "operatingExpenses": "183100000", "investmentIncomeNet": "None", "netInterestIncome": "None", "interestIncome": "None", "interestExpense": "4300000", "nonInterestIncome": "None", "otherNonOperatingIncome": "4300000", "depreciation": "None", "depreciationAndAmortization": "16000000", "incomeBeforeTax": "255500000", "incomeTaxExpense": "66600000", "interestAndDebtExpense": "None", "netIncomeFromContinuingOperations": "188900000", "comprehensiveIncomeNetOfTax": "None", "ebit": "251200000", "ebitda": "267200000", "netIncome": "188900000"}, {"fiscalDateEnding": "2012-12-31", "reportedCurrency": "USD", "grossProfit": "437900000", "totalRevenue": "609300000", "costOfRevenue": "171400000", "costofGoodsAndServicesSold": "171400000", "operatingIncome": "248100000", "sellingGeneralAndAdministrative": "148100000", "researchAndDevelopment": "41700000", "operatingExpenses": "189800000", "investmentIncomeNet": "None", "netInterestIncome": "None", "interestIncome": "None", "interestExpense": "15800000", "nonInterestIncome": "None", "otherNonOperatingIncome": "3700000", "depreciation": "None", "depreciationAndAmortization": "15400000", "incomeBeforeTax": "251800000", "incomeTaxExpense": "76900000", "interestAndDebtExpense": "None", "netIncomeFromContinuingOperations": "174900000", "comprehensiveIncomeNetOfTax": "None", "ebit": "248100000", "ebitda": "263500000", "netIncome": "174900000"}, {"fiscalDateEnding": "2012-09-30", "reportedCurrency": "USD", "grossProfit": "390100000", "totalRevenue": "537800000", "costOfRevenue": "147700000", "costofGoodsAndServicesSold": "147700000", "operatingIncome": "211400000", "sellingGeneralAndAdministrative": "129000000", "researchAndDevelopment": "49700000", "operatingExpenses": "178700000", "investmentIncomeNet": "None", "netInterestIncome": "None", "interestIncome": "None", "interestExpense": "4300000", "nonInterestIncome": "None", "otherNonOperatingIncome": "4300000", "depreciation": "None", "depreciationAndAmortization": "15200000", "incomeBeforeTax": "215700000", "incomeTaxExpense": "32400000", "interestAndDebtExpense": "None", "netIncomeFromContinuingOperations": "183300000", "comprehensiveIncomeNetOfTax": "None", "ebit": "211400000", "ebitda": "226600000", "netIncome": "183300000"}, {"fiscalDateEnding": "2012-06-30", "reportedCurrency": "USD", "grossProfit": "386400000", "totalRevenue": "536500000", "costOfRevenue": "150100000", "costofGoodsAndServicesSold": "150100000", "operatingIncome": "225300000", "sellingGeneralAndAdministrative": "120900000", "researchAndDevelopment": "40200000", "operatingExpenses": "161100000", "investmentIncomeNet": "None", "netInterestIncome": "None", "interestIncome": "None", "interestExpense": "4000000", "nonInterestIncome": "None", "otherNonOperatingIncome": "4000000", "depreciation": "None", "depreciationAndAmortization": "13900000", "incomeBeforeTax": "229300000", "incomeTaxExpense": "74400000", "interestAndDebtExpense": "None", "netIncomeFromContinuingOperations": "154900000", "comprehensiveIncomeNetOfTax": "None", "ebit": "225300000", "ebitda": "239200000", "netIncome": "154900000"}, {"fiscalDateEnding": "2012-03-31", "reportedCurrency": "USD", "grossProfit": "355900000", "totalRevenue": "495200000", "costOfRevenue": "139300000", "costofGoodsAndServicesSold": "139300000", "operatingIncome": "193300000", "sellingGeneralAndAdministrative": "124200000", "researchAndDevelopment": "38400000", "operatingExpenses": "162600000", "investmentIncomeNet": "None", "netInterestIncome": "None", "interestIncome": "None", "interestExpense": "3800000", "nonInterestIncome": "None", "otherNonOperatingIncome": "3800000", "depreciation": "None", "depreciationAndAmortization": "13300000", "incomeBeforeTax": "197100000", "incomeTaxExpense": "53600000", "interestAndDebtExpense": "None", "netIncomeFromContinuingOperations": "143500000", "comprehensiveIncomeNetOfTax": "None", "ebit": "193300000", "ebitda": "206600000", "netIncome": "143500000"}, {"fiscalDateEnding": "2011-12-31", "reportedCurrency": "USD", "grossProfit": "362900000", "totalRevenue": "496800000", "costOfRevenue": "133900000", "costofGoodsAndServicesSold": "133900000", "operatingIncome": "199500000", "sellingGeneralAndAdministrative": "122000000", "researchAndDevelopment": "41400000", "operatingExpenses": "163400000", "investmentIncomeNet": "None", "netInterestIncome": "None", "interestIncome": "None", "interestExpense": "0", "nonInterestIncome": "None", "otherNonOperatingIncome": "3600000", "depreciation": "None", "depreciationAndAmortization": "12500000", "incomeBeforeTax": "203100000", "incomeTaxExpense": "51900000", "interestAndDebtExpense": "None", "netIncomeFromContinuingOperations": "151200000", "comprehensiveIncomeNetOfTax": "None", "ebit": "199500000", "ebitda": "212000000", "netIncome": "151200000"}, {"fiscalDateEnding": "2011-09-30", "reportedCurrency": "USD", "grossProfit": "325500000", "totalRevenue": "446700000", "costOfRevenue": "121200000", "costofGoodsAndServicesSold": "121200000", "operatingIncome": "178900000", "sellingGeneralAndAdministrative": "111200000", "researchAndDevelopment": "35400000", "operatingExpenses": "146600000", "investmentIncomeNet": "None", "netInterestIncome": "None", "interestIncome": "None", "interestExpense": "0", "nonInterestIncome": "None", "otherNonOperatingIncome": "1900000", "depreciation": "None", "depreciationAndAmortization": "11500000", "incomeBeforeTax": "180800000", "incomeTaxExpense": "58400000", "interestAndDebtExpense": "None", "netIncomeFromContinuingOperations": "122400000", "comprehensiveIncomeNetOfTax": "None", "ebit": "178900000", "ebitda": "190400000", "netIncome": "122400000"}, {"fiscalDateEnding": "2011-06-30", "reportedCurrency": "USD", "grossProfit": "306600000", "totalRevenue": "425700000", "costOfRevenue": "119100000", "costofGoodsAndServicesSold": "119100000", "operatingIncome": "168100000", "sellingGeneralAndAdministrative": "106500000", "researchAndDevelopment": "32000000", "operatingExpenses": "138500000", "investmentIncomeNet": "None", "netInterestIncome": "None", "interestIncome": "None", "interestExpense": "0", "nonInterestIncome": "None", "otherNonOperatingIncome": "4100000", "depreciation": "None", "depreciationAndAmortization": "11200000", "incomeBeforeTax": "172200000", "incomeTaxExpense": "54800000", "interestAndDebtExpense": "None", "netIncomeFromContinuingOperations": "117400000", "comprehensiveIncomeNetOfTax": "None", "ebit": "168100000", "ebitda": "179300000", "netIncome": "117400000"}, {"fiscalDateEnding": "2011-03-31", "reportedCurrency": "USD", "grossProfit": "278800000", "totalRevenue": "388100000", "costOfRevenue": "109300000", "costofGoodsAndServicesSold": "109300000", "operatingIncome": "148300000", "sellingGeneralAndAdministrative": "99100000", "researchAndDevelopment": "31400000", "operatingExpenses": "130500000", "investmentIncomeNet": "None", "netInterestIncome": "None", "interestIncome": "None", "interestExpense": "0", "nonInterestIncome": "None", "otherNonOperatingIncome": "5300000", "depreciation": "None", "depreciationAndAmortization": "11300000", "incomeBeforeTax": "153600000", "incomeTaxExpense": "49500000", "interestAndDebtExpense": "None", "netIncomeFromContinuingOperations": "104100000", "comprehensiveIncomeNetOfTax": "None", "ebit": "148300000", "ebitda": "159600000", "netIncome": "104100000"}, {"fiscalDateEnding": "2010-12-31", "reportedCurrency": "USD", "grossProfit": "282100000", "totalRevenue": "389300000", "costOfRevenue": "107200000", "costofGoodsAndServicesSold": "107200000", "operatingIncome": "153700000", "sellingGeneralAndAdministrative": "95800000", "researchAndDevelopment": "32600000", "operatingExpenses": "128400000", "investmentIncomeNet": "None", "netInterestIncome": "None", "interestIncome": "None", "interestExpense": "0", "nonInterestIncome": "None", "otherNonOperatingIncome": "3500000", "depreciation": "None", "depreciationAndAmortization": "10800000", "incomeBeforeTax": "157200000", "incomeTaxExpense": "36000000", "interestAndDebtExpense": "None", "netIncomeFromContinuingOperations": "121200000", "comprehensiveIncomeNetOfTax": "None", "ebit": "153700000", "ebitda": "164500000", "netIncome": "121200000"}, {"fiscalDateEnding": "2010-09-30", "reportedCurrency": "USD", "grossProfit": "250600000", "totalRevenue": "344400000", "costOfRevenue": "93800000", "costofGoodsAndServicesSold": "93800000", "operatingIncome": "132100000", "sellingGeneralAndAdministrative": "91600000", "researchAndDevelopment": "26900000", "operatingExpenses": "118500000", "investmentIncomeNet": "None", "netInterestIncome": "None", "interestIncome": "None", "interestExpense": "0", "nonInterestIncome": "None", "otherNonOperatingIncome": "5000000", "depreciation": "None", "depreciationAndAmortization": "10300000", "incomeBeforeTax": "137100000", "incomeTaxExpense": "50500000", "interestAndDebtExpense": "None", "netIncomeFromContinuingOperations": "86600000", "comprehensiveIncomeNetOfTax": "None", "ebit": "132100000", "ebitda": "142400000", "netIncome": "86600000"}, {"fiscalDateEnding": "2010-06-30", "reportedCurrency": "USD", "grossProfit": "256800000", "totalRevenue": "350700000", "costOfRevenue": "93900000", "costofGoodsAndServicesSold": "93900000", "operatingIncome": "139700000", "sellingGeneralAndAdministrative": "88600000", "researchAndDevelopment": "28500000", "operatingExpenses": "117100000", "investmentIncomeNet": "None", "netInterestIncome": "None", "interestIncome": "None", "interestExpense": "0", "nonInterestIncome": "None", "otherNonOperatingIncome": "4500000", "depreciation": "None", "depreciationAndAmortization": "9800000", "incomeBeforeTax": "144200000", "incomeTaxExpense": "55500000", "interestAndDebtExpense": "None", "netIncomeFromContinuingOperations": "88700000", "comprehensiveIncomeNetOfTax": "None", "ebit": "139700000", "ebitda": "149500000", "netIncome": "88700000"}, {"fiscalDateEnding": "2010-03-31", "reportedCurrency": "USD", "grossProfit": "240500000", "totalRevenue": "328600000", "costOfRevenue": "88100000", "costofGoodsAndServicesSold": "88100000", "operatingIncome": "129700000", "sellingGeneralAndAdministrative": "82800000", "researchAndDevelopment": "28000000", "operatingExpenses": "110800000", "investmentIncomeNet": "None", "netInterestIncome": "None", "interestIncome": "None", "interestExpense": "0", "nonInterestIncome": "None", "otherNonOperatingIncome": "4100000", "depreciation": "None", "depreciationAndAmortization": "9500000", "incomeBeforeTax": "133800000", "incomeTaxExpense": "48500000", "interestAndDebtExpense": "None", "netIncomeFromContinuingOperations": "85300000", "comprehensiveIncomeNetOfTax": "None", "ebit": "129700000", "ebitda": "139200000", "netIncome": "85300000"}, {"fiscalDateEnding": "2009-12-31", "reportedCurrency": "USD", "grossProfit": "233159000", "totalRevenue": "323038000", "costOfRevenue": "89879000", "costofGoodsAndServicesSold": "89879000", "operatingIncome": "128382000", "sellingGeneralAndAdministrative": "79006000", "researchAndDevelopment": "25771000", "operatingExpenses": "104777000", "investmentIncomeNet": "None", "netInterestIncome": "None", "interestIncome": "None", "interestExpense": "0", "nonInterestIncome": "None", "otherNonOperatingIncome": "None", "depreciation": "None", "depreciationAndAmortization": "8679000", "incomeBeforeTax": "132505000", "incomeTaxExpense": "54953000", "interestAndDebtExpense": "None", "netIncomeFromContinuingOperations": "0", "comprehensiveIncomeNetOfTax": "None", "ebit": "128382000", "ebitda": "137061000", "netIncome": "77552000"}, {"fiscalDateEnding": "2009-09-30", "reportedCurrency": "USD", "grossProfit": "199004000", "totalRevenue": "280134000", "costOfRevenue": "81130000", "costofGoodsAndServicesSold": "81130000", "operatingIncome": "104491000", "sellingGeneralAndAdministrative": "69863000", "researchAndDevelopment": "24650000", "operatingExpenses": "94513000", "investmentIncomeNet": "None", "netInterestIncome": "None", "interestIncome": "None", "interestExpense": "0", "nonInterestIncome": "None", "otherNonOperatingIncome": "4362000", "depreciation": "None", "depreciationAndAmortization": "8952000", "incomeBeforeTax": "108853000", "incomeTaxExpense": "44329000", "interestAndDebtExpense": "None", "netIncomeFromContinuingOperations": "64524000", "comprehensiveIncomeNetOfTax": "None", "ebit": "104448000", "ebitda": "113400000", "netIncome": "64524000"}, {"fiscalDateEnding": "2009-06-30", "reportedCurrency": "USD", "grossProfit": "190185000", "totalRevenue": "260624000", "costOfRevenue": "70439000", "costofGoodsAndServicesSold": "70439000", "operatingIncome": "99540000", "sellingGeneralAndAdministrative": "67276000", "researchAndDevelopment": "23369000", "operatingExpenses": "90645000", "investmentIncomeNet": "None", "netInterestIncome": "None", "interestIncome": "None", "interestExpense": "0", "nonInterestIncome": "None", "otherNonOperatingIncome": "5171000", "depreciation": "None", "depreciationAndAmortization": "8949000", "incomeBeforeTax": "104711000", "incomeTaxExpense": "42323000", "interestAndDebtExpense": "None", "netIncomeFromContinuingOperations": "62388000", "comprehensiveIncomeNetOfTax": "None", "ebit": "99551000", "ebitda": "108500000", "netIncome": "62388000"}, {"fiscalDateEnding": "2009-03-31", "reportedCurrency": "USD", "grossProfit": "128704000", "totalRevenue": "188372000", "costOfRevenue": "59668000", "costofGoodsAndServicesSold": "59668000", "operatingIncome": "45026000", "sellingGeneralAndAdministrative": "62366000", "researchAndDevelopment": "21312000", "operatingExpenses": "83678000", "investmentIncomeNet": "None", "netInterestIncome": "None", "interestIncome": "None", "interestExpense": "0", "nonInterestIncome": "None", "otherNonOperatingIncome": "None", "depreciation": "None", "depreciationAndAmortization": "7997000", "incomeBeforeTax": "50042000", "incomeTaxExpense": "21900000", "interestAndDebtExpense": "None", "netIncomeFromContinuingOperations": "0", "comprehensiveIncomeNetOfTax": "None", "ebit": "45003000", "ebitda": "53000000", "netIncome": "28142000"}, {"fiscalDateEnding": "2008-12-31", "reportedCurrency": "USD", "grossProfit": "165340000", "totalRevenue": "231545000", "costOfRevenue": "66205000", "costofGoodsAndServicesSold": "66205000", "operatingIncome": "82737000", "sellingGeneralAndAdministrative": "61740000", "researchAndDevelopment": "20863000", "operatingExpenses": "82603000", "investmentIncomeNet": "None", "netInterestIncome": "None", "interestIncome": "None", "interestExpense": "0", "nonInterestIncome": "None", "otherNonOperatingIncome": "None", "depreciation": "None", "depreciationAndAmortization": "7505000", "incomeBeforeTax": "88262000", "incomeTaxExpense": "37504000", "interestAndDebtExpense": "None", "netIncomeFromContinuingOperations": "0", "comprehensiveIncomeNetOfTax": "None", "ebit": "82737000", "ebitda": "90242000", "netIncome": "50758000"}, {"fiscalDateEnding": "2008-09-30", "reportedCurrency": "USD", "grossProfit": "169575000", "totalRevenue": "235992000", "costOfRevenue": "66417000", "costofGoodsAndServicesSold": "66417000", "operatingIncome": "85032000", "sellingGeneralAndAdministrative": "62692000", "researchAndDevelopment": "21851000", "operatingExpenses": "84543000", "investmentIncomeNet": "None", "netInterestIncome": "None", "interestIncome": "None", "interestExpense": "0", "nonInterestIncome": "None", "otherNonOperatingIncome": "None", "depreciation": "None", "depreciationAndAmortization": "6785000", "incomeBeforeTax": "89626000", "incomeTaxExpense": "32032000", "interestAndDebtExpense": "None", "netIncomeFromContinuingOperations": "0", "comprehensiveIncomeNetOfTax": "None", "ebit": "85032000", "ebitda": "91817000", "netIncome": "57594000"}, {"fiscalDateEnding": "2008-06-30", "reportedCurrency": "USD", "grossProfit": "156056000", "totalRevenue": "219189000", "costOfRevenue": "63133000", "costofGoodsAndServicesSold": "63133000", "operatingIncome": "78195000", "sellingGeneralAndAdministrative": "57504000", "researchAndDevelopment": "20357000", "operatingExpenses": "77861000", "investmentIncomeNet": "None", "netInterestIncome": "None", "interestIncome": "None", "interestExpense": "0", "nonInterestIncome": "None", "otherNonOperatingIncome": "None", "depreciation": "None", "depreciationAndAmortization": "6166000", "incomeBeforeTax": "83902000", "incomeTaxExpense": "32720000", "interestAndDebtExpense": "None", "netIncomeFromContinuingOperations": "0", "comprehensiveIncomeNetOfTax": "None", "ebit": "78195000", "ebitda": "84361000", "netIncome": "51182000"}, {"fiscalDateEnding": "2008-03-31", "reportedCurrency": "USD", "grossProfit": "129807000", "totalRevenue": "188194000", "costOfRevenue": "58387000", "costofGoodsAndServicesSold": "58387000", "operatingIncome": "64872000", "sellingGeneralAndAdministrative": "48634000", "researchAndDevelopment": "16301000", "operatingExpenses": "64935000", "investmentIncomeNet": "None", "netInterestIncome": "None", "interestIncome": "None", "interestExpense": "0", "nonInterestIncome": "None", "otherNonOperatingIncome": "None", "depreciation": "None", "depreciationAndAmortization": "4628000", "incomeBeforeTax": "73413000", "incomeTaxExpense": "28632000", "interestAndDebtExpense": "None", "netIncomeFromContinuingOperations": "0", "comprehensiveIncomeNetOfTax": "None", "ebit": "64872000", "ebitda": "69500000", "netIncome": "44781000"}, {"fiscalDateEnding": "2007-12-31", "reportedCurrency": "USD", "grossProfit": "135200000", "totalRevenue": "189446000", "costOfRevenue": "54246000", "costofGoodsAndServicesSold": "54246000", "operatingIncome": "73381000", "sellingGeneralAndAdministrative": "45696000", "researchAndDevelopment": "16123000", "operatingExpenses": "61819000", "investmentIncomeNet": "None", "netInterestIncome": "None", "interestIncome": "None", "interestExpense": "0", "nonInterestIncome": "None", "otherNonOperatingIncome": "None", "depreciation": "None", "depreciationAndAmortization": "3721000", "incomeBeforeTax": "81813000", "incomeTaxExpense": "32660000", "interestAndDebtExpense": "None", "netIncomeFromContinuingOperations": "0", "comprehensiveIncomeNetOfTax": "None", "ebit": "73381000", "ebitda": "77102000", "netIncome": "49153000"}, {"fiscalDateEnding": "2007-09-30", "reportedCurrency": "USD", "grossProfit": "108470000", "totalRevenue": "156904000", "costOfRevenue": "48434000", "costofGoodsAndServicesSold": "48434000", "operatingIncome": "53988000", "sellingGeneralAndAdministrative": "40163000", "researchAndDevelopment": "14319000", "operatingExpenses": "54482000", "investmentIncomeNet": "None", "netInterestIncome": "None", "interestIncome": "None", "interestExpense": "0", "nonInterestIncome": "None", "otherNonOperatingIncome": "None", "depreciation": "None", "depreciationAndAmortization": "3386000", "incomeBeforeTax": "66208000", "incomeTaxExpense": "25289000", "interestAndDebtExpense": "None", "netIncomeFromContinuingOperations": "0", "comprehensiveIncomeNetOfTax": "None", "ebit": "53988000", "ebitda": "57374000", "netIncome": "40919000"}, {"fiscalDateEnding": "2007-06-30", "reportedCurrency": "USD", "grossProfit": "94108000", "totalRevenue": "140249000", "costOfRevenue": "46141000", "costofGoodsAndServicesSold": "46141000", "operatingIncome": "45033000", "sellingGeneralAndAdministrative": "38883000", "researchAndDevelopment": "10192000", "operatingExpenses": "49075000", "investmentIncomeNet": "None", "netInterestIncome": "None", "interestIncome": "None", "interestExpense": "0", "nonInterestIncome": "None", "otherNonOperatingIncome": "None", "depreciation": "None", "depreciationAndAmortization": "3068000", "incomeBeforeTax": "50265000", "incomeTaxExpense": "19602000", "interestAndDebtExpense": "None", "netIncomeFromContinuingOperations": "0", "comprehensiveIncomeNetOfTax": "None", "ebit": "45033000", "ebitda": "48101000", "netIncome": "30663000"}, {"fiscalDateEnding": "2007-03-31", "reportedCurrency": "USD", "grossProfit": "76508000", "totalRevenue": "114229000", "costOfRevenue": "37721000", "costofGoodsAndServicesSold": "37721000", "operatingIncome": "34339000", "sellingGeneralAndAdministrative": "33945000", "researchAndDevelopment": "8224000", "operatingExpenses": "42169000", "investmentIncomeNet": "None", "netInterestIncome": "None", "interestIncome": "None", "interestExpense": "0", "nonInterestIncome": "None", "otherNonOperatingIncome": "None", "depreciation": "None", "depreciationAndAmortization": "2852000", "incomeBeforeTax": "38947000", "incomeTaxExpense": "15145000", "interestAndDebtExpense": "None", "netIncomeFromContinuingOperations": "0", "comprehensiveIncomeNetOfTax": "None", "ebit": "34339000", "ebitda": "37191000", "netIncome": "23802000"}, {"fiscalDateEnding": "2006-12-31", "reportedCurrency": "USD", "grossProfit": "74945000", "totalRevenue": "112567000", "costOfRevenue": "37622000", "costofGoodsAndServicesSold": "37622000", "operatingIncome": "35446000", "sellingGeneralAndAdministrative": "31051000", "researchAndDevelopment": "8448000", "operatingExpenses": "39499000", "investmentIncomeNet": "None", "netInterestIncome": "None", "interestIncome": "None", "interestExpense": "0", "nonInterestIncome": "None", "otherNonOperatingIncome": "None", "depreciation": "None", "depreciationAndAmortization": "28303000", "incomeBeforeTax": "39627000", "incomeTaxExpense": "15986000", "interestAndDebtExpense": "None", "netIncomeFromContinuingOperations": "0", "comprehensiveIncomeNetOfTax": "None", "ebit": "35446000", "ebitda": "63749000", "netIncome": "23641000"}, {"fiscalDateEnding": "2006-09-30", "reportedCurrency": "USD", "grossProfit": "62233000", "totalRevenue": "95832000", "costOfRevenue": "33599000", "costofGoodsAndServicesSold": "33599000", "operatingIncome": "25676000", "sellingGeneralAndAdministrative": "28578000", "researchAndDevelopment": "7979000", "operatingExpenses": "36557000", "investmentIncomeNet": "None", "netInterestIncome": "None", "interestIncome": "None", "interestExpense": "0", "nonInterestIncome": "None", "otherNonOperatingIncome": "None", "depreciation": "None", "depreciationAndAmortization": "2603000", "incomeBeforeTax": "28822000", "incomeTaxExpense": "11559000", "interestAndDebtExpense": "None", "netIncomeFromContinuingOperations": "0", "comprehensiveIncomeNetOfTax": "None", "ebit": "25676000", "ebitda": "28279000", "netIncome": "17263000"}, {"fiscalDateEnding": "2006-06-30", "reportedCurrency": "USD", "grossProfit": "58977000", "totalRevenue": "87025000", "costOfRevenue": "28048000", "costofGoodsAndServicesSold": "28048000", "operatingIncome": "24507000", "sellingGeneralAndAdministrative": "27265000", "researchAndDevelopment": "7205000", "operatingExpenses": "34470000", "investmentIncomeNet": "None", "netInterestIncome": "None", "interestIncome": "None", "interestExpense": "0", "nonInterestIncome": "None", "otherNonOperatingIncome": "None", "depreciation": "None", "depreciationAndAmortization": "2189000", "incomeBeforeTax": "27762000", "incomeTaxExpense": "11080000", "interestAndDebtExpense": "None", "netIncomeFromContinuingOperations": "0", "comprehensiveIncomeNetOfTax": "None", "ebit": "24507000", "ebitda": "26696000", "netIncome": "16682000"}, {"fiscalDateEnding": "2006-03-31", "reportedCurrency": "USD", "grossProfit": "51681000", "totalRevenue": "77258000", "costOfRevenue": "25577000", "costofGoodsAndServicesSold": "25577000", "operatingIncome": "21726000", "sellingGeneralAndAdministrative": "23810000", "researchAndDevelopment": "6145000", "operatingExpenses": "29955000", "investmentIncomeNet": "None", "netInterestIncome": "None", "interestIncome": "None", "interestExpense": "0", "nonInterestIncome": "None", "otherNonOperatingIncome": "None", "depreciation": "None", "depreciationAndAmortization": "2174000", "incomeBeforeTax": "23927000", "incomeTaxExpense": "9469000", "interestAndDebtExpense": "None", "netIncomeFromContinuingOperations": "0", "comprehensiveIncomeNetOfTax": "None", "ebit": "21726000", "ebitda": "23900000", "netIncome": "14458000"}, {"fiscalDateEnding": "2005-12-31", "reportedCurrency": "USD", "grossProfit": "48562000", "totalRevenue": "72094000", "costOfRevenue": "23532000", "costofGoodsAndServicesSold": "23532000", "operatingIncome": "23511000", "sellingGeneralAndAdministrative": "20784000", "researchAndDevelopment": "4267000", "operatingExpenses": "25051000", "investmentIncomeNet": "None", "netInterestIncome": "None", "interestIncome": "None", "interestExpense": "17000", "nonInterestIncome": "None", "otherNonOperatingIncome": "None", "depreciation": "None", "depreciationAndAmortization": "1791000", "incomeBeforeTax": "25439000", "incomeTaxExpense": "-24087000", "interestAndDebtExpense": "None", "netIncomeFromContinuingOperations": "0", "comprehensiveIncomeNetOfTax": "None", "ebit": "23511000", "ebitda": "25302000", "netIncome": "49526000"}, {"fiscalDateEnding": "2005-09-30", "reportedCurrency": "USD", "grossProfit": "42117000", "totalRevenue": "60874000", "costOfRevenue": "18757000", "costofGoodsAndServicesSold": "18757000", "operatingIncome": "21009000", "sellingGeneralAndAdministrative": "16521000", "researchAndDevelopment": "4587000", "operatingExpenses": "21108000", "investmentIncomeNet": "None", "netInterestIncome": "None", "interestIncome": "None", "interestExpense": "0", "nonInterestIncome": "None", "otherNonOperatingIncome": "None", "depreciation": "None", "depreciationAndAmortization": "1639000", "incomeBeforeTax": "22439000", "incomeTaxExpense": "1719000", "interestAndDebtExpense": "None", "netIncomeFromContinuingOperations": "0", "comprehensiveIncomeNetOfTax": "None", "ebit": "21009000", "ebitda": "22648000", "netIncome": "20720000"}, {"fiscalDateEnding": "2005-06-30", "reportedCurrency": "USD", "grossProfit": "35627000", "totalRevenue": "52756000", "costOfRevenue": "17129000", "costofGoodsAndServicesSold": "17129000", "operatingIncome": "15338000", "sellingGeneralAndAdministrative": "15934000", "researchAndDevelopment": "4355000", "operatingExpenses": "20289000", "investmentIncomeNet": "None", "netInterestIncome": "None", "interestIncome": "None", "interestExpense": "0", "nonInterestIncome": "None", "otherNonOperatingIncome": "None", "depreciation": "None", "depreciationAndAmortization": "1630000", "incomeBeforeTax": "16292000", "incomeTaxExpense": "1508000", "interestAndDebtExpense": "None", "netIncomeFromContinuingOperations": "0", "comprehensiveIncomeNetOfTax": "None", "ebit": "15338000", "ebitda": "16968000", "netIncome": "14784000"}, {"fiscalDateEnding": "2005-03-31", "reportedCurrency": "USD", "grossProfit": "27263000", "totalRevenue": "41614000", "costOfRevenue": "14351000", "costofGoodsAndServicesSold": "14351000", "operatingIncome": "8914000", "sellingGeneralAndAdministrative": "14204000", "researchAndDevelopment": "4145000", "operatingExpenses": "18349000", "investmentIncomeNet": "None", "netInterestIncome": "None", "interestIncome": "None", "interestExpense": "0", "nonInterestIncome": "None", "otherNonOperatingIncome": "None", "depreciation": "None", "depreciationAndAmortization": "1667000", "incomeBeforeTax": "9637000", "incomeTaxExpense": "533000", "interestAndDebtExpense": "None", "netIncomeFromContinuingOperations": "0", "comprehensiveIncomeNetOfTax": "None", "ebit": "8914000", "ebitda": "10581000", "netIncome": "9104000"}, {"fiscalDateEnding": "2004-12-31", "reportedCurrency": "USD", "grossProfit": "29804000", "totalRevenue": "45194000", "costOfRevenue": "15390000", "costofGoodsAndServicesSold": "15390000", "operatingIncome": "10947000", "sellingGeneralAndAdministrative": "14616000", "researchAndDevelopment": "4241000", "operatingExpenses": "18857000", "investmentIncomeNet": "None", "netInterestIncome": "None", "interestIncome": "None", "interestExpense": "91000", "nonInterestIncome": "None", "otherNonOperatingIncome": "None", "depreciation": "None", "depreciationAndAmortization": "1752000", "incomeBeforeTax": "12043000", "incomeTaxExpense": "361000", "interestAndDebtExpense": "None", "netIncomeFromContinuingOperations": "0", "comprehensiveIncomeNetOfTax": "None", "ebit": "10947000", "ebitda": "12699000", "netIncome": "11682000"}]}