{"symbol": "BA", "annualReports": [{"fiscalDateEnding": "2024-12-31", "reportedCurrency": "USD", "grossProfit": "-1991000000", "totalRevenue": "66517000000", "costOfRevenue": "68508000000", "costofGoodsAndServicesSold": "68508000000", "operatingIncome": "-10707000000", "sellingGeneralAndAdministrative": "5021000000", "researchAndDevelopment": "3812000000", "operatingExpenses": "8716000000", "investmentIncomeNet": "None", "netInterestIncome": "-2725000000", "interestIncome": "None", "interestExpense": "2725000000", "nonInterestIncome": "None", "otherNonOperatingIncome": "None", "depreciation": "None", "depreciationAndAmortization": "1836000000", "incomeBeforeTax": "-12210000000", "incomeTaxExpense": "-381000000", "interestAndDebtExpense": "None", "netIncomeFromContinuingOperations": "-11829000000", "comprehensiveIncomeNetOfTax": "None", "ebit": "-9485000000", "ebitda": "-7649000000", "netIncome": "-11817000000"}, {"fiscalDateEnding": "2023-12-31", "reportedCurrency": "USD", "grossProfit": "7724000000", "totalRevenue": "77794000000", "costOfRevenue": "70070000000", "costofGoodsAndServicesSold": "70070000000", "operatingIncome": "-773000000", "sellingGeneralAndAdministrative": "5168000000", "researchAndDevelopment": "3377000000", "operatingExpenses": "8545000000", "investmentIncomeNet": "None", "netInterestIncome": "-2459000000", "interestIncome": "None", "interestExpense": "2459000000", "nonInterestIncome": "None", "otherNonOperatingIncome": "None", "depreciation": "None", "depreciationAndAmortization": "1861000000", "incomeBeforeTax": "-2005000000", "incomeTaxExpense": "-237000000", "interestAndDebtExpense": "None", "netIncomeFromContinuingOperations": "-2242000000", "comprehensiveIncomeNetOfTax": "None", "ebit": "-773000000", "ebitda": "-773000000", "netIncome": "-2222000000"}, {"fiscalDateEnding": "2022-12-31", "reportedCurrency": "USD", "grossProfit": "3530000000", "totalRevenue": "66608000000", "costOfRevenue": "63078000000", "costofGoodsAndServicesSold": "63078000000", "operatingIncome": "-3519000000", "sellingGeneralAndAdministrative": "4187000000", "researchAndDevelopment": "2852000000", "operatingExpenses": "7039000000", "investmentIncomeNet": "None", "netInterestIncome": "-2533000000", "interestIncome": "2533000000", "interestExpense": "2561000000", "nonInterestIncome": "None", "otherNonOperatingIncome": "1058000000", "depreciation": "None", "depreciationAndAmortization": "1979000000", "incomeBeforeTax": "-5022000000", "incomeTaxExpense": "31000000", "interestAndDebtExpense": "None", "netIncomeFromContinuingOperations": "-5053000000", "comprehensiveIncomeNetOfTax": "None", "ebit": "-2489000000", "ebitda": "-510000000", "netIncome": "-4935000000"}, {"fiscalDateEnding": "2021-12-31", "reportedCurrency": "USD", "grossProfit": "3049000000", "totalRevenue": "62286000000", "costOfRevenue": "59237000000", "costofGoodsAndServicesSold": "59237000000", "operatingIncome": "-2870000000", "sellingGeneralAndAdministrative": "4157000000", "researchAndDevelopment": "2249000000", "operatingExpenses": "6406000000", "investmentIncomeNet": "None", "netInterestIncome": "-2682000000", "interestIncome": "2682000000", "interestExpense": "2714000000", "nonInterestIncome": "None", "otherNonOperatingIncome": "None", "depreciation": "None", "depreciationAndAmortization": "2144000000", "incomeBeforeTax": "-5033000000", "incomeTaxExpense": "-743000000", "interestAndDebtExpense": "None", "netIncomeFromContinuingOperations": "-4290000000", "comprehensiveIncomeNetOfTax": "None", "ebit": "-2351000000", "ebitda": "-207000000", "netIncome": "-4202000000"}, {"fiscalDateEnding": "2020-12-31", "reportedCurrency": "USD", "grossProfit": "-5685000000", "totalRevenue": "58158000000", "costOfRevenue": "63843000000", "costofGoodsAndServicesSold": "63843000000", "operatingIncome": "-12767000000", "sellingGeneralAndAdministrative": "4817000000", "researchAndDevelopment": "2476000000", "operatingExpenses": "7293000000", "investmentIncomeNet": "None", "netInterestIncome": "-2156000000", "interestIncome": "2156000000", "interestExpense": "2156000000", "nonInterestIncome": "None", "otherNonOperatingIncome": "447000000", "depreciation": "None", "depreciationAndAmortization": "2246000000", "incomeBeforeTax": "-14476000000", "incomeTaxExpense": "-2535000000", "interestAndDebtExpense": "None", "netIncomeFromContinuingOperations": "-11941000000", "comprehensiveIncomeNetOfTax": "None", "ebit": "-12320000000", "ebitda": "-10074000000", "netIncome": "-11941000000"}, {"fiscalDateEnding": "2019-12-31", "reportedCurrency": "USD", "grossProfit": "4466000000", "totalRevenue": "76559000000", "costOfRevenue": "72093000000", "costofGoodsAndServicesSold": "72093000000", "operatingIncome": "-1975000000", "sellingGeneralAndAdministrative": "3909000000", "researchAndDevelopment": "3219000000", "operatingExpenses": "7128000000", "investmentIncomeNet": "None", "netInterestIncome": "-722000000", "interestIncome": "722000000", "interestExpense": "722000000", "nonInterestIncome": "None", "otherNonOperatingIncome": "438000000", "depreciation": "None", "depreciationAndAmortization": "2271000000", "incomeBeforeTax": "-2259000000", "incomeTaxExpense": "-1623000000", "interestAndDebtExpense": "None", "netIncomeFromContinuingOperations": "-636000000", "comprehensiveIncomeNetOfTax": "None", "ebit": "-1537000000", "ebitda": "734000000", "netIncome": "-636000000"}, {"fiscalDateEnding": "2018-12-31", "reportedCurrency": "USD", "grossProfit": "19637000000", "totalRevenue": "101127000000", "costOfRevenue": "81490000000", "costofGoodsAndServicesSold": "81490000000", "operatingIncome": "11987000000", "sellingGeneralAndAdministrative": "4567000000", "researchAndDevelopment": "3269000000", "operatingExpenses": "7836000000", "investmentIncomeNet": "None", "netInterestIncome": "-475000000", "interestIncome": "474000000", "interestExpense": "475000000", "nonInterestIncome": "None", "otherNonOperatingIncome": "92000000", "depreciation": "None", "depreciationAndAmortization": "2114000000", "incomeBeforeTax": "11604000000", "incomeTaxExpense": "1144000000", "interestAndDebtExpense": "None", "netIncomeFromContinuingOperations": "10460000000", "comprehensiveIncomeNetOfTax": "None", "ebit": "11843000000", "ebitda": "13957000000", "netIncome": "10460000000"}, {"fiscalDateEnding": "2017-12-31", "reportedCurrency": "USD", "grossProfit": "17326000000", "totalRevenue": "93392000000", "costOfRevenue": "76066000000", "costofGoodsAndServicesSold": "76066000000", "operatingIncome": "10278000000", "sellingGeneralAndAdministrative": "4094000000", "researchAndDevelopment": "3179000000", "operatingExpenses": "7273000000", "investmentIncomeNet": "None", "netInterestIncome": "-360000000", "interestIncome": "344000000", "interestExpense": "360000000", "nonInterestIncome": "None", "otherNonOperatingIncome": "129000000", "depreciation": "None", "depreciationAndAmortization": "2069000000", "incomeBeforeTax": "10047000000", "incomeTaxExpense": "1850000000", "interestAndDebtExpense": "None", "netIncomeFromContinuingOperations": "11897000000", "comprehensiveIncomeNetOfTax": "None", "ebit": "10091000000", "ebitda": "12160000000", "netIncome": "8197000000"}, {"fiscalDateEnding": "2016-12-31", "reportedCurrency": "USD", "grossProfit": "13781000000", "totalRevenue": "94571000000", "costOfRevenue": "80790000000", "costofGoodsAndServicesSold": "80790000000", "operatingIncome": "5834000000", "sellingGeneralAndAdministrative": "3616000000", "researchAndDevelopment": "4627000000", "operatingExpenses": "8243000000", "investmentIncomeNet": "None", "netInterestIncome": "-306000000", "interestIncome": "306000000", "interestExpense": "306000000", "nonInterestIncome": "None", "otherNonOperatingIncome": "40000000", "depreciation": "None", "depreciationAndAmortization": "1910000000", "incomeBeforeTax": "5568000000", "incomeTaxExpense": "673000000", "interestAndDebtExpense": "None", "netIncomeFromContinuingOperations": "6241000000", "comprehensiveIncomeNetOfTax": "None", "ebit": "5874000000", "ebitda": "7784000000", "netIncome": "4895000000"}, {"fiscalDateEnding": "2015-12-31", "reportedCurrency": "USD", "grossProfit": "14026000000", "totalRevenue": "96114000000", "costOfRevenue": "82088000000", "costofGoodsAndServicesSold": "82088000000", "operatingIncome": "7443000000", "sellingGeneralAndAdministrative": "3525000000", "researchAndDevelopment": "3331000000", "operatingExpenses": "6856000000", "investmentIncomeNet": "None", "netInterestIncome": "None", "interestIncome": "275000000", "interestExpense": "275000000", "nonInterestIncome": "None", "otherNonOperatingIncome": "-13000000", "depreciation": "None", "depreciationAndAmortization": "1833000000", "incomeBeforeTax": "7155000000", "incomeTaxExpense": "1979000000", "interestAndDebtExpense": "None", "netIncomeFromContinuingOperations": "5176000000", "comprehensiveIncomeNetOfTax": "None", "ebit": "7170000000", "ebitda": "9003000000", "netIncome": "5176000000"}, {"fiscalDateEnding": "2014-12-31", "reportedCurrency": "USD", "grossProfit": "14010000000", "totalRevenue": "90762000000", "costOfRevenue": "76752000000", "costofGoodsAndServicesSold": "76752000000", "operatingIncome": "7473000000", "sellingGeneralAndAdministrative": "3767000000", "researchAndDevelopment": "3047000000", "operatingExpenses": "6814000000", "investmentIncomeNet": "None", "netInterestIncome": "None", "interestIncome": "None", "interestExpense": "333000000", "nonInterestIncome": "None", "otherNonOperatingIncome": "-3000000", "depreciation": "None", "depreciationAndAmortization": "1906000000", "incomeBeforeTax": "7137000000", "incomeTaxExpense": "1691000000", "interestAndDebtExpense": "None", "netIncomeFromContinuingOperations": "5446000000", "comprehensiveIncomeNetOfTax": "None", "ebit": "7196000000", "ebitda": "9102000000", "netIncome": "5446000000"}, {"fiscalDateEnding": "2013-12-31", "reportedCurrency": "USD", "grossProfit": "13355000000", "totalRevenue": "86623000000", "costOfRevenue": "73268000000", "costofGoodsAndServicesSold": "73268000000", "operatingIncome": "6562000000", "sellingGeneralAndAdministrative": "3956000000", "researchAndDevelopment": "3071000000", "operatingExpenses": "7027000000", "investmentIncomeNet": "None", "netInterestIncome": "None", "interestIncome": "None", "interestExpense": "386000000", "nonInterestIncome": "None", "otherNonOperatingIncome": "56000000", "depreciation": "None", "depreciationAndAmortization": "1844000000", "incomeBeforeTax": "6232000000", "incomeTaxExpense": "1646000000", "interestAndDebtExpense": "None", "netIncomeFromContinuingOperations": "4586000000", "comprehensiveIncomeNetOfTax": "None", "ebit": "6328000000", "ebitda": "8172000000", "netIncome": "4585000000"}, {"fiscalDateEnding": "2012-12-31", "reportedCurrency": "USD", "grossProfit": "13054000000", "totalRevenue": "81698000000", "costOfRevenue": "68644000000", "costofGoodsAndServicesSold": "68644000000", "operatingIncome": "6311000000", "sellingGeneralAndAdministrative": "3717000000", "researchAndDevelopment": "3298000000", "operatingExpenses": "7015000000", "investmentIncomeNet": "None", "netInterestIncome": "None", "interestIncome": "None", "interestExpense": "463000000", "nonInterestIncome": "None", "otherNonOperatingIncome": "62000000", "depreciation": "None", "depreciationAndAmortization": "1811000000", "incomeBeforeTax": "5910000000", "incomeTaxExpense": "2007000000", "interestAndDebtExpense": "None", "netIncomeFromContinuingOperations": "3903000000", "comprehensiveIncomeNetOfTax": "None", "ebit": "6373000000", "ebitda": "8184000000", "netIncome": "3900000000"}, {"fiscalDateEnding": "2011-12-31", "reportedCurrency": "USD", "grossProfit": "12868000000", "totalRevenue": "68735000000", "costOfRevenue": "55867000000", "costofGoodsAndServicesSold": "55867000000", "operatingIncome": "5844000000", "sellingGeneralAndAdministrative": "3408000000", "researchAndDevelopment": "3918000000", "operatingExpenses": "7048000000", "investmentIncomeNet": "None", "netInterestIncome": "None", "interestIncome": "None", "interestExpense": "498000000", "nonInterestIncome": "None", "otherNonOperatingIncome": "47000000", "depreciation": "None", "depreciationAndAmortization": "1660000000", "incomeBeforeTax": "5393000000", "incomeTaxExpense": "1382000000", "interestAndDebtExpense": "None", "netIncomeFromContinuingOperations": "4011000000", "comprehensiveIncomeNetOfTax": "None", "ebit": "5891000000", "ebitda": "7551000000", "netIncome": "4018000000"}, {"fiscalDateEnding": "2010-12-31", "reportedCurrency": "USD", "grossProfit": "12463000000", "totalRevenue": "64306000000", "costOfRevenue": "51843000000", "costofGoodsAndServicesSold": "51843000000", "operatingIncome": "4971000000", "sellingGeneralAndAdministrative": "3644000000", "researchAndDevelopment": "4121000000", "operatingExpenses": "7492000000", "investmentIncomeNet": "None", "netInterestIncome": "None", "interestIncome": "None", "interestExpense": "516000000", "nonInterestIncome": "None", "otherNonOperatingIncome": "52000000", "depreciation": "None", "depreciationAndAmortization": "1727000000", "incomeBeforeTax": "4507000000", "incomeTaxExpense": "1196000000", "interestAndDebtExpense": "None", "netIncomeFromContinuingOperations": "3311000000", "comprehensiveIncomeNetOfTax": "None", "ebit": "5023000000", "ebitda": "6750000000", "netIncome": "3307000000"}, {"fiscalDateEnding": "2009-12-31", "reportedCurrency": "USD", "grossProfit": "11741000000", "totalRevenue": "68281000000", "costOfRevenue": "56540000000", "costofGoodsAndServicesSold": "56540000000", "operatingIncome": "2096000000", "sellingGeneralAndAdministrative": "3364000000", "researchAndDevelopment": "6506000000", "operatingExpenses": "9645000000", "investmentIncomeNet": "None", "netInterestIncome": "None", "interestIncome": "None", "interestExpense": "339000000", "nonInterestIncome": "None", "otherNonOperatingIncome": "-26000000", "depreciation": "None", "depreciationAndAmortization": "1666000000", "incomeBeforeTax": "1731000000", "incomeTaxExpense": "396000000", "interestAndDebtExpense": "None", "netIncomeFromContinuingOperations": "1335000000", "comprehensiveIncomeNetOfTax": "None", "ebit": "2070000000", "ebitda": "3736000000", "netIncome": "1312000000"}, {"fiscalDateEnding": "2008-12-31", "reportedCurrency": "USD", "grossProfit": "10557000000", "totalRevenue": "60909000000", "costOfRevenue": "50352000000", "costofGoodsAndServicesSold": "50352000000", "operatingIncome": "3950000000", "sellingGeneralAndAdministrative": "3084000000", "researchAndDevelopment": "3768000000", "operatingExpenses": "6611000000", "investmentIncomeNet": "None", "netInterestIncome": "None", "interestIncome": "None", "interestExpense": "202000000", "nonInterestIncome": "None", "otherNonOperatingIncome": "None", "depreciation": "None", "depreciationAndAmortization": "1491000000", "incomeBeforeTax": "3995000000", "incomeTaxExpense": "1341000000", "interestAndDebtExpense": "None", "netIncomeFromContinuingOperations": "None", "comprehensiveIncomeNetOfTax": "None", "ebit": "4197000000", "ebitda": "5688000000", "netIncome": "2672000000"}, {"fiscalDateEnding": "2007-12-31", "reportedCurrency": "USD", "grossProfit": "12985000000", "totalRevenue": "66387000000", "costOfRevenue": "53402000000", "costofGoodsAndServicesSold": "53402000000", "operatingIncome": "5830000000", "sellingGeneralAndAdministrative": "3531000000", "researchAndDevelopment": "3850000000", "operatingExpenses": "7193000000", "investmentIncomeNet": "None", "netInterestIncome": "None", "interestIncome": "None", "interestExpense": "196000000", "nonInterestIncome": "None", "otherNonOperatingIncome": "None", "depreciation": "None", "depreciationAndAmortization": "1486000000", "incomeBeforeTax": "6118000000", "incomeTaxExpense": "2060000000", "interestAndDebtExpense": "None", "netIncomeFromContinuingOperations": "None", "comprehensiveIncomeNetOfTax": "None", "ebit": "6314000000", "ebitda": "7800000000", "netIncome": "4074000000"}, {"fiscalDateEnding": "2006-12-31", "reportedCurrency": "USD", "grossProfit": "11093000000", "totalRevenue": "61530000000", "costOfRevenue": "50437000000", "costofGoodsAndServicesSold": "50437000000", "operatingIncome": "3014000000", "sellingGeneralAndAdministrative": "4171000000", "researchAndDevelopment": "3257000000", "operatingExpenses": "7999000000", "investmentIncomeNet": "None", "netInterestIncome": "None", "interestIncome": "None", "interestExpense": "240000000", "nonInterestIncome": "None", "otherNonOperatingIncome": "None", "depreciation": "None", "depreciationAndAmortization": "1545000000", "incomeBeforeTax": "3194000000", "incomeTaxExpense": "988000000", "interestAndDebtExpense": "None", "netIncomeFromContinuingOperations": "None", "comprehensiveIncomeNetOfTax": "None", "ebit": "3434000000", "ebitda": "4979000000", "netIncome": "2215000000"}, {"fiscalDateEnding": "2005-12-31", "reportedCurrency": "USD", "grossProfit": "8637000000", "totalRevenue": "54845000000", "costOfRevenue": "46208000000", "costofGoodsAndServicesSold": "46208000000", "operatingIncome": "2812000000", "sellingGeneralAndAdministrative": "4228000000", "researchAndDevelopment": "2205000000", "operatingExpenses": "6345000000", "investmentIncomeNet": "None", "netInterestIncome": "None", "interestIncome": "None", "interestExpense": "294000000", "nonInterestIncome": "None", "otherNonOperatingIncome": "None", "depreciation": "None", "depreciationAndAmortization": "1503000000", "incomeBeforeTax": "2819000000", "incomeTaxExpense": "257000000", "interestAndDebtExpense": "None", "netIncomeFromContinuingOperations": "None", "comprehensiveIncomeNetOfTax": "None", "ebit": "3415000000", "ebitda": "4918000000", "netIncome": "2572000000"}], "quarterlyReports": [{"fiscalDateEnding": "2024-12-31", "reportedCurrency": "USD", "grossProfit": "-1589000000", "totalRevenue": "15242000000", "costOfRevenue": "16831000000", "costofGoodsAndServicesSold": "16831000000", "operatingIncome": "-3770000000", "sellingGeneralAndAdministrative": "1398000000", "researchAndDevelopment": "836000000", "operatingExpenses": "2181000000", "investmentIncomeNet": "None", "netInterestIncome": "-755000000", "interestIncome": "None", "interestExpense": "755000000", "nonInterestIncome": "None", "otherNonOperatingIncome": "None", "depreciation": "None", "depreciationAndAmortization": "509000000", "incomeBeforeTax": "-4093000000", "incomeTaxExpense": "-232000000", "interestAndDebtExpense": "None", "netIncomeFromContinuingOperations": "-3861000000", "comprehensiveIncomeNetOfTax": "None", "ebit": "-3338000000", "ebitda": "-2829000000", "netIncome": "-3865000000"}, {"fiscalDateEnding": "2024-09-30", "reportedCurrency": "USD", "grossProfit": "-3507000000", "totalRevenue": "17840000000", "costOfRevenue": "21347000000", "costofGoodsAndServicesSold": "21347000000", "operatingIncome": "-5761000000", "sellingGeneralAndAdministrative": "1085000000", "researchAndDevelopment": "1154000000", "operatingExpenses": "2254000000", "investmentIncomeNet": "None", "netInterestIncome": "-728000000", "interestIncome": "None", "interestExpense": "728000000", "nonInterestIncome": "None", "otherNonOperatingIncome": "None", "depreciation": "None", "depreciationAndAmortization": "444000000", "incomeBeforeTax": "-6224000000", "incomeTaxExpense": "-50000000", "interestAndDebtExpense": "None", "netIncomeFromContinuingOperations": "-6174000000", "comprehensiveIncomeNetOfTax": "None", "ebit": "-5496000000", "ebitda": "-5052000000", "netIncome": "-6170000000"}, {"fiscalDateEnding": "2024-06-30", "reportedCurrency": "USD", "grossProfit": "1229000000", "totalRevenue": "16866000000", "costOfRevenue": "15637000000", "costofGoodsAndServicesSold": "15637000000", "operatingIncome": "-1090000000", "sellingGeneralAndAdministrative": "1377000000", "researchAndDevelopment": "954000000", "operatingExpenses": "2319000000", "investmentIncomeNet": "None", "netInterestIncome": "-673000000", "interestIncome": "None", "interestExpense": "673000000", "nonInterestIncome": "None", "otherNonOperatingIncome": "None", "depreciation": "None", "depreciationAndAmortization": "441000000", "incomeBeforeTax": "-1515000000", "incomeTaxExpense": "-76000000", "interestAndDebtExpense": "None", "netIncomeFromContinuingOperations": "-1439000000", "comprehensiveIncomeNetOfTax": "None", "ebit": "-842000000", "ebitda": "-401000000", "netIncome": "-1439000000"}, {"fiscalDateEnding": "2024-03-31", "reportedCurrency": "USD", "grossProfit": "1876000000", "totalRevenue": "16569000000", "costOfRevenue": "14693000000", "costofGoodsAndServicesSold": "14693000000", "operatingIncome": "-86000000", "sellingGeneralAndAdministrative": "1161000000", "researchAndDevelopment": "868000000", "operatingExpenses": "1962000000", "investmentIncomeNet": "None", "netInterestIncome": "-569000000", "interestIncome": "None", "interestExpense": "569000000", "nonInterestIncome": "None", "otherNonOperatingIncome": "None", "depreciation": "None", "depreciationAndAmortization": "442000000", "incomeBeforeTax": "-378000000", "incomeTaxExpense": "-23000000", "interestAndDebtExpense": "None", "netIncomeFromContinuingOperations": "-355000000", "comprehensiveIncomeNetOfTax": "None", "ebit": "191000000", "ebitda": "633000000", "netIncome": "-343000000"}, {"fiscalDateEnding": "2023-12-31", "reportedCurrency": "USD", "grossProfit": "2697000000", "totalRevenue": "22018000000", "costOfRevenue": "19321000000", "costofGoodsAndServicesSold": "19321000000", "operatingIncome": "283000000", "sellingGeneralAndAdministrative": "1535000000", "researchAndDevelopment": "881000000", "operatingExpenses": "2416000000", "investmentIncomeNet": "None", "netInterestIncome": "-600000000", "interestIncome": "None", "interestExpense": "600000000", "nonInterestIncome": "None", "otherNonOperatingIncome": "None", "depreciation": "None", "depreciationAndAmortization": "481000000", "incomeBeforeTax": "-9000000", "incomeTaxExpense": "21000000", "interestAndDebtExpense": "None", "netIncomeFromContinuingOperations": "-30000000", "comprehensiveIncomeNetOfTax": "None", "ebit": "570000000", "ebitda": "1051000000", "netIncome": "-23000000"}, {"fiscalDateEnding": "2023-09-30", "reportedCurrency": "USD", "grossProfit": "1165000000", "totalRevenue": "18104000000", "costOfRevenue": "16939000000", "costofGoodsAndServicesSold": "16939000000", "operatingIncome": "-808000000", "sellingGeneralAndAdministrative": "1043000000", "researchAndDevelopment": "958000000", "operatingExpenses": "2001000000", "investmentIncomeNet": "None", "netInterestIncome": "-589000000", "interestIncome": "589000000", "interestExpense": "589000000", "nonInterestIncome": "None", "otherNonOperatingIncome": "None", "depreciation": "None", "depreciationAndAmortization": "467000000", "incomeBeforeTax": "-1100000000", "incomeTaxExpense": "538000000", "interestAndDebtExpense": "None", "netIncomeFromContinuingOperations": "-1638000000", "comprehensiveIncomeNetOfTax": "None", "ebit": "-511000000", "ebitda": "-44000000", "netIncome": "-1636000000"}, {"fiscalDateEnding": "2023-06-30", "reportedCurrency": "USD", "grossProfit": "1939000000", "totalRevenue": "19751000000", "costOfRevenue": "17812000000", "costofGoodsAndServicesSold": "17812000000", "operatingIncome": "-99000000", "sellingGeneralAndAdministrative": "1286000000", "researchAndDevelopment": "797000000", "operatingExpenses": "2083000000", "investmentIncomeNet": "None", "netInterestIncome": "-621000000", "interestIncome": "621000000", "interestExpense": "621000000", "nonInterestIncome": "None", "otherNonOperatingIncome": "320000000", "depreciation": "None", "depreciationAndAmortization": "456000000", "incomeBeforeTax": "-400000000", "incomeTaxExpense": "-251000000", "interestAndDebtExpense": "None", "netIncomeFromContinuingOperations": "-149000000", "comprehensiveIncomeNetOfTax": "None", "ebit": "4000000", "ebitda": "460000000", "netIncome": "-149000000"}, {"fiscalDateEnding": "2023-03-31", "reportedCurrency": "USD", "grossProfit": "1923000000", "totalRevenue": "17921000000", "costOfRevenue": "15998000000", "costofGoodsAndServicesSold": "15998000000", "operatingIncome": "-149000000", "sellingGeneralAndAdministrative": "1304000000", "researchAndDevelopment": "741000000", "operatingExpenses": "2072000000", "investmentIncomeNet": "None", "netInterestIncome": "-649000000", "interestIncome": "649000000", "interestExpense": "649000000", "nonInterestIncome": "None", "otherNonOperatingIncome": "302000000", "depreciation": "None", "depreciationAndAmortization": "457000000", "incomeBeforeTax": "-496000000", "incomeTaxExpense": "-71000000", "interestAndDebtExpense": "None", "netIncomeFromContinuingOperations": "-425000000", "comprehensiveIncomeNetOfTax": "None", "ebit": "153000000", "ebitda": "610000000", "netIncome": "-414000000"}, {"fiscalDateEnding": "2022-12-31", "reportedCurrency": "USD", "grossProfit": "1856000000", "totalRevenue": "19980000000", "costOfRevenue": "18124000000", "costofGoodsAndServicesSold": "18124000000", "operatingIncome": "-353000000", "sellingGeneralAndAdministrative": "1430000000", "researchAndDevelopment": "794000000", "operatingExpenses": "2224000000", "investmentIncomeNet": "None", "netInterestIncome": "-632000000", "interestIncome": "632000000", "interestExpense": "632000000", "nonInterestIncome": "None", "otherNonOperatingIncome": "336000000", "depreciation": "None", "depreciationAndAmortization": "502000000", "incomeBeforeTax": "-649000000", "incomeTaxExpense": "14000000", "interestAndDebtExpense": "None", "netIncomeFromContinuingOperations": "-663000000", "comprehensiveIncomeNetOfTax": "None", "ebit": "-17000000", "ebitda": "485000000", "netIncome": "-545000000"}, {"fiscalDateEnding": "2022-09-30", "reportedCurrency": "USD", "grossProfit": "-822000000", "totalRevenue": "15956000000", "costOfRevenue": "16778000000", "costofGoodsAndServicesSold": "16778000000", "operatingIncome": "-2799000000", "sellingGeneralAndAdministrative": "1226000000", "researchAndDevelopment": "727000000", "operatingExpenses": "1953000000", "investmentIncomeNet": "None", "netInterestIncome": "-621000000", "interestIncome": "621000000", "interestExpense": "621000000", "nonInterestIncome": "None", "otherNonOperatingIncome": "288000000", "depreciation": "None", "depreciationAndAmortization": "493000000", "incomeBeforeTax": "-3132000000", "incomeTaxExpense": "176000000", "interestAndDebtExpense": "None", "netIncomeFromContinuingOperations": "-3308000000", "comprehensiveIncomeNetOfTax": "None", "ebit": "-2511000000", "ebitda": "-2018000000", "netIncome": "-3308000000"}, {"fiscalDateEnding": "2022-06-30", "reportedCurrency": "USD", "grossProfit": "2122000000", "totalRevenue": "16681000000", "costOfRevenue": "14559000000", "costofGoodsAndServicesSold": "14559000000", "operatingIncome": "774000000", "sellingGeneralAndAdministrative": "668000000", "researchAndDevelopment": "698000000", "operatingExpenses": "1366000000", "investmentIncomeNet": "None", "netInterestIncome": "-650000000", "interestIncome": "650000000", "interestExpense": "650000000", "nonInterestIncome": "None", "otherNonOperatingIncome": "253000000", "depreciation": "None", "depreciationAndAmortization": "498000000", "incomeBeforeTax": "377000000", "incomeTaxExpense": "217000000", "interestAndDebtExpense": "None", "netIncomeFromContinuingOperations": "160000000", "comprehensiveIncomeNetOfTax": "None", "ebit": "1382000000", "ebitda": "1880000000", "netIncome": "160000000"}, {"fiscalDateEnding": "2022-03-31", "reportedCurrency": "USD", "grossProfit": "346000000", "totalRevenue": "13991000000", "costOfRevenue": "13645000000", "costofGoodsAndServicesSold": "13645000000", "operatingIncome": "-1169000000", "sellingGeneralAndAdministrative": "863000000", "researchAndDevelopment": "633000000", "operatingExpenses": "1496000000", "investmentIncomeNet": "None", "netInterestIncome": "-630000000", "interestIncome": "630000000", "interestExpense": "630000000", "nonInterestIncome": "None", "otherNonOperatingIncome": "181000000", "depreciation": "None", "depreciationAndAmortization": "486000000", "incomeBeforeTax": "-1618000000", "incomeTaxExpense": "-376000000", "interestAndDebtExpense": "None", "netIncomeFromContinuingOperations": "-1242000000", "comprehensiveIncomeNetOfTax": "None", "ebit": "-988000000", "ebitda": "-502000000", "netIncome": "-1242000000"}, {"fiscalDateEnding": "2021-12-31", "reportedCurrency": "USD", "grossProfit": "-2514000000", "totalRevenue": "14793000000", "costOfRevenue": "17307000000", "costofGoodsAndServicesSold": "17307000000", "operatingIncome": "-4171000000", "sellingGeneralAndAdministrative": "988000000", "researchAndDevelopment": "678000000", "operatingExpenses": "1666000000", "investmentIncomeNet": "None", "netInterestIncome": "-661000000", "interestIncome": "661000000", "interestExpense": "661000000", "nonInterestIncome": "None", "otherNonOperatingIncome": "None", "depreciation": "None", "depreciationAndAmortization": "534000000", "incomeBeforeTax": "-4700000000", "incomeTaxExpense": "-536000000", "interestAndDebtExpense": "None", "netIncomeFromContinuingOperations": "-4164000000", "comprehensiveIncomeNetOfTax": "None", "ebit": "-4039000000", "ebitda": "-3505000000", "netIncome": "-4164000000"}, {"fiscalDateEnding": "2021-09-30", "reportedCurrency": "USD", "grossProfit": "1712000000", "totalRevenue": "15278000000", "costOfRevenue": "13566000000", "costofGoodsAndServicesSold": "13566000000", "operatingIncome": "329000000", "sellingGeneralAndAdministrative": "1097000000", "researchAndDevelopment": "575000000", "operatingExpenses": "1672000000", "investmentIncomeNet": "None", "netInterestIncome": "-669000000", "interestIncome": "669000000", "interestExpense": "669000000", "nonInterestIncome": "None", "otherNonOperatingIncome": "30000000", "depreciation": "None", "depreciationAndAmortization": "523000000", "incomeBeforeTax": "-310000000", "incomeTaxExpense": "-178000000", "interestAndDebtExpense": "None", "netIncomeFromContinuingOperations": "-132000000", "comprehensiveIncomeNetOfTax": "None", "ebit": "676000000", "ebitda": "1199000000", "netIncome": "-132000000"}, {"fiscalDateEnding": "2021-06-30", "reportedCurrency": "USD", "grossProfit": "2410000000", "totalRevenue": "16998000000", "costOfRevenue": "14588000000", "costofGoodsAndServicesSold": "14588000000", "operatingIncome": "1023000000", "sellingGeneralAndAdministrative": "1040000000", "researchAndDevelopment": "497000000", "operatingExpenses": "1537000000", "investmentIncomeNet": "None", "netInterestIncome": "-673000000", "interestIncome": "673000000", "interestExpense": "673000000", "nonInterestIncome": "None", "otherNonOperatingIncome": "199000000", "depreciation": "None", "depreciationAndAmortization": "551000000", "incomeBeforeTax": "549000000", "incomeTaxExpense": "-18000000", "interestAndDebtExpense": "None", "netIncomeFromContinuingOperations": "567000000", "comprehensiveIncomeNetOfTax": "None", "ebit": "1568000000", "ebitda": "2119000000", "netIncome": "567000000"}, {"fiscalDateEnding": "2021-03-31", "reportedCurrency": "USD", "grossProfit": "1409000000", "totalRevenue": "15217000000", "costOfRevenue": "13808000000", "costofGoodsAndServicesSold": "13808000000", "operatingIncome": "-83000000", "sellingGeneralAndAdministrative": "1032000000", "researchAndDevelopment": "499000000", "operatingExpenses": "1531000000", "investmentIncomeNet": "None", "netInterestIncome": "-679000000", "interestIncome": "679000000", "interestExpense": "679000000", "nonInterestIncome": "None", "otherNonOperatingIncome": "190000000", "depreciation": "None", "depreciationAndAmortization": "536000000", "incomeBeforeTax": "-572000000", "incomeTaxExpense": "-11000000", "interestAndDebtExpense": "None", "netIncomeFromContinuingOperations": "-561000000", "comprehensiveIncomeNetOfTax": "None", "ebit": "628000000", "ebitda": "1164000000", "netIncome": "-561000000"}, {"fiscalDateEnding": "2020-12-31", "reportedCurrency": "USD", "grossProfit": "-5688000000", "totalRevenue": "15304000000", "costOfRevenue": "20992000000", "costofGoodsAndServicesSold": "20992000000", "operatingIncome": "-8049000000", "sellingGeneralAndAdministrative": "1828000000", "researchAndDevelopment": "605000000", "operatingExpenses": "2433000000", "investmentIncomeNet": "None", "netInterestIncome": "-698000000", "interestIncome": "698000000", "interestExpense": "698000000", "nonInterestIncome": "None", "otherNonOperatingIncome": "122000000", "depreciation": "None", "depreciationAndAmortization": "578000000", "incomeBeforeTax": "-8625000000", "incomeTaxExpense": "-186000000", "interestAndDebtExpense": "None", "netIncomeFromContinuingOperations": "-3741000000", "comprehensiveIncomeNetOfTax": "None", "ebit": "-7927000000", "ebitda": "-7349000000", "netIncome": "-8439000000"}, {"fiscalDateEnding": "2020-09-30", "reportedCurrency": "USD", "grossProfit": "1034000000", "totalRevenue": "14139000000", "costOfRevenue": "13105000000", "costofGoodsAndServicesSold": "13105000000", "operatingIncome": "-401000000", "sellingGeneralAndAdministrative": "955000000", "researchAndDevelopment": "574000000", "operatingExpenses": "1529000000", "investmentIncomeNet": "None", "netInterestIncome": "-643000000", "interestIncome": "643000000", "interestExpense": "643000000", "nonInterestIncome": "None", "otherNonOperatingIncome": "119000000", "depreciation": "None", "depreciationAndAmortization": "565000000", "incomeBeforeTax": "-925000000", "incomeTaxExpense": "-459000000", "interestAndDebtExpense": "None", "netIncomeFromContinuingOperations": "-1384000000", "comprehensiveIncomeNetOfTax": "None", "ebit": "-282000000", "ebitda": "283000000", "netIncome": "-466000000"}, {"fiscalDateEnding": "2020-06-30", "reportedCurrency": "USD", "grossProfit": "-1171000000", "totalRevenue": "11807000000", "costOfRevenue": "12978000000", "costofGoodsAndServicesSold": "12978000000", "operatingIncome": "-2964000000", "sellingGeneralAndAdministrative": "1161000000", "researchAndDevelopment": "625000000", "operatingExpenses": "1786000000", "investmentIncomeNet": "None", "netInterestIncome": "-553000000", "interestIncome": "547000000", "interestExpense": "553000000", "nonInterestIncome": "None", "otherNonOperatingIncome": "94000000", "depreciation": "None", "depreciationAndAmortization": "547000000", "incomeBeforeTax": "-3423000000", "incomeTaxExpense": "-1028000000", "interestAndDebtExpense": "None", "netIncomeFromContinuingOperations": "-4451000000", "comprehensiveIncomeNetOfTax": "None", "ebit": "-2870000000", "ebitda": "-2323000000", "netIncome": "-2395000000"}, {"fiscalDateEnding": "2020-03-31", "reportedCurrency": "USD", "grossProfit": "140000000", "totalRevenue": "16908000000", "costOfRevenue": "16768000000", "costofGoodsAndServicesSold": "16768000000", "operatingIncome": "-1353000000", "sellingGeneralAndAdministrative": "873000000", "researchAndDevelopment": "672000000", "operatingExpenses": "1545000000", "investmentIncomeNet": "None", "netInterestIncome": "-262000000", "interestIncome": "257000000", "interestExpense": "262000000", "nonInterestIncome": "None", "otherNonOperatingIncome": "112000000", "depreciation": "None", "depreciationAndAmortization": "556000000", "incomeBeforeTax": "-1503000000", "incomeTaxExpense": "-862000000", "interestAndDebtExpense": "None", "netIncomeFromContinuingOperations": "-2365000000", "comprehensiveIncomeNetOfTax": "None", "ebit": "-1241000000", "ebitda": "-685000000", "netIncome": "-641000000"}, {"fiscalDateEnding": "2019-12-31", "reportedCurrency": "USD", "grossProfit": "-797000000", "totalRevenue": "17911000000", "costOfRevenue": "18708000000", "costofGoodsAndServicesSold": "18708000000", "operatingIncome": "-2204000000", "sellingGeneralAndAdministrative": "1052000000", "researchAndDevelopment": "749000000", "operatingExpenses": "1801000000", "investmentIncomeNet": "None", "netInterestIncome": "-242000000", "interestIncome": "242000000", "interestExpense": "242000000", "nonInterestIncome": "None", "otherNonOperatingIncome": "104000000", "depreciation": "None", "depreciationAndAmortization": "628000000", "incomeBeforeTax": "-2342000000", "incomeTaxExpense": "-1332000000", "interestAndDebtExpense": "None", "netIncomeFromContinuingOperations": "-1010000000", "comprehensiveIncomeNetOfTax": "None", "ebit": "-2100000000", "ebitda": "-1472000000", "netIncome": "-1010000000"}, {"fiscalDateEnding": "2019-09-30", "reportedCurrency": "USD", "grossProfit": "3050000000", "totalRevenue": "19980000000", "costOfRevenue": "16930000000", "costofGoodsAndServicesSold": "16930000000", "operatingIncome": "1259000000", "sellingGeneralAndAdministrative": "1001000000", "researchAndDevelopment": "778000000", "operatingExpenses": "1779000000", "investmentIncomeNet": "None", "netInterestIncome": "-203000000", "interestIncome": "204000000", "interestExpense": "203000000", "nonInterestIncome": "None", "otherNonOperatingIncome": "121000000", "depreciation": "None", "depreciationAndAmortization": "576000000", "incomeBeforeTax": "1177000000", "incomeTaxExpense": "10000000", "interestAndDebtExpense": "None", "netIncomeFromContinuingOperations": "1167000000", "comprehensiveIncomeNetOfTax": "None", "ebit": "1337000000", "ebitda": "1913000000", "netIncome": "1167000000"}, {"fiscalDateEnding": "2019-06-30", "reportedCurrency": "USD", "grossProfit": "-2059000000", "totalRevenue": "15751000000", "costOfRevenue": "17810000000", "costofGoodsAndServicesSold": "17810000000", "operatingIncome": "-3380000000", "sellingGeneralAndAdministrative": "672000000", "researchAndDevelopment": "826000000", "operatingExpenses": "1498000000", "investmentIncomeNet": "None", "netInterestIncome": "-154000000", "interestIncome": "154000000", "interestExpense": "154000000", "nonInterestIncome": "None", "otherNonOperatingIncome": "107000000", "depreciation": "None", "depreciationAndAmortization": "546000000", "incomeBeforeTax": "-3427000000", "incomeTaxExpense": "-485000000", "interestAndDebtExpense": "None", "netIncomeFromContinuingOperations": "-2942000000", "comprehensiveIncomeNetOfTax": "None", "ebit": "-3273000000", "ebitda": "-2727000000", "netIncome": "-2942000000"}, {"fiscalDateEnding": "2019-03-31", "reportedCurrency": "USD", "grossProfit": "4272000000", "totalRevenue": "22917000000", "costOfRevenue": "18645000000", "costofGoodsAndServicesSold": "18645000000", "operatingIncome": "2350000000", "sellingGeneralAndAdministrative": "1184000000", "researchAndDevelopment": "866000000", "operatingExpenses": "2050000000", "investmentIncomeNet": "None", "netInterestIncome": "-123000000", "interestIncome": "None", "interestExpense": "123000000", "nonInterestIncome": "None", "otherNonOperatingIncome": "106000000", "depreciation": "None", "depreciationAndAmortization": "521000000", "incomeBeforeTax": "2333000000", "incomeTaxExpense": "184000000", "interestAndDebtExpense": "None", "netIncomeFromContinuingOperations": "2149000000", "comprehensiveIncomeNetOfTax": "None", "ebit": "2288000000", "ebitda": "2809000000", "netIncome": "2149000000"}, {"fiscalDateEnding": "2018-12-31", "reportedCurrency": "USD", "grossProfit": "6251000000", "totalRevenue": "28341000000", "costOfRevenue": "22090000000", "costofGoodsAndServicesSold": "22090000000", "operatingIncome": "4175000000", "sellingGeneralAndAdministrative": "1222000000", "researchAndDevelopment": "852000000", "operatingExpenses": "2074000000", "investmentIncomeNet": "None", "netInterestIncome": "None", "interestIncome": "None", "interestExpense": "158000000", "nonInterestIncome": "None", "otherNonOperatingIncome": "29000000", "depreciation": "None", "depreciationAndAmortization": "583000000", "incomeBeforeTax": "4046000000", "incomeTaxExpense": "622000000", "interestAndDebtExpense": "None", "netIncomeFromContinuingOperations": "3424000000", "comprehensiveIncomeNetOfTax": "None", "ebit": "4198000000", "ebitda": "4781000000", "netIncome": "3424000000"}, {"fiscalDateEnding": "2018-09-30", "reportedCurrency": "USD", "grossProfit": "4106000000", "totalRevenue": "25146000000", "costOfRevenue": "21040000000", "costofGoodsAndServicesSold": "21040000000", "operatingIncome": "2227000000", "sellingGeneralAndAdministrative": "1154000000", "researchAndDevelopment": "826000000", "operatingExpenses": "1980000000", "investmentIncomeNet": "None", "netInterestIncome": "None", "interestIncome": "None", "interestExpense": "106000000", "nonInterestIncome": "None", "otherNonOperatingIncome": "12000000", "depreciation": "None", "depreciationAndAmortization": "523000000", "incomeBeforeTax": "2133000000", "incomeTaxExpense": "-230000000", "interestAndDebtExpense": "None", "netIncomeFromContinuingOperations": "2363000000", "comprehensiveIncomeNetOfTax": "None", "ebit": "2147000000", "ebitda": "2670000000", "netIncome": "2363000000"}, {"fiscalDateEnding": "2018-06-30", "reportedCurrency": "USD", "grossProfit": "4722000000", "totalRevenue": "24258000000", "costOfRevenue": "19536000000", "costofGoodsAndServicesSold": "19536000000", "operatingIncome": "2710000000", "sellingGeneralAndAdministrative": "1194000000", "researchAndDevelopment": "827000000", "operatingExpenses": "2021000000", "investmentIncomeNet": "None", "netInterestIncome": "None", "interestIncome": "None", "interestExpense": "109000000", "nonInterestIncome": "None", "otherNonOperatingIncome": "-15000000", "depreciation": "None", "depreciationAndAmortization": "507000000", "incomeBeforeTax": "2586000000", "incomeTaxExpense": "390000000", "interestAndDebtExpense": "None", "netIncomeFromContinuingOperations": "2196000000", "comprehensiveIncomeNetOfTax": "None", "ebit": "2683000000", "ebitda": "3190000000", "netIncome": "2196000000"}, {"fiscalDateEnding": "2018-03-31", "reportedCurrency": "USD", "grossProfit": "4558000000", "totalRevenue": "23382000000", "costOfRevenue": "18824000000", "costofGoodsAndServicesSold": "18824000000", "operatingIncome": "2875000000", "sellingGeneralAndAdministrative": "997000000", "researchAndDevelopment": "764000000", "operatingExpenses": "1761000000", "investmentIncomeNet": "None", "netInterestIncome": "None", "interestIncome": "None", "interestExpense": "102000000", "nonInterestIncome": "None", "otherNonOperatingIncome": "66000000", "depreciation": "None", "depreciationAndAmortization": "501000000", "incomeBeforeTax": "2839000000", "incomeTaxExpense": "362000000", "interestAndDebtExpense": "None", "netIncomeFromContinuingOperations": "2477000000", "comprehensiveIncomeNetOfTax": "None", "ebit": "2815000000", "ebitda": "3316000000", "netIncome": "2477000000"}, {"fiscalDateEnding": "2017-12-31", "reportedCurrency": "USD", "grossProfit": "4941000000", "totalRevenue": "25368000000", "costOfRevenue": "20427000000", "costofGoodsAndServicesSold": "20427000000", "operatingIncome": "3030000000", "sellingGeneralAndAdministrative": "1206000000", "researchAndDevelopment": "761000000", "operatingExpenses": "1967000000", "investmentIncomeNet": "None", "netInterestIncome": "None", "interestIncome": "None", "interestExpense": "93000000", "nonInterestIncome": "None", "otherNonOperatingIncome": "35000000", "depreciation": "None", "depreciationAndAmortization": "582000000", "incomeBeforeTax": "2972000000", "incomeTaxExpense": "-160000000", "interestAndDebtExpense": "None", "netIncomeFromContinuingOperations": "6832000000", "comprehensiveIncomeNetOfTax": "None", "ebit": "3065000000", "ebitda": "3647000000", "netIncome": "3132000000"}, {"fiscalDateEnding": "2017-09-30", "reportedCurrency": "USD", "grossProfit": "4322000000", "totalRevenue": "24309000000", "costOfRevenue": "19987000000", "costofGoodsAndServicesSold": "19987000000", "operatingIncome": "2689000000", "sellingGeneralAndAdministrative": "915000000", "researchAndDevelopment": "767000000", "operatingExpenses": "1682000000", "investmentIncomeNet": "None", "netInterestIncome": "None", "interestIncome": "None", "interestExpense": "87000000", "nonInterestIncome": "None", "otherNonOperatingIncome": "45000000", "depreciation": "None", "depreciationAndAmortization": "522000000", "incomeBeforeTax": "2647000000", "incomeTaxExpense": "794000000", "interestAndDebtExpense": "None", "netIncomeFromContinuingOperations": "1853000000", "comprehensiveIncomeNetOfTax": "None", "ebit": "2734000000", "ebitda": "3256000000", "netIncome": "1853000000"}, {"fiscalDateEnding": "2017-06-30", "reportedCurrency": "USD", "grossProfit": "4351000000", "totalRevenue": "22739000000", "costOfRevenue": "18388000000", "costofGoodsAndServicesSold": "18388000000", "operatingIncome": "2535000000", "sellingGeneralAndAdministrative": "1040000000", "researchAndDevelopment": "813000000", "operatingExpenses": "1853000000", "investmentIncomeNet": "None", "netInterestIncome": "None", "interestIncome": "None", "interestExpense": "93000000", "nonInterestIncome": "None", "otherNonOperatingIncome": "27000000", "depreciation": "None", "depreciationAndAmortization": "494000000", "incomeBeforeTax": "2469000000", "incomeTaxExpense": "708000000", "interestAndDebtExpense": "None", "netIncomeFromContinuingOperations": "1761000000", "comprehensiveIncomeNetOfTax": "None", "ebit": "2562000000", "ebitda": "3056000000", "netIncome": "1761000000"}, {"fiscalDateEnding": "2017-03-31", "reportedCurrency": "USD", "grossProfit": "3712000000", "totalRevenue": "20976000000", "costOfRevenue": "17264000000", "costofGoodsAndServicesSold": "17264000000", "operatingIncome": "2024000000", "sellingGeneralAndAdministrative": "933000000", "researchAndDevelopment": "838000000", "operatingExpenses": "1771000000", "investmentIncomeNet": "None", "netInterestIncome": "None", "interestIncome": "None", "interestExpense": "87000000", "nonInterestIncome": "None", "otherNonOperatingIncome": "22000000", "depreciation": "None", "depreciationAndAmortization": "471000000", "incomeBeforeTax": "1959000000", "incomeTaxExpense": "508000000", "interestAndDebtExpense": "None", "netIncomeFromContinuingOperations": "1451000000", "comprehensiveIncomeNetOfTax": "None", "ebit": "2046000000", "ebitda": "2517000000", "netIncome": "1451000000"}, {"fiscalDateEnding": "2016-12-31", "reportedCurrency": "USD", "grossProfit": "3822000000", "totalRevenue": "23286000000", "costOfRevenue": "19464000000", "costofGoodsAndServicesSold": "19464000000", "operatingIncome": "2183000000", "sellingGeneralAndAdministrative": "999000000", "researchAndDevelopment": "726000000", "operatingExpenses": "1725000000", "investmentIncomeNet": "None", "netInterestIncome": "None", "interestIncome": "None", "interestExpense": "79000000", "nonInterestIncome": "None", "otherNonOperatingIncome": "-1000000", "depreciation": "None", "depreciationAndAmortization": "546000000", "incomeBeforeTax": "2103000000", "incomeTaxExpense": "472000000", "interestAndDebtExpense": "None", "netIncomeFromContinuingOperations": "2977000000", "comprehensiveIncomeNetOfTax": "None", "ebit": "2097000000", "ebitda": "2643000000", "netIncome": "1631000000"}, {"fiscalDateEnding": "2016-09-30", "reportedCurrency": "USD", "grossProfit": "3994000000", "totalRevenue": "23898000000", "costOfRevenue": "19904000000", "costofGoodsAndServicesSold": "19904000000", "operatingIncome": "2282000000", "sellingGeneralAndAdministrative": "923000000", "researchAndDevelopment": "857000000", "operatingExpenses": "1780000000", "investmentIncomeNet": "None", "netInterestIncome": "None", "interestIncome": "None", "interestExpense": "81000000", "nonInterestIncome": "None", "otherNonOperatingIncome": "2000000", "depreciation": "None", "depreciationAndAmortization": "474000000", "incomeBeforeTax": "2203000000", "incomeTaxExpense": "-76000000", "interestAndDebtExpense": "None", "netIncomeFromContinuingOperations": "2279000000", "comprehensiveIncomeNetOfTax": "None", "ebit": "2214000000", "ebitda": "2688000000", "netIncome": "2279000000"}, {"fiscalDateEnding": "2016-06-30", "reportedCurrency": "USD", "grossProfit": "2430000000", "totalRevenue": "24755000000", "costOfRevenue": "22325000000", "costofGoodsAndServicesSold": "22325000000", "operatingIncome": "-419000000", "sellingGeneralAndAdministrative": "806000000", "researchAndDevelopment": "2127000000", "operatingExpenses": "2933000000", "investmentIncomeNet": "None", "netInterestIncome": "None", "interestIncome": "None", "interestExpense": "73000000", "nonInterestIncome": "None", "otherNonOperatingIncome": "13000000", "depreciation": "None", "depreciationAndAmortization": "447000000", "incomeBeforeTax": "-479000000", "incomeTaxExpense": "-245000000", "interestAndDebtExpense": "None", "netIncomeFromContinuingOperations": "-234000000", "comprehensiveIncomeNetOfTax": "None", "ebit": "-406000000", "ebitda": "41000000", "netIncome": "-234000000"}, {"fiscalDateEnding": "2016-03-31", "reportedCurrency": "USD", "grossProfit": "3535000000", "totalRevenue": "22632000000", "costOfRevenue": "19097000000", "costofGoodsAndServicesSold": "19097000000", "operatingIncome": "1788000000", "sellingGeneralAndAdministrative": "888000000", "researchAndDevelopment": "917000000", "operatingExpenses": "1805000000", "investmentIncomeNet": "None", "netInterestIncome": "None", "interestIncome": "None", "interestExpense": "73000000", "nonInterestIncome": "None", "otherNonOperatingIncome": "26000000", "depreciation": "None", "depreciationAndAmortization": "443000000", "incomeBeforeTax": "1741000000", "incomeTaxExpense": "522000000", "interestAndDebtExpense": "None", "netIncomeFromContinuingOperations": "1219000000", "comprehensiveIncomeNetOfTax": "None", "ebit": "1730000000", "ebitda": "2173000000", "netIncome": "1219000000"}, {"fiscalDateEnding": "2015-12-31", "reportedCurrency": "USD", "grossProfit": "2931000000", "totalRevenue": "23573000000", "costOfRevenue": "20642000000", "costofGoodsAndServicesSold": "20642000000", "operatingIncome": "1161000000", "sellingGeneralAndAdministrative": "931000000", "researchAndDevelopment": "905000000", "operatingExpenses": "1836000000", "investmentIncomeNet": "None", "netInterestIncome": "None", "interestIncome": "None", "interestExpense": "72000000", "nonInterestIncome": "None", "otherNonOperatingIncome": "10000000", "depreciation": "None", "depreciationAndAmortization": "484000000", "incomeBeforeTax": "1099000000", "incomeTaxExpense": "73000000", "interestAndDebtExpense": "None", "netIncomeFromContinuingOperations": "1026000000", "comprehensiveIncomeNetOfTax": "None", "ebit": "1095000000", "ebitda": "1579000000", "netIncome": "1026000000"}, {"fiscalDateEnding": "2015-09-30", "reportedCurrency": "USD", "grossProfit": "4249000000", "totalRevenue": "25849000000", "costOfRevenue": "21600000000", "costofGoodsAndServicesSold": "21600000000", "operatingIncome": "2580000000", "sellingGeneralAndAdministrative": "889000000", "researchAndDevelopment": "857000000", "operatingExpenses": "1746000000", "investmentIncomeNet": "None", "netInterestIncome": "None", "interestIncome": "None", "interestExpense": "67000000", "nonInterestIncome": "None", "otherNonOperatingIncome": "-26000000", "depreciation": "None", "depreciationAndAmortization": "437000000", "incomeBeforeTax": "2487000000", "incomeTaxExpense": "783000000", "interestAndDebtExpense": "None", "netIncomeFromContinuingOperations": "1704000000", "comprehensiveIncomeNetOfTax": "None", "ebit": "2503000000", "ebitda": "2940000000", "netIncome": "1704000000"}, {"fiscalDateEnding": "2015-06-30", "reportedCurrency": "USD", "grossProfit": "3193000000", "totalRevenue": "24543000000", "costOfRevenue": "21350000000", "costofGoodsAndServicesSold": "21350000000", "operatingIncome": "1683000000", "sellingGeneralAndAdministrative": "760000000", "researchAndDevelopment": "800000000", "operatingExpenses": "1560000000", "investmentIncomeNet": "None", "netInterestIncome": "None", "interestIncome": "None", "interestExpense": "75000000", "nonInterestIncome": "None", "otherNonOperatingIncome": "15000000", "depreciation": "None", "depreciationAndAmortization": "453000000", "incomeBeforeTax": "1623000000", "incomeTaxExpense": "513000000", "interestAndDebtExpense": "None", "netIncomeFromContinuingOperations": "1110000000", "comprehensiveIncomeNetOfTax": "None", "ebit": "1633000000", "ebitda": "2086000000", "netIncome": "1110000000"}, {"fiscalDateEnding": "2015-03-31", "reportedCurrency": "USD", "grossProfit": "3653000000", "totalRevenue": "22149000000", "costOfRevenue": "18496000000", "costofGoodsAndServicesSold": "18496000000", "operatingIncome": "2019000000", "sellingGeneralAndAdministrative": "945000000", "researchAndDevelopment": "769000000", "operatingExpenses": "1714000000", "investmentIncomeNet": "None", "netInterestIncome": "None", "interestIncome": "None", "interestExpense": "61000000", "nonInterestIncome": "None", "otherNonOperatingIncome": "-12000000", "depreciation": "None", "depreciationAndAmortization": "459000000", "incomeBeforeTax": "1946000000", "incomeTaxExpense": "610000000", "interestAndDebtExpense": "None", "netIncomeFromContinuingOperations": "1336000000", "comprehensiveIncomeNetOfTax": "None", "ebit": "1939000000", "ebitda": "2398000000", "netIncome": "1336000000"}, {"fiscalDateEnding": "2014-12-31", "reportedCurrency": "USD", "grossProfit": "3757000000", "totalRevenue": "24468000000", "costOfRevenue": "20711000000", "costofGoodsAndServicesSold": "20711000000", "operatingIncome": "2025000000", "sellingGeneralAndAdministrative": "1040000000", "researchAndDevelopment": "755000000", "operatingExpenses": "1795000000", "investmentIncomeNet": "None", "netInterestIncome": "None", "interestIncome": "None", "interestExpense": "81000000", "nonInterestIncome": "None", "otherNonOperatingIncome": "-14000000", "depreciation": "None", "depreciationAndAmortization": "528000000", "incomeBeforeTax": "1930000000", "incomeTaxExpense": "464000000", "interestAndDebtExpense": "None", "netIncomeFromContinuingOperations": "1466000000", "comprehensiveIncomeNetOfTax": "None", "ebit": "1962000000", "ebitda": "2490000000", "netIncome": "1466000000"}, {"fiscalDateEnding": "2014-09-30", "reportedCurrency": "USD", "grossProfit": "3709000000", "totalRevenue": "23784000000", "costOfRevenue": "20075000000", "costofGoodsAndServicesSold": "20075000000", "operatingIncome": "2119000000", "sellingGeneralAndAdministrative": "932000000", "researchAndDevelopment": "750000000", "operatingExpenses": "1682000000", "investmentIncomeNet": "None", "netInterestIncome": "None", "interestIncome": "None", "interestExpense": "79000000", "nonInterestIncome": "None", "otherNonOperatingIncome": "-9000000", "depreciation": "None", "depreciationAndAmortization": "478000000", "incomeBeforeTax": "2031000000", "incomeTaxExpense": "669000000", "interestAndDebtExpense": "None", "netIncomeFromContinuingOperations": "1362000000", "comprehensiveIncomeNetOfTax": "None", "ebit": "2027000000", "ebitda": "2505000000", "netIncome": "1362000000"}, {"fiscalDateEnding": "2014-06-30", "reportedCurrency": "USD", "grossProfit": "3375000000", "totalRevenue": "22045000000", "costOfRevenue": "18670000000", "costofGoodsAndServicesSold": "18670000000", "operatingIncome": "1787000000", "sellingGeneralAndAdministrative": "918000000", "researchAndDevelopment": "733000000", "operatingExpenses": "1651000000", "investmentIncomeNet": "None", "netInterestIncome": "None", "interestIncome": "None", "interestExpense": "81000000", "nonInterestIncome": "None", "otherNonOperatingIncome": "11000000", "depreciation": "None", "depreciationAndAmortization": "452000000", "incomeBeforeTax": "1717000000", "incomeTaxExpense": "64000000", "interestAndDebtExpense": "None", "netIncomeFromContinuingOperations": "1653000000", "comprehensiveIncomeNetOfTax": "None", "ebit": "1724000000", "ebitda": "2176000000", "netIncome": "1653000000"}, {"fiscalDateEnding": "2014-03-31", "reportedCurrency": "USD", "grossProfit": "3169000000", "totalRevenue": "20465000000", "costOfRevenue": "17296000000", "costofGoodsAndServicesSold": "17296000000", "operatingIncome": "1542000000", "sellingGeneralAndAdministrative": "877000000", "researchAndDevelopment": "809000000", "operatingExpenses": "1686000000", "investmentIncomeNet": "None", "netInterestIncome": "None", "interestIncome": "None", "interestExpense": "92000000", "nonInterestIncome": "None", "otherNonOperatingIncome": "9000000", "depreciation": "None", "depreciationAndAmortization": "448000000", "incomeBeforeTax": "1459000000", "incomeTaxExpense": "494000000", "interestAndDebtExpense": "None", "netIncomeFromContinuingOperations": "965000000", "comprehensiveIncomeNetOfTax": "None", "ebit": "1483000000", "ebitda": "1931000000", "netIncome": "965000000"}, {"fiscalDateEnding": "2013-12-31", "reportedCurrency": "USD", "grossProfit": "3397000000", "totalRevenue": "23785000000", "costOfRevenue": "20388000000", "costofGoodsAndServicesSold": "20388000000", "operatingIncome": "1515000000", "sellingGeneralAndAdministrative": "1100000000", "researchAndDevelopment": "848000000", "operatingExpenses": "1948000000", "investmentIncomeNet": "None", "netInterestIncome": "None", "interestIncome": "None", "interestExpense": "96000000", "nonInterestIncome": "None", "otherNonOperatingIncome": "15000000", "depreciation": "None", "depreciationAndAmortization": "521000000", "incomeBeforeTax": "1434000000", "incomeTaxExpense": "201000000", "interestAndDebtExpense": "None", "netIncomeFromContinuingOperations": "1233000000", "comprehensiveIncomeNetOfTax": "None", "ebit": "1449000000", "ebitda": "1970000000", "netIncome": "1233000000"}, {"fiscalDateEnding": "2013-09-30", "reportedCurrency": "USD", "grossProfit": "3456000000", "totalRevenue": "22130000000", "costOfRevenue": "18674000000", "costofGoodsAndServicesSold": "18674000000", "operatingIncome": "1803000000", "sellingGeneralAndAdministrative": "956000000", "researchAndDevelopment": "755000000", "operatingExpenses": "1711000000", "investmentIncomeNet": "None", "netInterestIncome": "None", "interestIncome": "None", "interestExpense": "95000000", "nonInterestIncome": "None", "otherNonOperatingIncome": "19000000", "depreciation": "None", "depreciationAndAmortization": "458000000", "incomeBeforeTax": "1727000000", "incomeTaxExpense": "567000000", "interestAndDebtExpense": "None", "netIncomeFromContinuingOperations": "1160000000", "comprehensiveIncomeNetOfTax": "None", "ebit": "1745000000", "ebitda": "2203000000", "netIncome": "1158000000"}, {"fiscalDateEnding": "2013-06-30", "reportedCurrency": "USD", "grossProfit": "3365000000", "totalRevenue": "21815000000", "costOfRevenue": "18450000000", "costofGoodsAndServicesSold": "18450000000", "operatingIncome": "1716000000", "sellingGeneralAndAdministrative": "929000000", "researchAndDevelopment": "763000000", "operatingExpenses": "1692000000", "investmentIncomeNet": "None", "netInterestIncome": "None", "interestIncome": "None", "interestExpense": "96000000", "nonInterestIncome": "None", "otherNonOperatingIncome": "13000000", "depreciation": "None", "depreciationAndAmortization": "436000000", "incomeBeforeTax": "1633000000", "incomeTaxExpense": "546000000", "interestAndDebtExpense": "None", "netIncomeFromContinuingOperations": "1087000000", "comprehensiveIncomeNetOfTax": "None", "ebit": "1729000000", "ebitda": "2165000000", "netIncome": "1088000000"}, {"fiscalDateEnding": "2013-03-31", "reportedCurrency": "USD", "grossProfit": "3137000000", "totalRevenue": "18893000000", "costOfRevenue": "15756000000", "costofGoodsAndServicesSold": "15756000000", "operatingIncome": "1528000000", "sellingGeneralAndAdministrative": "971000000", "researchAndDevelopment": "705000000", "operatingExpenses": "1676000000", "investmentIncomeNet": "None", "netInterestIncome": "None", "interestIncome": "None", "interestExpense": "99000000", "nonInterestIncome": "None", "otherNonOperatingIncome": "9000000", "depreciation": "None", "depreciationAndAmortization": "429000000", "incomeBeforeTax": "1438000000", "incomeTaxExpense": "332000000", "interestAndDebtExpense": "None", "netIncomeFromContinuingOperations": "1106000000", "comprehensiveIncomeNetOfTax": "None", "ebit": "1537000000", "ebitda": "1966000000", "netIncome": "1106000000"}, {"fiscalDateEnding": "2012-12-31", "reportedCurrency": "USD", "grossProfit": "3261000000", "totalRevenue": "22302000000", "costOfRevenue": "19041000000", "costofGoodsAndServicesSold": "19041000000", "operatingIncome": "1629000000", "sellingGeneralAndAdministrative": "943000000", "researchAndDevelopment": "753000000", "operatingExpenses": "1696000000", "investmentIncomeNet": "None", "netInterestIncome": "None", "interestIncome": "None", "interestExpense": "117000000", "nonInterestIncome": "None", "otherNonOperatingIncome": "23000000", "depreciation": "None", "depreciationAndAmortization": "498000000", "incomeBeforeTax": "1535000000", "incomeTaxExpense": "557000000", "interestAndDebtExpense": "None", "netIncomeFromContinuingOperations": "978000000", "comprehensiveIncomeNetOfTax": "None", "ebit": "1652000000", "ebitda": "2150000000", "netIncome": "978000000"}, {"fiscalDateEnding": "2012-09-30", "reportedCurrency": "USD", "grossProfit": "3214000000", "totalRevenue": "20008000000", "costOfRevenue": "16794000000", "costofGoodsAndServicesSold": "16794000000", "operatingIncome": "1564000000", "sellingGeneralAndAdministrative": "916000000", "researchAndDevelopment": "853000000", "operatingExpenses": "1649000000", "investmentIncomeNet": "None", "netInterestIncome": "None", "interestIncome": "None", "interestExpense": "115000000", "nonInterestIncome": "None", "otherNonOperatingIncome": "17000000", "depreciation": "None", "depreciationAndAmortization": "465000000", "incomeBeforeTax": "1466000000", "incomeTaxExpense": "432000000", "interestAndDebtExpense": "None", "netIncomeFromContinuingOperations": "1034000000", "comprehensiveIncomeNetOfTax": "None", "ebit": "1576000000", "ebitda": "2041000000", "netIncome": "1032000000"}, {"fiscalDateEnding": "2012-06-30", "reportedCurrency": "USD", "grossProfit": "3265000000", "totalRevenue": "20005000000", "costOfRevenue": "16740000000", "costofGoodsAndServicesSold": "16740000000", "operatingIncome": "1548000000", "sellingGeneralAndAdministrative": "903000000", "researchAndDevelopment": "857000000", "operatingExpenses": "1715000000", "investmentIncomeNet": "None", "netInterestIncome": "None", "interestIncome": "None", "interestExpense": "112000000", "nonInterestIncome": "None", "otherNonOperatingIncome": "10000000", "depreciation": "None", "depreciationAndAmortization": "422000000", "incomeBeforeTax": "1446000000", "incomeTaxExpense": "479000000", "interestAndDebtExpense": "None", "netIncomeFromContinuingOperations": "967000000", "comprehensiveIncomeNetOfTax": "None", "ebit": "1552000000", "ebitda": "1974000000", "netIncome": "967000000"}, {"fiscalDateEnding": "2012-03-31", "reportedCurrency": "USD", "grossProfit": "3314000000", "totalRevenue": "19383000000", "costOfRevenue": "16069000000", "costofGoodsAndServicesSold": "16069000000", "operatingIncome": "1570000000", "sellingGeneralAndAdministrative": "955000000", "researchAndDevelopment": "835000000", "operatingExpenses": "1744000000", "investmentIncomeNet": "None", "netInterestIncome": "None", "interestIncome": "None", "interestExpense": "119000000", "nonInterestIncome": "None", "otherNonOperatingIncome": "12000000", "depreciation": "None", "depreciationAndAmortization": "426000000", "incomeBeforeTax": "1463000000", "incomeTaxExpense": "539000000", "interestAndDebtExpense": "None", "netIncomeFromContinuingOperations": "924000000", "comprehensiveIncomeNetOfTax": "None", "ebit": "1577000000", "ebitda": "2003000000", "netIncome": "923000000"}, {"fiscalDateEnding": "2011-12-31", "reportedCurrency": "USD", "grossProfit": "3294000000", "totalRevenue": "19555000000", "costOfRevenue": "16261000000", "costofGoodsAndServicesSold": "16261000000", "operatingIncome": "1597000000", "sellingGeneralAndAdministrative": "864000000", "researchAndDevelopment": "913000000", "operatingExpenses": "1701000000", "investmentIncomeNet": "None", "netInterestIncome": "None", "interestIncome": "None", "interestExpense": "124000000", "nonInterestIncome": "None", "otherNonOperatingIncome": "-29000000", "depreciation": "None", "depreciationAndAmortization": "434000000", "incomeBeforeTax": "1444000000", "incomeTaxExpense": "57000000", "interestAndDebtExpense": "None", "netIncomeFromContinuingOperations": "1387000000", "comprehensiveIncomeNetOfTax": "None", "ebit": "1568000000", "ebitda": "2002000000", "netIncome": "1393000000"}, {"fiscalDateEnding": "2011-09-30", "reportedCurrency": "USD", "grossProfit": "3370000000", "totalRevenue": "17727000000", "costOfRevenue": "14357000000", "costofGoodsAndServicesSold": "14357000000", "operatingIncome": "1714000000", "sellingGeneralAndAdministrative": "807000000", "researchAndDevelopment": "901000000", "operatingExpenses": "1656000000", "investmentIncomeNet": "None", "netInterestIncome": "None", "interestIncome": "None", "interestExpense": "121000000", "nonInterestIncome": "None", "otherNonOperatingIncome": "49000000", "depreciation": "None", "depreciationAndAmortization": "417000000", "incomeBeforeTax": "1642000000", "incomeTaxExpense": "548000000", "interestAndDebtExpense": "None", "netIncomeFromContinuingOperations": "1094000000", "comprehensiveIncomeNetOfTax": "None", "ebit": "1767000000", "ebitda": "2184000000", "netIncome": "1098000000"}, {"fiscalDateEnding": "2011-06-30", "reportedCurrency": "USD", "grossProfit": "3343000000", "totalRevenue": "16543000000", "costOfRevenue": "13200000000", "costofGoodsAndServicesSold": "13200000000", "operatingIncome": "1534000000", "sellingGeneralAndAdministrative": "870000000", "researchAndDevelopment": "1047000000", "operatingExpenses": "1829000000", "investmentIncomeNet": "None", "netInterestIncome": "None", "interestIncome": "None", "interestExpense": "123000000", "nonInterestIncome": "None", "otherNonOperatingIncome": "14000000", "depreciation": "None", "depreciationAndAmortization": "429000000", "incomeBeforeTax": "1425000000", "incomeTaxExpense": "483000000", "interestAndDebtExpense": "None", "netIncomeFromContinuingOperations": "942000000", "comprehensiveIncomeNetOfTax": "None", "ebit": "1551000000", "ebitda": "1980000000", "netIncome": "941000000"}, {"fiscalDateEnding": "2011-03-31", "reportedCurrency": "USD", "grossProfit": "2861000000", "totalRevenue": "14910000000", "costOfRevenue": "12049000000", "costofGoodsAndServicesSold": "12049000000", "operatingIncome": "1000000000", "sellingGeneralAndAdministrative": "866000000", "researchAndDevelopment": "1057000000", "operatingExpenses": "1861000000", "investmentIncomeNet": "None", "netInterestIncome": "None", "interestIncome": "None", "interestExpense": "130000000", "nonInterestIncome": "None", "otherNonOperatingIncome": "13000000", "depreciation": "None", "depreciationAndAmortization": "380000000", "incomeBeforeTax": "883000000", "incomeTaxExpense": "295000000", "interestAndDebtExpense": "None", "netIncomeFromContinuingOperations": "588000000", "comprehensiveIncomeNetOfTax": "None", "ebit": "1017000000", "ebitda": "1397000000", "netIncome": "586000000"}, {"fiscalDateEnding": "2010-12-31", "reportedCurrency": "USD", "grossProfit": "3137000000", "totalRevenue": "16550000000", "costOfRevenue": "13413000000", "costofGoodsAndServicesSold": "13413000000", "operatingIncome": "1103000000", "sellingGeneralAndAdministrative": "977000000", "researchAndDevelopment": "1134000000", "operatingExpenses": "2040000000", "investmentIncomeNet": "None", "netInterestIncome": "None", "interestIncome": "None", "interestExpense": "132000000", "nonInterestIncome": "None", "otherNonOperatingIncome": "32000000", "depreciation": "None", "depreciationAndAmortization": "457000000", "incomeBeforeTax": "1003000000", "incomeTaxExpense": "-163000000", "interestAndDebtExpense": "None", "netIncomeFromContinuingOperations": "1166000000", "comprehensiveIncomeNetOfTax": "None", "ebit": "1097000000", "ebitda": "1554000000", "netIncome": "1164000000"}, {"fiscalDateEnding": "2010-09-30", "reportedCurrency": "USD", "grossProfit": "3221000000", "totalRevenue": "16967000000", "costOfRevenue": "13746000000", "costofGoodsAndServicesSold": "13746000000", "operatingIncome": "1387000000", "sellingGeneralAndAdministrative": "936000000", "researchAndDevelopment": "986000000", "operatingExpenses": "1834000000", "investmentIncomeNet": "None", "netInterestIncome": "None", "interestIncome": "None", "interestExpense": "130000000", "nonInterestIncome": "None", "otherNonOperatingIncome": "-13000000", "depreciation": "None", "depreciationAndAmortization": "416000000", "incomeBeforeTax": "1244000000", "incomeTaxExpense": "407000000", "interestAndDebtExpense": "None", "netIncomeFromContinuingOperations": "837000000", "comprehensiveIncomeNetOfTax": "None", "ebit": "1374000000", "ebitda": "1790000000", "netIncome": "837000000"}, {"fiscalDateEnding": "2010-06-30", "reportedCurrency": "USD", "grossProfit": "3033000000", "totalRevenue": "15573000000", "costOfRevenue": "12540000000", "costofGoodsAndServicesSold": "12540000000", "operatingIncome": "1307000000", "sellingGeneralAndAdministrative": "778000000", "researchAndDevelopment": "1001000000", "operatingExpenses": "1726000000", "investmentIncomeNet": "None", "netInterestIncome": "None", "interestIncome": "None", "interestExpense": "132000000", "nonInterestIncome": "None", "otherNonOperatingIncome": "35000000", "depreciation": "None", "depreciationAndAmortization": "449000000", "incomeBeforeTax": "1210000000", "incomeTaxExpense": "421000000", "interestAndDebtExpense": "None", "netIncomeFromContinuingOperations": "789000000", "comprehensiveIncomeNetOfTax": "None", "ebit": "1342000000", "ebitda": "1791000000", "netIncome": "787000000"}, {"fiscalDateEnding": "2010-03-31", "reportedCurrency": "USD", "grossProfit": "3072000000", "totalRevenue": "15216000000", "costOfRevenue": "12144000000", "costofGoodsAndServicesSold": "12144000000", "operatingIncome": "1174000000", "sellingGeneralAndAdministrative": "953000000", "researchAndDevelopment": "1000000000", "operatingExpenses": "1898000000", "investmentIncomeNet": "None", "netInterestIncome": "None", "interestIncome": "None", "interestExpense": "122000000", "nonInterestIncome": "None", "otherNonOperatingIncome": "-2000000", "depreciation": "None", "depreciationAndAmortization": "405000000", "incomeBeforeTax": "1050000000", "incomeTaxExpense": "531000000", "interestAndDebtExpense": "None", "netIncomeFromContinuingOperations": "519000000", "comprehensiveIncomeNetOfTax": "None", "ebit": "1172000000", "ebitda": "1577000000", "netIncome": "519000000"}, {"fiscalDateEnding": "2009-12-31", "reportedCurrency": "USD", "grossProfit": "3429000000", "totalRevenue": "17937000000", "costOfRevenue": "14508000000", "costofGoodsAndServicesSold": "14508000000", "operatingIncome": "1693000000", "sellingGeneralAndAdministrative": "780000000", "researchAndDevelopment": "1002000000", "operatingExpenses": "1526000000", "investmentIncomeNet": "None", "netInterestIncome": "None", "interestIncome": "None", "interestExpense": "110000000", "nonInterestIncome": "None", "otherNonOperatingIncome": "None", "depreciation": "None", "depreciationAndAmortization": "467000000", "incomeBeforeTax": "1550000000", "incomeTaxExpense": "267000000", "interestAndDebtExpense": "None", "netIncomeFromContinuingOperations": "0", "comprehensiveIncomeNetOfTax": "None", "ebit": "1717000000", "ebitda": "2184000000", "netIncome": "1268000000"}, {"fiscalDateEnding": "2009-09-30", "reportedCurrency": "USD", "grossProfit": "2208000000", "totalRevenue": "16688000000", "costOfRevenue": "14480000000", "costofGoodsAndServicesSold": "14480000000", "operatingIncome": "-2151000000", "sellingGeneralAndAdministrative": "868000000", "researchAndDevelopment": "3574000000", "operatingExpenses": "4443000000", "investmentIncomeNet": "None", "netInterestIncome": "None", "interestIncome": "None", "interestExpense": "92000000", "nonInterestIncome": "None", "otherNonOperatingIncome": "-4000000", "depreciation": "None", "depreciationAndAmortization": "434000000", "incomeBeforeTax": "-2247000000", "incomeTaxExpense": "-687000000", "interestAndDebtExpense": "None", "netIncomeFromContinuingOperations": "-1560000000", "comprehensiveIncomeNetOfTax": "None", "ebit": "-2155000000", "ebitda": "-1721000000", "netIncome": "-1564000000"}, {"fiscalDateEnding": "2009-06-30", "reportedCurrency": "USD", "grossProfit": "3347000000", "totalRevenue": "17154000000", "costOfRevenue": "13807000000", "costofGoodsAndServicesSold": "13807000000", "operatingIncome": "1529000000", "sellingGeneralAndAdministrative": "925000000", "researchAndDevelopment": "960000000", "operatingExpenses": "1888000000", "investmentIncomeNet": "None", "netInterestIncome": "None", "interestIncome": "None", "interestExpense": "80000000", "nonInterestIncome": "None", "otherNonOperatingIncome": "47000000", "depreciation": "None", "depreciationAndAmortization": "381000000", "incomeBeforeTax": "1496000000", "incomeTaxExpense": "499000000", "interestAndDebtExpense": "None", "netIncomeFromContinuingOperations": "997000000", "comprehensiveIncomeNetOfTax": "None", "ebit": "1576000000", "ebitda": "1957000000", "netIncome": "998000000"}, {"fiscalDateEnding": "2009-03-31", "reportedCurrency": "USD", "grossProfit": "2757000000", "totalRevenue": "16502000000", "costOfRevenue": "13745000000", "costofGoodsAndServicesSold": "13745000000", "operatingIncome": "1025000000", "sellingGeneralAndAdministrative": "791000000", "researchAndDevelopment": "970000000", "operatingExpenses": "1732000000", "investmentIncomeNet": "None", "netInterestIncome": "None", "interestIncome": "None", "interestExpense": "57000000", "nonInterestIncome": "None", "otherNonOperatingIncome": "None", "depreciation": "None", "depreciationAndAmortization": "384000000", "incomeBeforeTax": "932000000", "incomeTaxExpense": "317000000", "interestAndDebtExpense": "None", "netIncomeFromContinuingOperations": "0", "comprehensiveIncomeNetOfTax": "None", "ebit": "989000000", "ebitda": "1373000000", "netIncome": "610000000"}, {"fiscalDateEnding": "2008-12-31", "reportedCurrency": "USD", "grossProfit": "1227000000", "totalRevenue": "12664000000", "costOfRevenue": "11437000000", "costofGoodsAndServicesSold": "11437000000", "operatingIncome": "-243000000", "sellingGeneralAndAdministrative": "734000000", "researchAndDevelopment": "957000000", "operatingExpenses": "1645000000", "investmentIncomeNet": "None", "netInterestIncome": "None", "interestIncome": "None", "interestExpense": "116000000", "nonInterestIncome": "None", "otherNonOperatingIncome": "None", "depreciation": "None", "depreciationAndAmortization": "417000000", "incomeBeforeTax": "-310000000", "incomeTaxExpense": "-224000000", "interestAndDebtExpense": "None", "netIncomeFromContinuingOperations": "0", "comprehensiveIncomeNetOfTax": "None", "ebit": "-426000000", "ebitda": "-9000000", "netIncome": "-86000000"}, {"fiscalDateEnding": "2008-09-30", "reportedCurrency": "USD", "grossProfit": "2806000000", "totalRevenue": "15293000000", "costOfRevenue": "12487000000", "costofGoodsAndServicesSold": "12487000000", "operatingIncome": "1147000000", "sellingGeneralAndAdministrative": "740000000", "researchAndDevelopment": "937000000", "operatingExpenses": "1605000000", "investmentIncomeNet": "None", "netInterestIncome": "None", "interestIncome": "None", "interestExpense": "103000000", "nonInterestIncome": "None", "otherNonOperatingIncome": "None", "depreciation": "None", "depreciationAndAmortization": "346000000", "incomeBeforeTax": "1153000000", "incomeTaxExpense": "470000000", "interestAndDebtExpense": "None", "netIncomeFromContinuingOperations": "0", "comprehensiveIncomeNetOfTax": "None", "ebit": "1206000000", "ebitda": "1552000000", "netIncome": "695000000"}, {"fiscalDateEnding": "2008-06-30", "reportedCurrency": "USD", "grossProfit": "3077000000", "totalRevenue": "16962000000", "costOfRevenue": "13885000000", "costofGoodsAndServicesSold": "13885000000", "operatingIncome": "1247000000", "sellingGeneralAndAdministrative": "835000000", "researchAndDevelopment": "1005000000", "operatingExpenses": "1832000000", "investmentIncomeNet": "None", "netInterestIncome": "None", "interestIncome": "None", "interestExpense": "50000000", "nonInterestIncome": "None", "otherNonOperatingIncome": "None", "depreciation": "None", "depreciationAndAmortization": "364000000", "incomeBeforeTax": "1299000000", "incomeTaxExpense": "448000000", "interestAndDebtExpense": "None", "netIncomeFromContinuingOperations": "0", "comprehensiveIncomeNetOfTax": "None", "ebit": "1076000000", "ebitda": "1440000000", "netIncome": "852000000"}, {"fiscalDateEnding": "2008-03-31", "reportedCurrency": "USD", "grossProfit": "3447000000", "totalRevenue": "15990000000", "costOfRevenue": "12543000000", "costofGoodsAndServicesSold": "12543000000", "operatingIncome": "1799000000", "sellingGeneralAndAdministrative": "775000000", "researchAndDevelopment": "869000000", "operatingExpenses": "1648000000", "investmentIncomeNet": "None", "netInterestIncome": "None", "interestIncome": "None", "interestExpense": "46000000", "nonInterestIncome": "None", "otherNonOperatingIncome": "None", "depreciation": "None", "depreciationAndAmortization": "364000000", "incomeBeforeTax": "1853000000", "incomeTaxExpense": "647000000", "interestAndDebtExpense": "None", "netIncomeFromContinuingOperations": "0", "comprehensiveIncomeNetOfTax": "None", "ebit": "1641000000", "ebitda": "2005000000", "netIncome": "1211000000"}, {"fiscalDateEnding": "2007-12-31", "reportedCurrency": "USD", "grossProfit": "2932000000", "totalRevenue": "17477000000", "costOfRevenue": "14545000000", "costofGoodsAndServicesSold": "14545000000", "operatingIncome": "1516000000", "sellingGeneralAndAdministrative": "796000000", "researchAndDevelopment": "993000000", "operatingExpenses": "1476000000", "investmentIncomeNet": "None", "netInterestIncome": "None", "interestIncome": "None", "interestExpense": "127000000", "nonInterestIncome": "None", "otherNonOperatingIncome": "None", "depreciation": "None", "depreciationAndAmortization": "388000000", "incomeBeforeTax": "1588000000", "incomeTaxExpense": "561000000", "interestAndDebtExpense": "None", "netIncomeFromContinuingOperations": "0", "comprehensiveIncomeNetOfTax": "None", "ebit": "1978000000", "ebitda": "2366000000", "netIncome": "1033000000"}, {"fiscalDateEnding": "2007-09-30", "reportedCurrency": "USD", "grossProfit": "3383000000", "totalRevenue": "16517000000", "costOfRevenue": "13134000000", "costofGoodsAndServicesSold": "13134000000", "operatingIncome": "1499000000", "sellingGeneralAndAdministrative": "931000000", "researchAndDevelopment": "869000000", "operatingExpenses": "1862000000", "investmentIncomeNet": "None", "netInterestIncome": "None", "interestIncome": "None", "interestExpense": "120000000", "nonInterestIncome": "None", "otherNonOperatingIncome": "None", "depreciation": "None", "depreciationAndAmortization": "339000000", "incomeBeforeTax": "1591000000", "incomeTaxExpense": "482000000", "interestAndDebtExpense": "None", "netIncomeFromContinuingOperations": "0", "comprehensiveIncomeNetOfTax": "None", "ebit": "1393000000", "ebitda": "1732000000", "netIncome": "1114000000"}, {"fiscalDateEnding": "2007-06-30", "reportedCurrency": "USD", "grossProfit": "3492000000", "totalRevenue": "17028000000", "costOfRevenue": "13536000000", "costofGoodsAndServicesSold": "13536000000", "operatingIncome": "1506000000", "sellingGeneralAndAdministrative": "976000000", "researchAndDevelopment": "989000000", "operatingExpenses": "1988000000", "investmentIncomeNet": "None", "netInterestIncome": "None", "interestIncome": "None", "interestExpense": "73000000", "nonInterestIncome": "None", "otherNonOperatingIncome": "None", "depreciation": "None", "depreciationAndAmortization": "400000000", "incomeBeforeTax": "1585000000", "incomeTaxExpense": "536000000", "interestAndDebtExpense": "None", "netIncomeFromContinuingOperations": "0", "comprehensiveIncomeNetOfTax": "None", "ebit": "1504000000", "ebitda": "1904000000", "netIncome": "1050000000"}, {"fiscalDateEnding": "2007-03-31", "reportedCurrency": "USD", "grossProfit": "3178000000", "totalRevenue": "15365000000", "costOfRevenue": "12187000000", "costofGoodsAndServicesSold": "12187000000", "operatingIncome": "1309000000", "sellingGeneralAndAdministrative": "828000000", "researchAndDevelopment": "999000000", "operatingExpenses": "1867000000", "investmentIncomeNet": "None", "netInterestIncome": "None", "interestIncome": "None", "interestExpense": "79000000", "nonInterestIncome": "None", "otherNonOperatingIncome": "None", "depreciation": "None", "depreciationAndAmortization": "359000000", "incomeBeforeTax": "1354000000", "incomeTaxExpense": "481000000", "interestAndDebtExpense": "None", "netIncomeFromContinuingOperations": "0", "comprehensiveIncomeNetOfTax": "None", "ebit": "1311000000", "ebitda": "1670000000", "netIncome": "877000000"}, {"fiscalDateEnding": "2006-12-31", "reportedCurrency": "USD", "grossProfit": "2823000000", "totalRevenue": "17541000000", "costOfRevenue": "14718000000", "costofGoodsAndServicesSold": "14718000000", "operatingIncome": "1152000000", "sellingGeneralAndAdministrative": "1094000000", "researchAndDevelopment": "937000000", "operatingExpenses": "1859000000", "investmentIncomeNet": "None", "netInterestIncome": "None", "interestIncome": "None", "interestExpense": "123000000", "nonInterestIncome": "None", "otherNonOperatingIncome": "None", "depreciation": "None", "depreciationAndAmortization": "410000000", "incomeBeforeTax": "1239000000", "incomeTaxExpense": "259000000", "interestAndDebtExpense": "None", "netIncomeFromContinuingOperations": "0", "comprehensiveIncomeNetOfTax": "None", "ebit": "1304000000", "ebitda": "1714000000", "netIncome": "989000000"}, {"fiscalDateEnding": "2006-09-30", "reportedCurrency": "USD", "grossProfit": "2936000000", "totalRevenue": "14739000000", "costOfRevenue": "11803000000", "costofGoodsAndServicesSold": "11803000000", "operatingIncome": "951000000", "sellingGeneralAndAdministrative": "834000000", "researchAndDevelopment": "833000000", "operatingExpenses": "1713000000", "investmentIncomeNet": "None", "netInterestIncome": "None", "interestIncome": "None", "interestExpense": "88000000", "nonInterestIncome": "None", "otherNonOperatingIncome": "None", "depreciation": "None", "depreciationAndAmortization": "371000000", "incomeBeforeTax": "988000000", "incomeTaxExpense": "294000000", "interestAndDebtExpense": "None", "netIncomeFromContinuingOperations": "0", "comprehensiveIncomeNetOfTax": "None", "ebit": "1223000000", "ebitda": "1594000000", "netIncome": "694000000"}, {"fiscalDateEnding": "2006-06-30", "reportedCurrency": "USD", "grossProfit": "2474000000", "totalRevenue": "14986000000", "costOfRevenue": "12512000000", "costofGoodsAndServicesSold": "12512000000", "operatingIncome": "-48000000", "sellingGeneralAndAdministrative": "1162000000", "researchAndDevelopment": "739000000", "operatingExpenses": "2528000000", "investmentIncomeNet": "None", "netInterestIncome": "None", "interestIncome": "None", "interestExpense": "89000000", "nonInterestIncome": "None", "otherNonOperatingIncome": "None", "depreciation": "None", "depreciationAndAmortization": "392000000", "incomeBeforeTax": "-9000000", "incomeTaxExpense": "151000000", "interestAndDebtExpense": "None", "netIncomeFromContinuingOperations": "0", "comprehensiveIncomeNetOfTax": "None", "ebit": "-54000000", "ebitda": "338000000", "netIncome": "-160000000"}, {"fiscalDateEnding": "2006-03-31", "reportedCurrency": "USD", "grossProfit": "2860000000", "totalRevenue": "14264000000", "costOfRevenue": "11404000000", "costofGoodsAndServicesSold": "11404000000", "operatingIncome": "959000000", "sellingGeneralAndAdministrative": "1081000000", "researchAndDevelopment": "748000000", "operatingExpenses": "1899000000", "investmentIncomeNet": "None", "netInterestIncome": "None", "interestIncome": "None", "interestExpense": "90000000", "nonInterestIncome": "None", "otherNonOperatingIncome": "None", "depreciation": "None", "depreciationAndAmortization": "372000000", "incomeBeforeTax": "976000000", "incomeTaxExpense": "284000000", "interestAndDebtExpense": "None", "netIncomeFromContinuingOperations": "0", "comprehensiveIncomeNetOfTax": "None", "ebit": "961000000", "ebitda": "1333000000", "netIncome": "692000000"}, {"fiscalDateEnding": "2005-12-31", "reportedCurrency": "USD", "grossProfit": "1769000000", "totalRevenue": "14204000000", "costOfRevenue": "12435000000", "costofGoodsAndServicesSold": "12435000000", "operatingIncome": "544000000", "sellingGeneralAndAdministrative": "939000000", "researchAndDevelopment": "601000000", "operatingExpenses": "1745000000", "investmentIncomeNet": "None", "netInterestIncome": "None", "interestIncome": "None", "interestExpense": "146000000", "nonInterestIncome": "None", "otherNonOperatingIncome": "None", "depreciation": "None", "depreciationAndAmortization": "354000000", "incomeBeforeTax": "608000000", "incomeTaxExpense": "144000000", "interestAndDebtExpense": "None", "netIncomeFromContinuingOperations": "0", "comprehensiveIncomeNetOfTax": "None", "ebit": "845000000", "ebitda": "1199000000", "netIncome": "460000000"}, {"fiscalDateEnding": "2005-09-30", "reportedCurrency": "USD", "grossProfit": "1936000000", "totalRevenue": "12629000000", "costOfRevenue": "10693000000", "costofGoodsAndServicesSold": "10693000000", "operatingIncome": "763000000", "sellingGeneralAndAdministrative": "1172000000", "researchAndDevelopment": "521000000", "operatingExpenses": "1173000000", "investmentIncomeNet": "None", "netInterestIncome": "None", "interestIncome": "None", "interestExpense": "87000000", "nonInterestIncome": "None", "otherNonOperatingIncome": "None", "depreciation": "None", "depreciationAndAmortization": "378000000", "incomeBeforeTax": "812000000", "incomeTaxExpense": "-201000000", "interestAndDebtExpense": "None", "netIncomeFromContinuingOperations": "0", "comprehensiveIncomeNetOfTax": "None", "ebit": "385000000", "ebitda": "763000000", "netIncome": "1011000000"}, {"fiscalDateEnding": "2005-06-30", "reportedCurrency": "USD", "grossProfit": "2637000000", "totalRevenue": "15028000000", "costOfRevenue": "12391000000", "costofGoodsAndServicesSold": "12391000000", "operatingIncome": "810000000", "sellingGeneralAndAdministrative": "1057000000", "researchAndDevelopment": "591000000", "operatingExpenses": "1827000000", "investmentIncomeNet": "None", "netInterestIncome": "None", "interestIncome": "None", "interestExpense": "90000000", "nonInterestIncome": "None", "otherNonOperatingIncome": "None", "depreciation": "None", "depreciationAndAmortization": "409000000", "incomeBeforeTax": "807000000", "incomeTaxExpense": "241000000", "interestAndDebtExpense": "None", "netIncomeFromContinuingOperations": "0", "comprehensiveIncomeNetOfTax": "None", "ebit": "818000000", "ebitda": "1227000000", "netIncome": "566000000"}, {"fiscalDateEnding": "2005-03-31", "reportedCurrency": "USD", "grossProfit": "2298000000", "totalRevenue": "12987000000", "costOfRevenue": "10689000000", "costofGoodsAndServicesSold": "10689000000", "operatingIncome": "687000000", "sellingGeneralAndAdministrative": "1071000000", "researchAndDevelopment": "492000000", "operatingExpenses": "1611000000", "investmentIncomeNet": "None", "netInterestIncome": "None", "interestIncome": "None", "interestExpense": "89000000", "nonInterestIncome": "None", "otherNonOperatingIncome": "None", "depreciation": "None", "depreciationAndAmortization": "362000000", "incomeBeforeTax": "584000000", "incomeTaxExpense": "70000000", "interestAndDebtExpense": "None", "netIncomeFromContinuingOperations": "0", "comprehensiveIncomeNetOfTax": "None", "ebit": "325000000", "ebitda": "687000000", "netIncome": "535000000"}, {"fiscalDateEnding": "2004-12-31", "reportedCurrency": "USD", "grossProfit": "1039000000", "totalRevenue": "13314000000", "costOfRevenue": "12275000000", "costofGoodsAndServicesSold": "12275000000", "operatingIncome": "28000000", "sellingGeneralAndAdministrative": "899000000", "researchAndDevelopment": "414000000", "operatingExpenses": "1122000000", "investmentIncomeNet": "None", "netInterestIncome": "None", "interestIncome": "None", "interestExpense": "171000000", "nonInterestIncome": "None", "otherNonOperatingIncome": "None", "depreciation": "None", "depreciationAndAmortization": "491000000", "incomeBeforeTax": "-9000000", "incomeTaxExpense": "-191000000", "interestAndDebtExpense": "None", "netIncomeFromContinuingOperations": "0", "comprehensiveIncomeNetOfTax": "None", "ebit": "316000000", "ebitda": "807000000", "netIncome": "186000000"}]}