{"symbol": "KDP", "annualReports": [{"fiscalDateEnding": "2024-12-31", "reportedCurrency": "USD", "grossProfit": "8529000000", "totalRevenue": "15351000000", "costOfRevenue": "6822000000", "costofGoodsAndServicesSold": "6822000000", "operatingIncome": "2591000000", "sellingGeneralAndAdministrative": "5013000000", "researchAndDevelopment": "None", "operatingExpenses": "5938000000", "investmentIncomeNet": "None", "netInterestIncome": "-735000000", "interestIncome": "None", "interestExpense": "735000000", "nonInterestIncome": "None", "otherNonOperatingIncome": "None", "depreciation": "None", "depreciationAndAmortization": "733000000", "incomeBeforeTax": "1914000000", "incomeTaxExpense": "473000000", "interestAndDebtExpense": "None", "netIncomeFromContinuingOperations": "1441000000", "comprehensiveIncomeNetOfTax": "None", "ebit": "2649000000", "ebitda": "3382000000", "netIncome": "1441000000"}, {"fiscalDateEnding": "2023-12-31", "reportedCurrency": "USD", "grossProfit": "8080000000", "totalRevenue": "14814000000", "costOfRevenue": "6734000000", "costofGoodsAndServicesSold": "6734000000", "operatingIncome": "3192000000", "sellingGeneralAndAdministrative": "2489000000", "researchAndDevelopment": "66000000", "operatingExpenses": "4888000000", "investmentIncomeNet": "None", "netInterestIncome": "-496000000", "interestIncome": "None", "interestExpense": "496000000", "nonInterestIncome": "None", "otherNonOperatingIncome": "None", "depreciation": "None", "depreciationAndAmortization": "720000000", "incomeBeforeTax": "2757000000", "incomeTaxExpense": "576000000", "interestAndDebtExpense": "None", "netIncomeFromContinuingOperations": "2181000000", "comprehensiveIncomeNetOfTax": "None", "ebit": "3253000000", "ebitda": "3973000000", "netIncome": "2181000000"}, {"fiscalDateEnding": "2022-12-31", "reportedCurrency": "USD", "grossProfit": "7323000000", "totalRevenue": "14057000000", "costOfRevenue": "6734000000", "costofGoodsAndServicesSold": "6734000000", "operatingIncome": "2605000000", "sellingGeneralAndAdministrative": "2362000000", "researchAndDevelopment": "65000000", "operatingExpenses": "4540000000", "investmentIncomeNet": "None", "netInterestIncome": "-693000000", "interestIncome": "None", "interestExpense": "693000000", "nonInterestIncome": "None", "otherNonOperatingIncome": "-181000000", "depreciation": "None", "depreciationAndAmortization": "709000000", "incomeBeforeTax": "1719000000", "incomeTaxExpense": "284000000", "interestAndDebtExpense": "None", "netIncomeFromContinuingOperations": "1435000000", "comprehensiveIncomeNetOfTax": "None", "ebit": "2874000000", "ebitda": "3583000000", "netIncome": "1436000000"}, {"fiscalDateEnding": "2021-12-31", "reportedCurrency": "USD", "grossProfit": "6977000000", "totalRevenue": "12683000000", "costOfRevenue": "5706000000", "costofGoodsAndServicesSold": "5706000000", "operatingIncome": "2894000000", "sellingGeneralAndAdministrative": "2138000000", "researchAndDevelopment": "66000000", "operatingExpenses": "4083000000", "investmentIncomeNet": "None", "netInterestIncome": "-500000000", "interestIncome": "None", "interestExpense": "500000000", "nonInterestIncome": "None", "otherNonOperatingIncome": "421000000", "depreciation": "None", "depreciationAndAmortization": "708000000", "incomeBeforeTax": "2798000000", "incomeTaxExpense": "653000000", "interestAndDebtExpense": "None", "netIncomeFromContinuingOperations": "2145000000", "comprehensiveIncomeNetOfTax": "None", "ebit": "3029000000", "ebitda": "3737000000", "netIncome": "2146000000"}, {"fiscalDateEnding": "2020-12-31", "reportedCurrency": "USD", "grossProfit": "6486000000", "totalRevenue": "11618000000", "costOfRevenue": "5132000000", "costofGoodsAndServicesSold": "5132000000", "operatingIncome": "2480000000", "sellingGeneralAndAdministrative": "2163000000", "researchAndDevelopment": "69000000", "operatingExpenses": "3939000000", "investmentIncomeNet": "None", "netInterestIncome": "-604000000", "interestIncome": "None", "interestExpense": "604000000", "nonInterestIncome": "None", "otherNonOperatingIncome": "-21000000", "depreciation": "None", "depreciationAndAmortization": "495000000", "incomeBeforeTax": "1753000000", "incomeTaxExpense": "428000000", "interestAndDebtExpense": "None", "netIncomeFromContinuingOperations": "1325000000", "comprehensiveIncomeNetOfTax": "None", "ebit": "2350000000", "ebitda": "2845000000", "netIncome": "1325000000"}, {"fiscalDateEnding": "2019-12-31", "reportedCurrency": "USD", "grossProfit": "6342000000", "totalRevenue": "11120000000", "costOfRevenue": "4778000000", "costofGoodsAndServicesSold": "4778000000", "operatingIncome": "2378000000", "sellingGeneralAndAdministrative": "2111000000", "researchAndDevelopment": "81000000", "operatingExpenses": "3964000000", "investmentIncomeNet": "None", "netInterestIncome": "-654000000", "interestIncome": "672000000", "interestExpense": "654000000", "nonInterestIncome": "None", "otherNonOperatingIncome": "-30000000", "depreciation": "None", "depreciationAndAmortization": "698000000", "incomeBeforeTax": "1694000000", "incomeTaxExpense": "440000000", "interestAndDebtExpense": "None", "netIncomeFromContinuingOperations": "1254000000", "comprehensiveIncomeNetOfTax": "None", "ebit": "2341000000", "ebitda": "3039000000", "netIncome": "1254000000"}, {"fiscalDateEnding": "2018-12-31", "reportedCurrency": "USD", "grossProfit": "3882000000", "totalRevenue": "7442000000", "costOfRevenue": "3560000000", "costofGoodsAndServicesSold": "3560000000", "operatingIncome": "1237000000", "sellingGeneralAndAdministrative": "2635000000", "researchAndDevelopment": "64000000", "operatingExpenses": "2645000000", "investmentIncomeNet": "None", "netInterestIncome": "-452000000", "interestIncome": "425000000", "interestExpense": "452000000", "nonInterestIncome": "None", "otherNonOperatingIncome": "6000000", "depreciation": "None", "depreciationAndAmortization": "462000000", "incomeBeforeTax": "791000000", "incomeTaxExpense": "202000000", "interestAndDebtExpense": "None", "netIncomeFromContinuingOperations": "589000000", "comprehensiveIncomeNetOfTax": "None", "ebit": "775000000", "ebitda": "1237000000", "netIncome": "586000000"}, {"fiscalDateEnding": "2017-12-31", "reportedCurrency": "USD", "grossProfit": "3995000000", "totalRevenue": "6690000000", "costOfRevenue": "2695000000", "costofGoodsAndServicesSold": "2695000000", "operatingIncome": "1388000000", "sellingGeneralAndAdministrative": "2556000000", "researchAndDevelopment": "20000000", "operatingExpenses": "2607000000", "investmentIncomeNet": "None", "netInterestIncome": "-161000000", "interestIncome": "3000000", "interestExpense": "164000000", "nonInterestIncome": "None", "otherNonOperatingIncome": "-53000000", "depreciation": "None", "depreciationAndAmortization": "229000000", "incomeBeforeTax": "1173000000", "incomeTaxExpense": "95000000", "interestAndDebtExpense": "None", "netIncomeFromContinuingOperations": "1078000000", "comprehensiveIncomeNetOfTax": "None", "ebit": "1341000000", "ebitda": "1570000000", "netIncome": "1076000000"}, {"fiscalDateEnding": "2016-12-31", "reportedCurrency": "USD", "grossProfit": "3858000000", "totalRevenue": "6440000000", "costOfRevenue": "2582000000", "costofGoodsAndServicesSold": "2582000000", "operatingIncome": "1433000000", "sellingGeneralAndAdministrative": "2329000000", "researchAndDevelopment": "20000000", "operatingExpenses": "2425000000", "investmentIncomeNet": "None", "netInterestIncome": "-144000000", "interestIncome": "3000000", "interestExpense": "147000000", "nonInterestIncome": "None", "otherNonOperatingIncome": "-5000000", "depreciation": "None", "depreciationAndAmortization": "224000000", "incomeBeforeTax": "1283000000", "incomeTaxExpense": "434000000", "interestAndDebtExpense": "None", "netIncomeFromContinuingOperations": "849000000", "comprehensiveIncomeNetOfTax": "None", "ebit": "1423000000", "ebitda": "1647000000", "netIncome": "847000000"}, {"fiscalDateEnding": "2015-12-31", "reportedCurrency": "USD", "grossProfit": "3723000000", "totalRevenue": "6282000000", "costOfRevenue": "2559000000", "costofGoodsAndServicesSold": "2559000000", "operatingIncome": "1298000000", "sellingGeneralAndAdministrative": "2313000000", "researchAndDevelopment": "19000000", "operatingExpenses": "2425000000", "investmentIncomeNet": "None", "netInterestIncome": "None", "interestIncome": "115000000", "interestExpense": "117000000", "nonInterestIncome": "None", "otherNonOperatingIncome": "3000000", "depreciation": "None", "depreciationAndAmortization": "227000000", "incomeBeforeTax": "1184000000", "incomeTaxExpense": "420000000", "interestAndDebtExpense": "None", "netIncomeFromContinuingOperations": "764000000", "comprehensiveIncomeNetOfTax": "None", "ebit": "1310000000", "ebitda": "1537000000", "netIncome": "764000000"}, {"fiscalDateEnding": "2014-12-31", "reportedCurrency": "USD", "grossProfit": "3630000000", "totalRevenue": "6121000000", "costOfRevenue": "2491000000", "costofGoodsAndServicesSold": "2491000000", "operatingIncome": "1180000000", "sellingGeneralAndAdministrative": "2334000000", "researchAndDevelopment": "76500000", "operatingExpenses": "2450000000", "investmentIncomeNet": "None", "netInterestIncome": "None", "interestIncome": "None", "interestExpense": "109000000", "nonInterestIncome": "None", "otherNonOperatingIncome": "3000000", "depreciation": "None", "depreciationAndAmortization": "235000000", "incomeBeforeTax": "1073000000", "incomeTaxExpense": "371000000", "interestAndDebtExpense": "None", "netIncomeFromContinuingOperations": "702000000", "comprehensiveIncomeNetOfTax": "None", "ebit": "1190000000", "ebitda": "1425000000", "netIncome": "703000000"}, {"fiscalDateEnding": "2013-12-31", "reportedCurrency": "USD", "grossProfit": "3498000000", "totalRevenue": "5997000000", "costOfRevenue": "2499000000", "costofGoodsAndServicesSold": "2499000000", "operatingIncome": "1046000000", "sellingGeneralAndAdministrative": "2328000000", "researchAndDevelopment": "57700000", "operatingExpenses": "2452000000", "investmentIncomeNet": "None", "netInterestIncome": "None", "interestIncome": "None", "interestExpense": "123000000", "nonInterestIncome": "None", "otherNonOperatingIncome": "-380000000", "depreciation": "None", "depreciationAndAmortization": "234000000", "incomeBeforeTax": "542000000", "incomeTaxExpense": "-81000000", "interestAndDebtExpense": "None", "netIncomeFromContinuingOperations": "623000000", "comprehensiveIncomeNetOfTax": "None", "ebit": "667000000", "ebitda": "901000000", "netIncome": "624000000"}, {"fiscalDateEnding": "2012-12-31", "reportedCurrency": "USD", "grossProfit": "3495000000", "totalRevenue": "5995000000", "costOfRevenue": "2500000000", "costofGoodsAndServicesSold": "2500000000", "operatingIncome": "1092000000", "sellingGeneralAndAdministrative": "2268000000", "researchAndDevelopment": "41700000", "operatingExpenses": "2403000000", "investmentIncomeNet": "None", "netInterestIncome": "None", "interestIncome": "None", "interestExpense": "125000000", "nonInterestIncome": "None", "otherNonOperatingIncome": "11000000", "depreciation": "None", "depreciationAndAmortization": "240000000", "incomeBeforeTax": "978000000", "incomeTaxExpense": "349000000", "interestAndDebtExpense": "None", "netIncomeFromContinuingOperations": "629000000", "comprehensiveIncomeNetOfTax": "None", "ebit": "1110000000", "ebitda": "1350000000", "netIncome": "629000000"}, {"fiscalDateEnding": "2011-12-31", "reportedCurrency": "USD", "grossProfit": "3418000000", "totalRevenue": "5903000000", "costOfRevenue": "2485000000", "costofGoodsAndServicesSold": "2485000000", "operatingIncome": "1024000000", "sellingGeneralAndAdministrative": "2257000000", "researchAndDevelopment": "15000000", "operatingExpenses": "2394000000", "investmentIncomeNet": "None", "netInterestIncome": "None", "interestIncome": "None", "interestExpense": "114000000", "nonInterestIncome": "None", "otherNonOperatingIncome": "16000000", "depreciation": "None", "depreciationAndAmortization": "232000000", "incomeBeforeTax": "925000000", "incomeTaxExpense": "320000000", "interestAndDebtExpense": "None", "netIncomeFromContinuingOperations": "605000000", "comprehensiveIncomeNetOfTax": "None", "ebit": "1050000000", "ebitda": "1282000000", "netIncome": "606000000"}, {"fiscalDateEnding": "2010-12-31", "reportedCurrency": "USD", "grossProfit": "3393000000", "totalRevenue": "5636000000", "costOfRevenue": "2243000000", "costofGoodsAndServicesSold": "2243000000", "operatingIncome": "1025000000", "sellingGeneralAndAdministrative": "2233000000", "researchAndDevelopment": "16000000", "operatingExpenses": "2368000000", "investmentIncomeNet": "None", "netInterestIncome": "None", "interestIncome": "None", "interestExpense": "128000000", "nonInterestIncome": "None", "otherNonOperatingIncome": "-75000000", "depreciation": "None", "depreciationAndAmortization": "223000000", "incomeBeforeTax": "821000000", "incomeTaxExpense": "294000000", "interestAndDebtExpense": "None", "netIncomeFromContinuingOperations": "527000000", "comprehensiveIncomeNetOfTax": "None", "ebit": "962000000", "ebitda": "1185000000", "netIncome": "528000000"}, {"fiscalDateEnding": "2009-12-31", "reportedCurrency": "USD", "grossProfit": "3297000000", "totalRevenue": "5531000000", "costOfRevenue": "2234000000", "costofGoodsAndServicesSold": "2234000000", "operatingIncome": "1085000000", "sellingGeneralAndAdministrative": "2135000000", "researchAndDevelopment": "6100000", "operatingExpenses": "2212000000", "investmentIncomeNet": "None", "netInterestIncome": "None", "interestIncome": "None", "interestExpense": "243000000", "nonInterestIncome": "None", "otherNonOperatingIncome": "None", "depreciation": "None", "depreciationAndAmortization": "207000000", "incomeBeforeTax": "868000000", "incomeTaxExpense": "315000000", "interestAndDebtExpense": "None", "netIncomeFromContinuingOperations": "None", "comprehensiveIncomeNetOfTax": "None", "ebit": "1065000000", "ebitda": "1272000000", "netIncome": "555000000"}, {"fiscalDateEnding": "2008-12-31", "reportedCurrency": "USD", "grossProfit": "3120000000", "totalRevenue": "5710000000", "costOfRevenue": "2590000000", "costofGoodsAndServicesSold": "2590000000", "operatingIncome": "-168000000", "sellingGeneralAndAdministrative": "2075000000", "researchAndDevelopment": "4100000", "operatingExpenses": "3231000000", "investmentIncomeNet": "None", "netInterestIncome": "None", "interestIncome": "None", "interestExpense": "257000000", "nonInterestIncome": "None", "otherNonOperatingIncome": "None", "depreciation": "None", "depreciationAndAmortization": "208000000", "incomeBeforeTax": "-375000000", "incomeTaxExpense": "-61000000", "interestAndDebtExpense": "None", "netIncomeFromContinuingOperations": "None", "comprehensiveIncomeNetOfTax": "None", "ebit": "-131000000", "ebitda": "77000000", "netIncome": "-312000000"}, {"fiscalDateEnding": "2007-12-31", "reportedCurrency": "USD", "grossProfit": "3131000000", "totalRevenue": "5748000000", "costOfRevenue": "2617000000", "costofGoodsAndServicesSold": "2617000000", "operatingIncome": "1004000000", "sellingGeneralAndAdministrative": "2018000000", "researchAndDevelopment": "3300000", "operatingExpenses": "2127000000", "investmentIncomeNet": "None", "netInterestIncome": "None", "interestIncome": "None", "interestExpense": "253000000", "nonInterestIncome": "None", "otherNonOperatingIncome": "None", "depreciation": "None", "depreciationAndAmortization": "169000000", "incomeBeforeTax": "817000000", "incomeTaxExpense": "322000000", "interestAndDebtExpense": "None", "netIncomeFromContinuingOperations": "None", "comprehensiveIncomeNetOfTax": "None", "ebit": "1004000000", "ebitda": "1173000000", "netIncome": "497000000"}, {"fiscalDateEnding": "2006-12-31", "reportedCurrency": "USD", "grossProfit": "2741000000", "totalRevenue": "4735000000", "costOfRevenue": "1994000000", "costofGoodsAndServicesSold": "1994000000", "operatingIncome": "1018000000", "sellingGeneralAndAdministrative": "63920000", "researchAndDevelopment": "None", "operatingExpenses": "1696000000", "investmentIncomeNet": "None", "netInterestIncome": "None", "interestIncome": "None", "interestExpense": "257000000", "nonInterestIncome": "None", "otherNonOperatingIncome": "None", "depreciation": "None", "depreciationAndAmortization": "139000000", "incomeBeforeTax": "805000000", "incomeTaxExpense": "298000000", "interestAndDebtExpense": "None", "netIncomeFromContinuingOperations": "None", "comprehensiveIncomeNetOfTax": "None", "ebit": "1062000000", "ebitda": "1201000000", "netIncome": "510000000"}, {"fiscalDateEnding": "2005-12-31", "reportedCurrency": "USD", "grossProfit": "2085000000", "totalRevenue": "3205000000", "costOfRevenue": "1120000000", "costofGoodsAndServicesSold": "1120000000", "operatingIncome": "906000000", "sellingGeneralAndAdministrative": "41071000", "researchAndDevelopment": "None", "operatingExpenses": "1169000000", "investmentIncomeNet": "None", "netInterestIncome": "None", "interestIncome": "None", "interestExpense": "210000000", "nonInterestIncome": "None", "otherNonOperatingIncome": "None", "depreciation": "None", "depreciationAndAmortization": "79000000", "incomeBeforeTax": "787000000", "incomeTaxExpense": "321000000", "interestAndDebtExpense": "None", "netIncomeFromContinuingOperations": "None", "comprehensiveIncomeNetOfTax": "None", "ebit": "997000000", "ebitda": "1076000000", "netIncome": "477000000"}], "quarterlyReports": [{"fiscalDateEnding": "2024-12-31", "reportedCurrency": "USD", "grossProfit": "2277000000", "totalRevenue": "4070000000", "costOfRevenue": "1793000000", "costofGoodsAndServicesSold": "1793000000", "operatingIncome": "63000000", "sellingGeneralAndAdministrative": "1297000000", "researchAndDevelopment": "None", "operatingExpenses": "2214000000", "investmentIncomeNet": "None", "netInterestIncome": "-247000000", "interestIncome": "None", "interestExpense": "247000000", "nonInterestIncome": "None", "otherNonOperatingIncome": "None", "depreciation": "None", "depreciationAndAmortization": "183000000", "incomeBeforeTax": "-154000000", "incomeTaxExpense": "-10000000", "interestAndDebtExpense": "None", "netIncomeFromContinuingOperations": "-144000000", "comprehensiveIncomeNetOfTax": "None", "ebit": "93000000", "ebitda": "276000000", "netIncome": "-144000000"}, {"fiscalDateEnding": "2024-09-30", "reportedCurrency": "USD", "grossProfit": "2140000000", "totalRevenue": "3891000000", "costOfRevenue": "1751000000", "costofGoodsAndServicesSold": "1751000000", "operatingIncome": "902000000", "sellingGeneralAndAdministrative": "1245000000", "researchAndDevelopment": "None", "operatingExpenses": "1245000000", "investmentIncomeNet": "None", "netInterestIncome": "-106000000", "interestIncome": "None", "interestExpense": "106000000", "nonInterestIncome": "None", "otherNonOperatingIncome": "None", "depreciation": "None", "depreciationAndAmortization": "175000000", "incomeBeforeTax": "802000000", "incomeTaxExpense": "186000000", "interestAndDebtExpense": "None", "netIncomeFromContinuingOperations": "616000000", "comprehensiveIncomeNetOfTax": "None", "ebit": "908000000", "ebitda": "1083000000", "netIncome": "616000000"}, {"fiscalDateEnding": "2024-06-30", "reportedCurrency": "USD", "grossProfit": "2081000000", "totalRevenue": "3922000000", "costOfRevenue": "1841000000", "costofGoodsAndServicesSold": "1841000000", "operatingIncome": "918000000", "sellingGeneralAndAdministrative": "1295000000", "researchAndDevelopment": "None", "operatingExpenses": "1163000000", "investmentIncomeNet": "None", "netInterestIncome": "-204000000", "interestIncome": "None", "interestExpense": "204000000", "nonInterestIncome": "None", "otherNonOperatingIncome": "None", "depreciation": "None", "depreciationAndAmortization": "205000000", "incomeBeforeTax": "672000000", "incomeTaxExpense": "157000000", "interestAndDebtExpense": "None", "netIncomeFromContinuingOperations": "515000000", "comprehensiveIncomeNetOfTax": "None", "ebit": "861000000", "ebitda": "1066000000", "netIncome": "515000000"}, {"fiscalDateEnding": "2024-03-31", "reportedCurrency": "USD", "grossProfit": "1907000000", "totalRevenue": "3468000000", "costOfRevenue": "1561000000", "costofGoodsAndServicesSold": "1561000000", "operatingIncome": "764000000", "sellingGeneralAndAdministrative": "1176000000", "researchAndDevelopment": "None", "operatingExpenses": "1143000000", "investmentIncomeNet": "None", "netInterestIncome": "-178000000", "interestIncome": "None", "interestExpense": "178000000", "nonInterestIncome": "None", "otherNonOperatingIncome": "None", "depreciation": "None", "depreciationAndAmortization": "170000000", "incomeBeforeTax": "594000000", "incomeTaxExpense": "140000000", "interestAndDebtExpense": "None", "netIncomeFromContinuingOperations": "454000000", "comprehensiveIncomeNetOfTax": "None", "ebit": "761000000", "ebitda": "931000000", "netIncome": "454000000"}, {"fiscalDateEnding": "2023-12-31", "reportedCurrency": "USD", "grossProfit": "2184000000", "totalRevenue": "3867000000", "costOfRevenue": "1683000000", "costofGoodsAndServicesSold": "1683000000", "operatingIncome": "943000000", "sellingGeneralAndAdministrative": "1165000000", "researchAndDevelopment": "66000000", "operatingExpenses": "1241000000", "investmentIncomeNet": "None", "netInterestIncome": "-64000000", "interestIncome": "None", "interestExpense": "64000000", "nonInterestIncome": "None", "otherNonOperatingIncome": "None", "depreciation": "None", "depreciationAndAmortization": "182000000", "incomeBeforeTax": "899000000", "incomeTaxExpense": "206000000", "interestAndDebtExpense": "None", "netIncomeFromContinuingOperations": "693000000", "comprehensiveIncomeNetOfTax": "None", "ebit": "940000000", "ebitda": "1122000000", "netIncome": "693000000"}, {"fiscalDateEnding": "2023-09-30", "reportedCurrency": "USD", "grossProfit": "2111000000", "totalRevenue": "3805000000", "costOfRevenue": "1694000000", "costofGoodsAndServicesSold": "1694000000", "operatingIncome": "896000000", "sellingGeneralAndAdministrative": "1217000000", "researchAndDevelopment": "None", "operatingExpenses": "1213000000", "investmentIncomeNet": "None", "netInterestIncome": "-237000000", "interestIncome": "None", "interestExpense": "237000000", "nonInterestIncome": "None", "otherNonOperatingIncome": "None", "depreciation": "None", "depreciationAndAmortization": "177000000", "incomeBeforeTax": "664000000", "incomeTaxExpense": "146000000", "interestAndDebtExpense": "None", "netIncomeFromContinuingOperations": "518000000", "comprehensiveIncomeNetOfTax": "None", "ebit": "901000000", "ebitda": "1078000000", "netIncome": "518000000"}, {"fiscalDateEnding": "2023-06-30", "reportedCurrency": "USD", "grossProfit": "2041000000", "totalRevenue": "3789000000", "costOfRevenue": "1748000000", "costofGoodsAndServicesSold": "1748000000", "operatingIncome": "769000000", "sellingGeneralAndAdministrative": "1272000000", "researchAndDevelopment": "None", "operatingExpenses": "1272000000", "investmentIncomeNet": "None", "netInterestIncome": "-172000000", "interestIncome": "None", "interestExpense": "172000000", "nonInterestIncome": "None", "otherNonOperatingIncome": "16000000", "depreciation": "None", "depreciationAndAmortization": "175000000", "incomeBeforeTax": "613000000", "incomeTaxExpense": "110000000", "interestAndDebtExpense": "None", "netIncomeFromContinuingOperations": "503000000", "comprehensiveIncomeNetOfTax": "None", "ebit": "769000000", "ebitda": "944000000", "netIncome": "503000000"}, {"fiscalDateEnding": "2023-03-31", "reportedCurrency": "USD", "grossProfit": "1744000000", "totalRevenue": "3353000000", "costOfRevenue": "1609000000", "costofGoodsAndServicesSold": "1609000000", "operatingIncome": "584000000", "sellingGeneralAndAdministrative": "1165000000", "researchAndDevelopment": "None", "operatingExpenses": "1160000000", "investmentIncomeNet": "None", "netInterestIncome": "-23000000", "interestIncome": "None", "interestExpense": "23000000", "nonInterestIncome": "None", "otherNonOperatingIncome": "20000000", "depreciation": "None", "depreciationAndAmortization": "186000000", "incomeBeforeTax": "581000000", "incomeTaxExpense": "114000000", "interestAndDebtExpense": "None", "netIncomeFromContinuingOperations": "467000000", "comprehensiveIncomeNetOfTax": "None", "ebit": "576000000", "ebitda": "762000000", "netIncome": "467000000"}, {"fiscalDateEnding": "2022-12-31", "reportedCurrency": "USD", "grossProfit": "1996000000", "totalRevenue": "3803000000", "costOfRevenue": "1807000000", "costofGoodsAndServicesSold": "1807000000", "operatingIncome": "673000000", "sellingGeneralAndAdministrative": "1056000000", "researchAndDevelopment": "65000000", "operatingExpenses": "1157000000", "investmentIncomeNet": "None", "netInterestIncome": "-123000000", "interestIncome": "None", "interestExpense": "123000000", "nonInterestIncome": "None", "otherNonOperatingIncome": "8000000", "depreciation": "None", "depreciationAndAmortization": "179000000", "incomeBeforeTax": "558000000", "incomeTaxExpense": "105000000", "interestAndDebtExpense": "None", "netIncomeFromContinuingOperations": "453000000", "comprehensiveIncomeNetOfTax": "None", "ebit": "850000000", "ebitda": "1029000000", "netIncome": "453000000"}, {"fiscalDateEnding": "2022-09-30", "reportedCurrency": "USD", "grossProfit": "1901000000", "totalRevenue": "3622000000", "costOfRevenue": "1721000000", "costofGoodsAndServicesSold": "1721000000", "operatingIncome": "701000000", "sellingGeneralAndAdministrative": "1196000000", "researchAndDevelopment": "None", "operatingExpenses": "1196000000", "investmentIncomeNet": "None", "netInterestIncome": "-207000000", "interestIncome": "None", "interestExpense": "207000000", "nonInterestIncome": "None", "otherNonOperatingIncome": "-4000000", "depreciation": "None", "depreciationAndAmortization": "172000000", "incomeBeforeTax": "183000000", "incomeTaxExpense": "4000000", "interestAndDebtExpense": "None", "netIncomeFromContinuingOperations": "179000000", "comprehensiveIncomeNetOfTax": "None", "ebit": "746000000", "ebitda": "918000000", "netIncome": "180000000"}, {"fiscalDateEnding": "2022-06-30", "reportedCurrency": "USD", "grossProfit": "1776000000", "totalRevenue": "3554000000", "costOfRevenue": "1778000000", "costofGoodsAndServicesSold": "1778000000", "operatingIncome": "572000000", "sellingGeneralAndAdministrative": "1204000000", "researchAndDevelopment": "None", "operatingExpenses": "1204000000", "investmentIncomeNet": "None", "netInterestIncome": "-175000000", "interestIncome": "None", "interestExpense": "175000000", "nonInterestIncome": "None", "otherNonOperatingIncome": "-178000000", "depreciation": "None", "depreciationAndAmortization": "176000000", "incomeBeforeTax": "213000000", "incomeTaxExpense": "-5000000", "interestAndDebtExpense": "None", "netIncomeFromContinuingOperations": "218000000", "comprehensiveIncomeNetOfTax": "None", "ebit": "604000000", "ebitda": "780000000", "netIncome": "218000000"}, {"fiscalDateEnding": "2022-03-31", "reportedCurrency": "USD", "grossProfit": "1650000000", "totalRevenue": "3078000000", "costOfRevenue": "1428000000", "costofGoodsAndServicesSold": "1428000000", "operatingIncome": "658000000", "sellingGeneralAndAdministrative": "1018000000", "researchAndDevelopment": "None", "operatingExpenses": "983000000", "investmentIncomeNet": "None", "netInterestIncome": "-188000000", "interestIncome": "None", "interestExpense": "188000000", "nonInterestIncome": "None", "otherNonOperatingIncome": "-7000000", "depreciation": "None", "depreciationAndAmortization": "182000000", "incomeBeforeTax": "765000000", "incomeTaxExpense": "180000000", "interestAndDebtExpense": "None", "netIncomeFromContinuingOperations": "585000000", "comprehensiveIncomeNetOfTax": "None", "ebit": "674000000", "ebitda": "856000000", "netIncome": "585000000"}, {"fiscalDateEnding": "2021-12-31", "reportedCurrency": "USD", "grossProfit": "1772000000", "totalRevenue": "3391000000", "costOfRevenue": "1619000000", "costofGoodsAndServicesSold": "1619000000", "operatingIncome": "725000000", "sellingGeneralAndAdministrative": "902000000", "researchAndDevelopment": "66000000", "operatingExpenses": "1047000000", "investmentIncomeNet": "None", "netInterestIncome": "-119000000", "interestIncome": "None", "interestExpense": "119000000", "nonInterestIncome": "None", "otherNonOperatingIncome": "520000000", "depreciation": "None", "depreciationAndAmortization": "185000000", "incomeBeforeTax": "1109000000", "incomeTaxExpense": "266000000", "interestAndDebtExpense": "None", "netIncomeFromContinuingOperations": "843000000", "comprehensiveIncomeNetOfTax": "None", "ebit": "781000000", "ebitda": "966000000", "netIncome": "843000000"}, {"fiscalDateEnding": "2021-09-30", "reportedCurrency": "USD", "grossProfit": "1835000000", "totalRevenue": "3250000000", "costOfRevenue": "1415000000", "costofGoodsAndServicesSold": "1415000000", "operatingIncome": "795000000", "sellingGeneralAndAdministrative": "1040000000", "researchAndDevelopment": "None", "operatingExpenses": "1040000000", "investmentIncomeNet": "None", "netInterestIncome": "-116000000", "interestIncome": "None", "interestExpense": "116000000", "nonInterestIncome": "None", "otherNonOperatingIncome": "-1000000", "depreciation": "None", "depreciationAndAmortization": "170000000", "incomeBeforeTax": "678000000", "incomeTaxExpense": "149000000", "interestAndDebtExpense": "None", "netIncomeFromContinuingOperations": "529000000", "comprehensiveIncomeNetOfTax": "None", "ebit": "859000000", "ebitda": "1029000000", "netIncome": "530000000"}, {"fiscalDateEnding": "2021-06-30", "reportedCurrency": "USD", "grossProfit": "1770000000", "totalRevenue": "3140000000", "costOfRevenue": "1370000000", "costofGoodsAndServicesSold": "1370000000", "operatingIncome": "734000000", "sellingGeneralAndAdministrative": "1039000000", "researchAndDevelopment": "None", "operatingExpenses": "1036000000", "investmentIncomeNet": "None", "netInterestIncome": "-125000000", "interestIncome": "None", "interestExpense": "125000000", "nonInterestIncome": "None", "otherNonOperatingIncome": "4000000", "depreciation": "None", "depreciationAndAmortization": "178000000", "incomeBeforeTax": "613000000", "incomeTaxExpense": "165000000", "interestAndDebtExpense": "None", "netIncomeFromContinuingOperations": "448000000", "comprehensiveIncomeNetOfTax": "None", "ebit": "800000000", "ebitda": "978000000", "netIncome": "448000000"}, {"fiscalDateEnding": "2021-03-31", "reportedCurrency": "USD", "grossProfit": "1600000000", "totalRevenue": "2902000000", "costOfRevenue": "1302000000", "costofGoodsAndServicesSold": "1302000000", "operatingIncome": "640000000", "sellingGeneralAndAdministrative": "961000000", "researchAndDevelopment": "None", "operatingExpenses": "960000000", "investmentIncomeNet": "None", "netInterestIncome": "-140000000", "interestIncome": "None", "interestExpense": "140000000", "nonInterestIncome": "None", "otherNonOperatingIncome": "-102000000", "depreciation": "None", "depreciationAndAmortization": "175000000", "incomeBeforeTax": "398000000", "incomeTaxExpense": "73000000", "interestAndDebtExpense": "None", "netIncomeFromContinuingOperations": "325000000", "comprehensiveIncomeNetOfTax": "None", "ebit": "706000000", "ebitda": "881000000", "netIncome": "325000000"}, {"fiscalDateEnding": "2020-12-31", "reportedCurrency": "USD", "grossProfit": "1768000000", "totalRevenue": "3121000000", "costOfRevenue": "1353000000", "costofGoodsAndServicesSold": "1353000000", "operatingIncome": "700000000", "sellingGeneralAndAdministrative": "1028000000", "researchAndDevelopment": "69000000", "operatingExpenses": "1001000000", "investmentIncomeNet": "None", "netInterestIncome": "-146000000", "interestIncome": "None", "interestExpense": "146000000", "nonInterestIncome": "None", "otherNonOperatingIncome": "4000000", "depreciation": "None", "depreciationAndAmortization": "163000000", "incomeBeforeTax": "558000000", "incomeTaxExpense": "130000000", "interestAndDebtExpense": "None", "netIncomeFromContinuingOperations": "428000000", "comprehensiveIncomeNetOfTax": "None", "ebit": "850000000", "ebitda": "1013000000", "netIncome": "428000000"}, {"fiscalDateEnding": "2020-09-30", "reportedCurrency": "USD", "grossProfit": "1704000000", "totalRevenue": "3020000000", "costOfRevenue": "1316000000", "costofGoodsAndServicesSold": "1316000000", "operatingIncome": "753000000", "sellingGeneralAndAdministrative": "949000000", "researchAndDevelopment": "None", "operatingExpenses": "951000000", "investmentIncomeNet": "None", "netInterestIncome": "-148000000", "interestIncome": "None", "interestExpense": "148000000", "nonInterestIncome": "None", "otherNonOperatingIncome": "-5000000", "depreciation": "None", "depreciationAndAmortization": "165000000", "incomeBeforeTax": "584000000", "incomeTaxExpense": "141000000", "interestAndDebtExpense": "None", "netIncomeFromContinuingOperations": "443000000", "comprehensiveIncomeNetOfTax": "None", "ebit": "849000000", "ebitda": "1014000000", "netIncome": "443000000"}, {"fiscalDateEnding": "2020-06-30", "reportedCurrency": "USD", "grossProfit": "1562000000", "totalRevenue": "2864000000", "costOfRevenue": "1302000000", "costofGoodsAndServicesSold": "1302000000", "operatingIncome": "561000000", "sellingGeneralAndAdministrative": "1001000000", "researchAndDevelopment": "None", "operatingExpenses": "1001000000", "investmentIncomeNet": "None", "netInterestIncome": "-157000000", "interestIncome": "157000000", "interestExpense": "157000000", "nonInterestIncome": "None", "otherNonOperatingIncome": "2000000", "depreciation": "None", "depreciationAndAmortization": "162000000", "incomeBeforeTax": "406000000", "incomeTaxExpense": "108000000", "interestAndDebtExpense": "None", "netIncomeFromContinuingOperations": "298000000", "comprehensiveIncomeNetOfTax": "None", "ebit": "702000000", "ebitda": "864000000", "netIncome": "298000000"}, {"fiscalDateEnding": "2020-03-31", "reportedCurrency": "USD", "grossProfit": "1452000000", "totalRevenue": "2613000000", "costOfRevenue": "1161000000", "costofGoodsAndServicesSold": "1161000000", "operatingIncome": "466000000", "sellingGeneralAndAdministrative": "1028000000", "researchAndDevelopment": "None", "operatingExpenses": "986000000", "investmentIncomeNet": "None", "netInterestIncome": "-153000000", "interestIncome": "136000000", "interestExpense": "153000000", "nonInterestIncome": "None", "otherNonOperatingIncome": "-22000000", "depreciation": "None", "depreciationAndAmortization": "163000000", "incomeBeforeTax": "205000000", "incomeTaxExpense": "49000000", "interestAndDebtExpense": "None", "netIncomeFromContinuingOperations": "156000000", "comprehensiveIncomeNetOfTax": "None", "ebit": "491000000", "ebitda": "654000000", "netIncome": "156000000"}, {"fiscalDateEnding": "2019-12-31", "reportedCurrency": "USD", "grossProfit": "1693000000", "totalRevenue": "2934000000", "costOfRevenue": "1241000000", "costofGoodsAndServicesSold": "1241000000", "operatingIncome": "713000000", "sellingGeneralAndAdministrative": "1011000000", "researchAndDevelopment": "81000000", "operatingExpenses": "980000000", "investmentIncomeNet": "None", "netInterestIncome": "-157000000", "interestIncome": "159000000", "interestExpense": "157000000", "nonInterestIncome": "None", "otherNonOperatingIncome": "-6000000", "depreciation": "None", "depreciationAndAmortization": "168000000", "incomeBeforeTax": "550000000", "incomeTaxExpense": "144000000", "interestAndDebtExpense": "None", "netIncomeFromContinuingOperations": "406000000", "comprehensiveIncomeNetOfTax": "None", "ebit": "9000000", "ebitda": "177000000", "netIncome": "406000000"}, {"fiscalDateEnding": "2019-09-30", "reportedCurrency": "USD", "grossProfit": "1625000000", "totalRevenue": "2870000000", "costOfRevenue": "1245000000", "costofGoodsAndServicesSold": "1245000000", "operatingIncome": "580000000", "sellingGeneralAndAdministrative": "1012000000", "researchAndDevelopment": "None", "operatingExpenses": "1045000000", "investmentIncomeNet": "None", "netInterestIncome": "-158000000", "interestIncome": "168000000", "interestExpense": "158000000", "nonInterestIncome": "None", "otherNonOperatingIncome": "-9000000", "depreciation": "None", "depreciationAndAmortization": "186000000", "incomeBeforeTax": "413000000", "incomeTaxExpense": "109000000", "interestAndDebtExpense": "None", "netIncomeFromContinuingOperations": "304000000", "comprehensiveIncomeNetOfTax": "None", "ebit": "515000000", "ebitda": "701000000", "netIncome": "304000000"}, {"fiscalDateEnding": "2019-06-30", "reportedCurrency": "USD", "grossProfit": "1626000000", "totalRevenue": "2812000000", "costOfRevenue": "1186000000", "costofGoodsAndServicesSold": "1186000000", "operatingIncome": "587000000", "sellingGeneralAndAdministrative": "1028000000", "researchAndDevelopment": "None", "operatingExpenses": "1039000000", "investmentIncomeNet": "None", "netInterestIncome": "-170000000", "interestIncome": "170000000", "interestExpense": "170000000", "nonInterestIncome": "None", "otherNonOperatingIncome": "-1000000", "depreciation": "None", "depreciationAndAmortization": "181000000", "incomeBeforeTax": "416000000", "incomeTaxExpense": "102000000", "interestAndDebtExpense": "None", "netIncomeFromContinuingOperations": "314000000", "comprehensiveIncomeNetOfTax": "None", "ebit": "629000000", "ebitda": "810000000", "netIncome": "314000000"}, {"fiscalDateEnding": "2019-03-31", "reportedCurrency": "USD", "grossProfit": "1398000000", "totalRevenue": "2504000000", "costOfRevenue": "1106000000", "costofGoodsAndServicesSold": "1106000000", "operatingIncome": "498000000", "sellingGeneralAndAdministrative": "911000000", "researchAndDevelopment": "None", "operatingExpenses": "900000000", "investmentIncomeNet": "None", "netInterestIncome": "-169000000", "interestIncome": "175000000", "interestExpense": "169000000", "nonInterestIncome": "None", "otherNonOperatingIncome": "-14000000", "depreciation": "None", "depreciationAndAmortization": "163000000", "incomeBeforeTax": "315000000", "incomeTaxExpense": "85000000", "interestAndDebtExpense": "None", "netIncomeFromContinuingOperations": "230000000", "comprehensiveIncomeNetOfTax": "None", "ebit": "563000000", "ebitda": "726000000", "netIncome": "230000000"}, {"fiscalDateEnding": "2018-12-31", "reportedCurrency": "USD", "grossProfit": "1545000000", "totalRevenue": "2813000000", "costOfRevenue": "1268000000", "costofGoodsAndServicesSold": "1268000000", "operatingIncome": "547000000", "sellingGeneralAndAdministrative": "999000000", "researchAndDevelopment": "64000000", "operatingExpenses": "998000000", "investmentIncomeNet": "None", "netInterestIncome": "None", "interestIncome": "None", "interestExpense": "180000000", "nonInterestIncome": "None", "otherNonOperatingIncome": "-10000000", "depreciation": "None", "depreciationAndAmortization": "168000000", "incomeBeforeTax": "358000000", "incomeTaxExpense": "92000000", "interestAndDebtExpense": "None", "netIncomeFromContinuingOperations": "-54000000", "comprehensiveIncomeNetOfTax": "None", "ebit": "589000000", "ebitda": "757000000", "netIncome": "266000000"}, {"fiscalDateEnding": "2018-09-30", "reportedCurrency": "USD", "grossProfit": "1361000000", "totalRevenue": "2732000000", "costOfRevenue": "1371000000", "costofGoodsAndServicesSold": "1371000000", "operatingIncome": "344000000", "sellingGeneralAndAdministrative": "1025000000", "researchAndDevelopment": "0", "operatingExpenses": "1017000000", "investmentIncomeNet": "None", "netInterestIncome": "None", "interestIncome": "None", "interestExpense": "172000000", "nonInterestIncome": "None", "otherNonOperatingIncome": "22000000", "depreciation": "None", "depreciationAndAmortization": "175000000", "incomeBeforeTax": "194000000", "incomeTaxExpense": "46000000", "interestAndDebtExpense": "None", "netIncomeFromContinuingOperations": "240000000", "comprehensiveIncomeNetOfTax": "None", "ebit": "369000000", "ebitda": "544000000", "netIncome": "148000000"}, {"fiscalDateEnding": "2018-06-30", "reportedCurrency": "USD", "grossProfit": "1096000000", "totalRevenue": "1886000000", "costOfRevenue": "790000000", "costofGoodsAndServicesSold": "790000000", "operatingIncome": "362000000", "sellingGeneralAndAdministrative": "721000000", "researchAndDevelopment": "0", "operatingExpenses": "734000000", "investmentIncomeNet": "None", "netInterestIncome": "None", "interestIncome": "None", "interestExpense": "43000000", "nonInterestIncome": "None", "otherNonOperatingIncome": "-1000000", "depreciation": "None", "depreciationAndAmortization": "60000000", "incomeBeforeTax": "321000000", "incomeTaxExpense": "83000000", "interestAndDebtExpense": "None", "netIncomeFromContinuingOperations": "238000000", "comprehensiveIncomeNetOfTax": "None", "ebit": "363000000", "ebitda": "423000000", "netIncome": "235000000"}, {"fiscalDateEnding": "2018-03-31", "reportedCurrency": "USD", "grossProfit": "913000000", "totalRevenue": "1594000000", "costOfRevenue": "681000000", "costofGoodsAndServicesSold": "681000000", "operatingIncome": "259000000", "sellingGeneralAndAdministrative": "626000000", "researchAndDevelopment": "17000000", "operatingExpenses": "654000000", "investmentIncomeNet": "None", "netInterestIncome": "None", "interestIncome": "None", "interestExpense": "41000000", "nonInterestIncome": "None", "otherNonOperatingIncome": "-5000000", "depreciation": "None", "depreciationAndAmortization": "59000000", "incomeBeforeTax": "219000000", "incomeTaxExpense": "54000000", "interestAndDebtExpense": "None", "netIncomeFromContinuingOperations": "165000000", "comprehensiveIncomeNetOfTax": "None", "ebit": "260000000", "ebitda": "319000000", "netIncome": "159000000"}, {"fiscalDateEnding": "2017-12-31", "reportedCurrency": "USD", "grossProfit": "980000000", "totalRevenue": "1643000000", "costOfRevenue": "663000000", "costofGoodsAndServicesSold": "663000000", "operatingIncome": "363000000", "sellingGeneralAndAdministrative": "612000000", "researchAndDevelopment": "3000000", "operatingExpenses": "617000000", "investmentIncomeNet": "None", "netInterestIncome": "None", "interestIncome": "None", "interestExpense": "40000000", "nonInterestIncome": "None", "otherNonOperatingIncome": "1000000", "depreciation": "None", "depreciationAndAmortization": "57000000", "incomeBeforeTax": "325000000", "incomeTaxExpense": "-184000000", "interestAndDebtExpense": "None", "netIncomeFromContinuingOperations": "509000000", "comprehensiveIncomeNetOfTax": "None", "ebit": "364000000", "ebitda": "421000000", "netIncome": "508000000"}, {"fiscalDateEnding": "2017-09-30", "reportedCurrency": "USD", "grossProfit": "1033000000", "totalRevenue": "1740000000", "costOfRevenue": "707000000", "costofGoodsAndServicesSold": "707000000", "operatingIncome": "367000000", "sellingGeneralAndAdministrative": "640000000", "researchAndDevelopment": "0", "operatingExpenses": "666000000", "investmentIncomeNet": "None", "netInterestIncome": "None", "interestIncome": "None", "interestExpense": "40000000", "nonInterestIncome": "None", "otherNonOperatingIncome": "-10000000", "depreciation": "None", "depreciationAndAmortization": "57000000", "incomeBeforeTax": "317000000", "incomeTaxExpense": "114000000", "interestAndDebtExpense": "None", "netIncomeFromContinuingOperations": "203000000", "comprehensiveIncomeNetOfTax": "None", "ebit": "358000000", "ebitda": "415000000", "netIncome": "203000000"}, {"fiscalDateEnding": "2017-06-30", "reportedCurrency": "USD", "grossProfit": "1079000000", "totalRevenue": "1797000000", "costOfRevenue": "718000000", "costofGoodsAndServicesSold": "718000000", "operatingIncome": "373000000", "sellingGeneralAndAdministrative": "683000000", "researchAndDevelopment": "0", "operatingExpenses": "706000000", "investmentIncomeNet": "None", "netInterestIncome": "None", "interestIncome": "None", "interestExpense": "44000000", "nonInterestIncome": "None", "otherNonOperatingIncome": "-47000000", "depreciation": "None", "depreciationAndAmortization": "55000000", "incomeBeforeTax": "283000000", "incomeTaxExpense": "94000000", "interestAndDebtExpense": "None", "netIncomeFromContinuingOperations": "189000000", "comprehensiveIncomeNetOfTax": "None", "ebit": "328000000", "ebitda": "383000000", "netIncome": "188000000"}, {"fiscalDateEnding": "2017-03-31", "reportedCurrency": "USD", "grossProfit": "903000000", "totalRevenue": "1510000000", "costOfRevenue": "607000000", "costofGoodsAndServicesSold": "607000000", "operatingIncome": "285000000", "sellingGeneralAndAdministrative": "621000000", "researchAndDevelopment": "0", "operatingExpenses": "618000000", "investmentIncomeNet": "None", "netInterestIncome": "None", "interestIncome": "None", "interestExpense": "40000000", "nonInterestIncome": "None", "otherNonOperatingIncome": "3000000", "depreciation": "None", "depreciationAndAmortization": "60000000", "incomeBeforeTax": "248000000", "incomeTaxExpense": "71000000", "interestAndDebtExpense": "None", "netIncomeFromContinuingOperations": "177000000", "comprehensiveIncomeNetOfTax": "None", "ebit": "291000000", "ebitda": "351000000", "netIncome": "177000000"}, {"fiscalDateEnding": "2016-12-31", "reportedCurrency": "USD", "grossProfit": "951000000", "totalRevenue": "1578000000", "costOfRevenue": "627000000", "costofGoodsAndServicesSold": "627000000", "operatingIncome": "335000000", "sellingGeneralAndAdministrative": "590000000", "researchAndDevelopment": "17000000", "operatingExpenses": "616000000", "investmentIncomeNet": "None", "netInterestIncome": "None", "interestIncome": "None", "interestExpense": "48000000", "nonInterestIncome": "None", "otherNonOperatingIncome": "-31000000", "depreciation": "None", "depreciationAndAmortization": "25000000", "incomeBeforeTax": "257000000", "incomeTaxExpense": "91000000", "interestAndDebtExpense": "None", "netIncomeFromContinuingOperations": "166000000", "comprehensiveIncomeNetOfTax": "None", "ebit": "298000000", "ebitda": "323000000", "netIncome": "165000000"}, {"fiscalDateEnding": "2016-09-30", "reportedCurrency": "USD", "grossProfit": "997000000", "totalRevenue": "1680000000", "costOfRevenue": "683000000", "costofGoodsAndServicesSold": "683000000", "operatingIncome": "373000000", "sellingGeneralAndAdministrative": "603000000", "researchAndDevelopment": "0", "operatingExpenses": "624000000", "investmentIncomeNet": "None", "netInterestIncome": "None", "interestIncome": "None", "interestExpense": "33000000", "nonInterestIncome": "None", "otherNonOperatingIncome": "2000000", "depreciation": "None", "depreciationAndAmortization": "55000000", "incomeBeforeTax": "343000000", "incomeTaxExpense": "102000000", "interestAndDebtExpense": "None", "netIncomeFromContinuingOperations": "-628497000", "comprehensiveIncomeNetOfTax": "None", "ebit": "375000000", "ebitda": "430000000", "netIncome": "240000000"}, {"fiscalDateEnding": "2016-06-30", "reportedCurrency": "USD", "grossProfit": "1025000000", "totalRevenue": "1695000000", "costOfRevenue": "670000000", "costofGoodsAndServicesSold": "670000000", "operatingIncome": "412000000", "sellingGeneralAndAdministrative": "590000000", "researchAndDevelopment": "19000000", "operatingExpenses": "613000000", "investmentIncomeNet": "None", "netInterestIncome": "None", "interestIncome": "None", "interestExpense": "33000000", "nonInterestIncome": "None", "otherNonOperatingIncome": "23000000", "depreciation": "None", "depreciationAndAmortization": "55000000", "incomeBeforeTax": "402000000", "incomeTaxExpense": "142000000", "interestAndDebtExpense": "None", "netIncomeFromContinuingOperations": "260000000", "comprehensiveIncomeNetOfTax": "None", "ebit": "404000000", "ebitda": "459000000", "netIncome": "260000000"}, {"fiscalDateEnding": "2016-03-31", "reportedCurrency": "USD", "grossProfit": "885000000", "totalRevenue": "1487000000", "costOfRevenue": "602000000", "costofGoodsAndServicesSold": "602000000", "operatingIncome": "313000000", "sellingGeneralAndAdministrative": "546000000", "researchAndDevelopment": "38000000", "operatingExpenses": "572000000", "investmentIncomeNet": "None", "netInterestIncome": "None", "interestIncome": "None", "interestExpense": "33000000", "nonInterestIncome": "None", "otherNonOperatingIncome": "1000000", "depreciation": "None", "depreciationAndAmortization": "56000000", "incomeBeforeTax": "281000000", "incomeTaxExpense": "99000000", "interestAndDebtExpense": "None", "netIncomeFromContinuingOperations": "182000000", "comprehensiveIncomeNetOfTax": "None", "ebit": "284000000", "ebitda": "340000000", "netIncome": "182000000"}, {"fiscalDateEnding": "2015-12-31", "reportedCurrency": "USD", "grossProfit": "936000000", "totalRevenue": "1546000000", "costOfRevenue": "610000000", "costofGoodsAndServicesSold": "610000000", "operatingIncome": "322000000", "sellingGeneralAndAdministrative": "583000000", "researchAndDevelopment": "19000000", "operatingExpenses": "614000000", "investmentIncomeNet": "None", "netInterestIncome": "None", "interestIncome": "None", "interestExpense": "34000000", "nonInterestIncome": "None", "otherNonOperatingIncome": "3000000", "depreciation": "None", "depreciationAndAmortization": "26000000", "incomeBeforeTax": "291000000", "incomeTaxExpense": "106000000", "interestAndDebtExpense": "None", "netIncomeFromContinuingOperations": "185000000", "comprehensiveIncomeNetOfTax": "None", "ebit": "236000000", "ebitda": "262000000", "netIncome": "185000000"}, {"fiscalDateEnding": "2015-09-30", "reportedCurrency": "USD", "grossProfit": "957000000", "totalRevenue": "1630000000", "costOfRevenue": "673000000", "costofGoodsAndServicesSold": "673000000", "operatingIncome": "337000000", "sellingGeneralAndAdministrative": "592000000", "researchAndDevelopment": "84700000", "operatingExpenses": "620000000", "investmentIncomeNet": "None", "netInterestIncome": "None", "interestIncome": "None", "interestExpense": "28000000", "nonInterestIncome": "None", "otherNonOperatingIncome": "-1000000", "depreciation": "None", "depreciationAndAmortization": "56000000", "incomeBeforeTax": "308000000", "incomeTaxExpense": "106000000", "interestAndDebtExpense": "None", "netIncomeFromContinuingOperations": "-1495884000", "comprehensiveIncomeNetOfTax": "None", "ebit": "306000000", "ebitda": "362000000", "netIncome": "202000000"}, {"fiscalDateEnding": "2015-06-30", "reportedCurrency": "USD", "grossProfit": "981000000", "totalRevenue": "1655000000", "costOfRevenue": "674000000", "costofGoodsAndServicesSold": "674000000", "operatingIncome": "369000000", "sellingGeneralAndAdministrative": "586000000", "researchAndDevelopment": "18000000", "operatingExpenses": "612000000", "investmentIncomeNet": "None", "netInterestIncome": "None", "interestIncome": "None", "interestExpense": "28000000", "nonInterestIncome": "None", "otherNonOperatingIncome": "None", "depreciation": "None", "depreciationAndAmortization": "56000000", "incomeBeforeTax": "341000000", "incomeTaxExpense": "121000000", "interestAndDebtExpense": "None", "netIncomeFromContinuingOperations": "220000000", "comprehensiveIncomeNetOfTax": "None", "ebit": "339000000", "ebitda": "395000000", "netIncome": "220000000"}, {"fiscalDateEnding": "2015-03-31", "reportedCurrency": "USD", "grossProfit": "849000000", "totalRevenue": "1451000000", "costOfRevenue": "602000000", "costofGoodsAndServicesSold": "602000000", "operatingIncome": "270000000", "sellingGeneralAndAdministrative": "552000000", "researchAndDevelopment": "36000000", "operatingExpenses": "579000000", "investmentIncomeNet": "None", "netInterestIncome": "None", "interestIncome": "None", "interestExpense": "27000000", "nonInterestIncome": "None", "otherNonOperatingIncome": "1000000", "depreciation": "None", "depreciationAndAmortization": "56000000", "incomeBeforeTax": "244000000", "incomeTaxExpense": "87000000", "interestAndDebtExpense": "None", "netIncomeFromContinuingOperations": "157000000", "comprehensiveIncomeNetOfTax": "None", "ebit": "242000000", "ebitda": "298000000", "netIncome": "157000000"}, {"fiscalDateEnding": "2014-12-31", "reportedCurrency": "USD", "grossProfit": "895000000", "totalRevenue": "1509000000", "costOfRevenue": "614000000", "costofGoodsAndServicesSold": "614000000", "operatingIncome": "256000000", "sellingGeneralAndAdministrative": "607000000", "researchAndDevelopment": "18000000", "operatingExpenses": "639000000", "investmentIncomeNet": "None", "netInterestIncome": "None", "interestIncome": "None", "interestExpense": "29000000", "nonInterestIncome": "None", "otherNonOperatingIncome": "3000000", "depreciation": "None", "depreciationAndAmortization": "29000000", "incomeBeforeTax": "230000000", "incomeTaxExpense": "80000000", "interestAndDebtExpense": "None", "netIncomeFromContinuingOperations": "150000000", "comprehensiveIncomeNetOfTax": "None", "ebit": "259000000", "ebitda": "288000000", "netIncome": "150000000"}, {"fiscalDateEnding": "2014-09-30", "reportedCurrency": "USD", "grossProfit": "925000000", "totalRevenue": "1583000000", "costOfRevenue": "658000000", "costofGoodsAndServicesSold": "658000000", "operatingIncome": "316000000", "sellingGeneralAndAdministrative": "581000000", "researchAndDevelopment": "76500000", "operatingExpenses": "609000000", "investmentIncomeNet": "None", "netInterestIncome": "None", "interestIncome": "None", "interestExpense": "27000000", "nonInterestIncome": "None", "otherNonOperatingIncome": "-4000000", "depreciation": "None", "depreciationAndAmortization": "57000000", "incomeBeforeTax": "285000000", "incomeTaxExpense": "97000000", "interestAndDebtExpense": "None", "netIncomeFromContinuingOperations": "-1792242000", "comprehensiveIncomeNetOfTax": "None", "ebit": "283000000", "ebitda": "340000000", "netIncome": "188000000"}, {"fiscalDateEnding": "2014-06-30", "reportedCurrency": "USD", "grossProfit": "966000000", "totalRevenue": "1631000000", "costOfRevenue": "665000000", "costofGoodsAndServicesSold": "665000000", "operatingIncome": "348000000", "sellingGeneralAndAdministrative": "592000000", "researchAndDevelopment": "15000000", "operatingExpenses": "618000000", "investmentIncomeNet": "None", "netInterestIncome": "None", "interestIncome": "None", "interestExpense": "27000000", "nonInterestIncome": "None", "otherNonOperatingIncome": "2000000", "depreciation": "None", "depreciationAndAmortization": "57000000", "incomeBeforeTax": "322000000", "incomeTaxExpense": "113000000", "interestAndDebtExpense": "None", "netIncomeFromContinuingOperations": "209000000", "comprehensiveIncomeNetOfTax": "None", "ebit": "349000000", "ebitda": "406000000", "netIncome": "210000000"}, {"fiscalDateEnding": "2014-03-31", "reportedCurrency": "USD", "grossProfit": "844000000", "totalRevenue": "1398000000", "costOfRevenue": "554000000", "costofGoodsAndServicesSold": "554000000", "operatingIncome": "260000000", "sellingGeneralAndAdministrative": "554000000", "researchAndDevelopment": "27700000", "operatingExpenses": "584000000", "investmentIncomeNet": "None", "netInterestIncome": "None", "interestIncome": "None", "interestExpense": "26000000", "nonInterestIncome": "None", "otherNonOperatingIncome": "2000000", "depreciation": "None", "depreciationAndAmortization": "60000000", "incomeBeforeTax": "236000000", "incomeTaxExpense": "81000000", "interestAndDebtExpense": "None", "netIncomeFromContinuingOperations": "155000000", "comprehensiveIncomeNetOfTax": "None", "ebit": "231000000", "ebitda": "291000000", "netIncome": "155000000"}, {"fiscalDateEnding": "2013-12-31", "reportedCurrency": "USD", "grossProfit": "880000000", "totalRevenue": "1463000000", "costOfRevenue": "583000000", "costofGoodsAndServicesSold": "583000000", "operatingIncome": "264000000", "sellingGeneralAndAdministrative": "583000000", "researchAndDevelopment": "42700000", "operatingExpenses": "616000000", "investmentIncomeNet": "None", "netInterestIncome": "None", "interestIncome": "None", "interestExpense": "29000000", "nonInterestIncome": "None", "otherNonOperatingIncome": "3000000", "depreciation": "None", "depreciationAndAmortization": "60000000", "incomeBeforeTax": "237000000", "incomeTaxExpense": "81000000", "interestAndDebtExpense": "None", "netIncomeFromContinuingOperations": "156000000", "comprehensiveIncomeNetOfTax": "None", "ebit": "266000000", "ebitda": "326000000", "netIncome": "156000000"}, {"fiscalDateEnding": "2013-09-30", "reportedCurrency": "USD", "grossProfit": "893000000", "totalRevenue": "1543000000", "costOfRevenue": "650000000", "costofGoodsAndServicesSold": "650000000", "operatingIncome": "300000000", "sellingGeneralAndAdministrative": "563000000", "researchAndDevelopment": "57700000", "operatingExpenses": "593000000", "investmentIncomeNet": "None", "netInterestIncome": "None", "interestIncome": "None", "interestExpense": "29000000", "nonInterestIncome": "None", "otherNonOperatingIncome": "-428000000", "depreciation": "None", "depreciationAndAmortization": "28000000", "incomeBeforeTax": "-157000000", "incomeTaxExpense": "-364000000", "interestAndDebtExpense": "None", "netIncomeFromContinuingOperations": "207000000", "comprehensiveIncomeNetOfTax": "None", "ebit": "-128000000", "ebitda": "-100000000", "netIncome": "207000000"}, {"fiscalDateEnding": "2013-06-30", "reportedCurrency": "USD", "grossProfit": "935000000", "totalRevenue": "1611000000", "costOfRevenue": "676000000", "costofGoodsAndServicesSold": "676000000", "operatingIncome": "285000000", "sellingGeneralAndAdministrative": "619000000", "researchAndDevelopment": "26700000", "operatingExpenses": "650000000", "investmentIncomeNet": "None", "netInterestIncome": "None", "interestIncome": "None", "interestExpense": "31000000", "nonInterestIncome": "None", "otherNonOperatingIncome": "42000000", "depreciation": "None", "depreciationAndAmortization": "58000000", "incomeBeforeTax": "296000000", "incomeTaxExpense": "142000000", "interestAndDebtExpense": "None", "netIncomeFromContinuingOperations": "154000000", "comprehensiveIncomeNetOfTax": "None", "ebit": "327000000", "ebitda": "385000000", "netIncome": "155000000"}, {"fiscalDateEnding": "2013-03-31", "reportedCurrency": "USD", "grossProfit": "790000000", "totalRevenue": "1380000000", "costOfRevenue": "590000000", "costofGoodsAndServicesSold": "590000000", "operatingIncome": "197000000", "sellingGeneralAndAdministrative": "563000000", "researchAndDevelopment": "26700000", "operatingExpenses": "593000000", "investmentIncomeNet": "None", "netInterestIncome": "None", "interestIncome": "None", "interestExpense": "34000000", "nonInterestIncome": "None", "otherNonOperatingIncome": "3000000", "depreciation": "None", "depreciationAndAmortization": "57000000", "incomeBeforeTax": "166000000", "incomeTaxExpense": "60000000", "interestAndDebtExpense": "None", "netIncomeFromContinuingOperations": "106000000", "comprehensiveIncomeNetOfTax": "None", "ebit": "172000000", "ebitda": "229000000", "netIncome": "106000000"}, {"fiscalDateEnding": "2012-12-31", "reportedCurrency": "USD", "grossProfit": "879000000", "totalRevenue": "1484000000", "costOfRevenue": "605000000", "costofGoodsAndServicesSold": "605000000", "operatingIncome": "292000000", "sellingGeneralAndAdministrative": "555000000", "researchAndDevelopment": "26700000", "operatingExpenses": "587000000", "investmentIncomeNet": "None", "netInterestIncome": "None", "interestIncome": "None", "interestExpense": "31000000", "nonInterestIncome": "None", "otherNonOperatingIncome": "2000000", "depreciation": "None", "depreciationAndAmortization": "29000000", "incomeBeforeTax": "263000000", "incomeTaxExpense": "93000000", "interestAndDebtExpense": "None", "netIncomeFromContinuingOperations": "170000000", "comprehensiveIncomeNetOfTax": "None", "ebit": "207000000", "ebitda": "236000000", "netIncome": "170000000"}, {"fiscalDateEnding": "2012-09-30", "reportedCurrency": "USD", "grossProfit": "902000000", "totalRevenue": "1528000000", "costOfRevenue": "626000000", "costofGoodsAndServicesSold": "626000000", "operatingIncome": "308000000", "sellingGeneralAndAdministrative": "561000000", "researchAndDevelopment": "41700000", "operatingExpenses": "594000000", "investmentIncomeNet": "None", "netInterestIncome": "None", "interestIncome": "None", "interestExpense": "31000000", "nonInterestIncome": "None", "otherNonOperatingIncome": "4000000", "depreciation": "None", "depreciationAndAmortization": "57000000", "incomeBeforeTax": "281000000", "incomeTaxExpense": "102000000", "interestAndDebtExpense": "None", "netIncomeFromContinuingOperations": "179000000", "comprehensiveIncomeNetOfTax": "None", "ebit": "284000000", "ebitda": "341000000", "netIncome": "179000000"}, {"fiscalDateEnding": "2012-06-30", "reportedCurrency": "USD", "grossProfit": "936000000", "totalRevenue": "1621000000", "costOfRevenue": "685000000", "costofGoodsAndServicesSold": "685000000", "operatingIncome": "300000000", "sellingGeneralAndAdministrative": "599000000", "researchAndDevelopment": "2700000", "operatingExpenses": "636000000", "investmentIncomeNet": "None", "netInterestIncome": "None", "interestIncome": "None", "interestExpense": "31000000", "nonInterestIncome": "None", "otherNonOperatingIncome": "2000000", "depreciation": "None", "depreciationAndAmortization": "65000000", "incomeBeforeTax": "271000000", "incomeTaxExpense": "93000000", "interestAndDebtExpense": "None", "netIncomeFromContinuingOperations": "178000000", "comprehensiveIncomeNetOfTax": "None", "ebit": "272000000", "ebitda": "337000000", "netIncome": "178000000"}, {"fiscalDateEnding": "2012-03-31", "reportedCurrency": "USD", "grossProfit": "778000000", "totalRevenue": "1362000000", "costOfRevenue": "584000000", "costofGoodsAndServicesSold": "584000000", "operatingIncome": "192000000", "sellingGeneralAndAdministrative": "553000000", "researchAndDevelopment": "2700000", "operatingExpenses": "586000000", "investmentIncomeNet": "None", "netInterestIncome": "None", "interestIncome": "None", "interestExpense": "32000000", "nonInterestIncome": "None", "otherNonOperatingIncome": "3000000", "depreciation": "None", "depreciationAndAmortization": "60000000", "incomeBeforeTax": "163000000", "incomeTaxExpense": "61000000", "interestAndDebtExpense": "None", "netIncomeFromContinuingOperations": "102000000", "comprehensiveIncomeNetOfTax": "None", "ebit": "166000000", "ebitda": "226000000", "netIncome": "102000000"}, {"fiscalDateEnding": "2011-12-31", "reportedCurrency": "USD", "grossProfit": "857000000", "totalRevenue": "1461000000", "costOfRevenue": "604000000", "costofGoodsAndServicesSold": "604000000", "operatingIncome": "271000000", "sellingGeneralAndAdministrative": "553000000", "researchAndDevelopment": "2700000", "operatingExpenses": "586000000", "investmentIncomeNet": "None", "netInterestIncome": "None", "interestIncome": "None", "interestExpense": "29000000", "nonInterestIncome": "None", "otherNonOperatingIncome": "4000000", "depreciation": "None", "depreciationAndAmortization": "31000000", "incomeBeforeTax": "246000000", "incomeTaxExpense": "80000000", "interestAndDebtExpense": "None", "netIncomeFromContinuingOperations": "166000000", "comprehensiveIncomeNetOfTax": "None", "ebit": "203000000", "ebitda": "234000000", "netIncome": "166000000"}, {"fiscalDateEnding": "2011-09-30", "reportedCurrency": "USD", "grossProfit": "857000000", "totalRevenue": "1529000000", "costOfRevenue": "672000000", "costofGoodsAndServicesSold": "672000000", "operatingIncome": "261000000", "sellingGeneralAndAdministrative": "559000000", "researchAndDevelopment": "17700000", "operatingExpenses": "596000000", "investmentIncomeNet": "None", "netInterestIncome": "None", "interestIncome": "None", "interestExpense": "30000000", "nonInterestIncome": "None", "otherNonOperatingIncome": "5000000", "depreciation": "None", "depreciationAndAmortization": "56000000", "incomeBeforeTax": "236000000", "incomeTaxExpense": "82000000", "interestAndDebtExpense": "None", "netIncomeFromContinuingOperations": "154000000", "comprehensiveIncomeNetOfTax": "None", "ebit": "241000000", "ebitda": "297000000", "netIncome": "154000000"}, {"fiscalDateEnding": "2011-06-30", "reportedCurrency": "USD", "grossProfit": "920000000", "totalRevenue": "1582000000", "costOfRevenue": "662000000", "costofGoodsAndServicesSold": "662000000", "operatingIncome": "290000000", "sellingGeneralAndAdministrative": "598000000", "researchAndDevelopment": "3500000", "operatingExpenses": "630000000", "investmentIncomeNet": "None", "netInterestIncome": "None", "interestIncome": "None", "interestExpense": "28000000", "nonInterestIncome": "None", "otherNonOperatingIncome": "4000000", "depreciation": "None", "depreciationAndAmortization": "54000000", "incomeBeforeTax": "265000000", "incomeTaxExpense": "94000000", "interestAndDebtExpense": "None", "netIncomeFromContinuingOperations": "171000000", "comprehensiveIncomeNetOfTax": "None", "ebit": "295000000", "ebitda": "349000000", "netIncome": "172000000"}, {"fiscalDateEnding": "2011-03-31", "reportedCurrency": "USD", "grossProfit": "784000000", "totalRevenue": "1331000000", "costOfRevenue": "547000000", "costofGoodsAndServicesSold": "547000000", "operatingIncome": "202000000", "sellingGeneralAndAdministrative": "547000000", "researchAndDevelopment": "3500000", "operatingExpenses": "582000000", "investmentIncomeNet": "None", "netInterestIncome": "None", "interestIncome": "None", "interestExpense": "27000000", "nonInterestIncome": "None", "otherNonOperatingIncome": "3000000", "depreciation": "None", "depreciationAndAmortization": "57000000", "incomeBeforeTax": "178000000", "incomeTaxExpense": "64000000", "interestAndDebtExpense": "None", "netIncomeFromContinuingOperations": "114000000", "comprehensiveIncomeNetOfTax": "None", "ebit": "181000000", "ebitda": "238000000", "netIncome": "114000000"}, {"fiscalDateEnding": "2010-12-31", "reportedCurrency": "USD", "grossProfit": "858000000", "totalRevenue": "1412000000", "costOfRevenue": "554000000", "costofGoodsAndServicesSold": "554000000", "operatingIncome": "268000000", "sellingGeneralAndAdministrative": "551000000", "researchAndDevelopment": "3500000", "operatingExpenses": "582000000", "investmentIncomeNet": "None", "netInterestIncome": "None", "interestIncome": "None", "interestExpense": "34000000", "nonInterestIncome": "None", "otherNonOperatingIncome": "-85000000", "depreciation": "None", "depreciationAndAmortization": "58000000", "incomeBeforeTax": "149000000", "incomeTaxExpense": "37000000", "interestAndDebtExpense": "None", "netIncomeFromContinuingOperations": "112000000", "comprehensiveIncomeNetOfTax": "None", "ebit": "87000000", "ebitda": "145000000", "netIncome": "112000000"}, {"fiscalDateEnding": "2010-09-30", "reportedCurrency": "USD", "grossProfit": "857000000", "totalRevenue": "1457000000", "costOfRevenue": "600000000", "costofGoodsAndServicesSold": "600000000", "operatingIncome": "260000000", "sellingGeneralAndAdministrative": "564000000", "researchAndDevelopment": "12500000", "operatingExpenses": "597000000", "investmentIncomeNet": "None", "netInterestIncome": "None", "interestIncome": "None", "interestExpense": "31000000", "nonInterestIncome": "None", "otherNonOperatingIncome": "2000000", "depreciation": "None", "depreciationAndAmortization": "32000000", "incomeBeforeTax": "231000000", "incomeTaxExpense": "87000000", "interestAndDebtExpense": "None", "netIncomeFromContinuingOperations": "144000000", "comprehensiveIncomeNetOfTax": "None", "ebit": "262000000", "ebitda": "294000000", "netIncome": "144000000"}, {"fiscalDateEnding": "2010-06-30", "reportedCurrency": "USD", "grossProfit": "926000000", "totalRevenue": "1519000000", "costOfRevenue": "593000000", "costofGoodsAndServicesSold": "593000000", "operatingIncome": "310000000", "sellingGeneralAndAdministrative": "587000000", "researchAndDevelopment": "0", "operatingExpenses": "616000000", "investmentIncomeNet": "None", "netInterestIncome": "None", "interestIncome": "None", "interestExpense": "29000000", "nonInterestIncome": "None", "otherNonOperatingIncome": "4000000", "depreciation": "None", "depreciationAndAmortization": "55000000", "incomeBeforeTax": "284000000", "incomeTaxExpense": "102000000", "interestAndDebtExpense": "None", "netIncomeFromContinuingOperations": "182000000", "comprehensiveIncomeNetOfTax": "None", "ebit": "313000000", "ebitda": "368000000", "netIncome": "183000000"}, {"fiscalDateEnding": "2010-03-31", "reportedCurrency": "USD", "grossProfit": "752000000", "totalRevenue": "1248000000", "costOfRevenue": "496000000", "costofGoodsAndServicesSold": "496000000", "operatingIncome": "187000000", "sellingGeneralAndAdministrative": "531000000", "researchAndDevelopment": "0", "operatingExpenses": "565000000", "investmentIncomeNet": "None", "netInterestIncome": "None", "interestIncome": "None", "interestExpense": "34000000", "nonInterestIncome": "None", "otherNonOperatingIncome": "4000000", "depreciation": "None", "depreciationAndAmortization": "54000000", "incomeBeforeTax": "157000000", "incomeTaxExpense": "68000000", "interestAndDebtExpense": "None", "netIncomeFromContinuingOperations": "89000000", "comprehensiveIncomeNetOfTax": "None", "ebit": "168000000", "ebitda": "222000000", "netIncome": "89000000"}, {"fiscalDateEnding": "2009-12-31", "reportedCurrency": "USD", "grossProfit": "828000000", "totalRevenue": "1356000000", "costOfRevenue": "528000000", "costofGoodsAndServicesSold": "528000000", "operatingIncome": "251000000", "sellingGeneralAndAdministrative": "539000000", "researchAndDevelopment": "0", "operatingExpenses": "577000000", "investmentIncomeNet": "None", "netInterestIncome": "None", "interestIncome": "None", "interestExpense": "85000000", "nonInterestIncome": "None", "otherNonOperatingIncome": "None", "depreciation": "None", "depreciationAndAmortization": "56000000", "incomeBeforeTax": "164000000", "incomeTaxExpense": "50000000", "interestAndDebtExpense": "None", "netIncomeFromContinuingOperations": "0", "comprehensiveIncomeNetOfTax": "None", "ebit": "159000000", "ebitda": "215000000", "netIncome": "114000000"}, {"fiscalDateEnding": "2009-09-30", "reportedCurrency": "USD", "grossProfit": "855000000", "totalRevenue": "1434000000", "costOfRevenue": "579000000", "costofGoodsAndServicesSold": "579000000", "operatingIncome": "272000000", "sellingGeneralAndAdministrative": "547000000", "researchAndDevelopment": "6100000", "operatingExpenses": "583000000", "investmentIncomeNet": "None", "netInterestIncome": "None", "interestIncome": "None", "interestExpense": "51000000", "nonInterestIncome": "None", "otherNonOperatingIncome": "None", "depreciation": "None", "depreciationAndAmortization": "52000000", "incomeBeforeTax": "242000000", "incomeTaxExpense": "92000000", "interestAndDebtExpense": "None", "netIncomeFromContinuingOperations": "0", "comprehensiveIncomeNetOfTax": "None", "ebit": "293000000", "ebitda": "345000000", "netIncome": "151000000"}, {"fiscalDateEnding": "2009-06-30", "reportedCurrency": "USD", "grossProfit": "885000000", "totalRevenue": "1481000000", "costOfRevenue": "596000000", "costofGoodsAndServicesSold": "596000000", "operatingIncome": "297000000", "sellingGeneralAndAdministrative": "550000000", "researchAndDevelopment": "0", "operatingExpenses": "588000000", "investmentIncomeNet": "None", "netInterestIncome": "None", "interestIncome": "None", "interestExpense": "52000000", "nonInterestIncome": "None", "otherNonOperatingIncome": "None", "depreciation": "None", "depreciationAndAmortization": "50000000", "incomeBeforeTax": "248000000", "incomeTaxExpense": "91000000", "interestAndDebtExpense": "None", "netIncomeFromContinuingOperations": "0", "comprehensiveIncomeNetOfTax": "None", "ebit": "300000000", "ebitda": "350000000", "netIncome": "158000000"}, {"fiscalDateEnding": "2009-03-31", "reportedCurrency": "USD", "grossProfit": "729000000", "totalRevenue": "1260000000", "costOfRevenue": "531000000", "costofGoodsAndServicesSold": "531000000", "operatingIncome": "265000000", "sellingGeneralAndAdministrative": "499000000", "researchAndDevelopment": "0", "operatingExpenses": "464000000", "investmentIncomeNet": "None", "netInterestIncome": "None", "interestIncome": "None", "interestExpense": "55000000", "nonInterestIncome": "None", "otherNonOperatingIncome": "None", "depreciation": "None", "depreciationAndAmortization": "49000000", "incomeBeforeTax": "214000000", "incomeTaxExpense": "82000000", "interestAndDebtExpense": "None", "netIncomeFromContinuingOperations": "0", "comprehensiveIncomeNetOfTax": "None", "ebit": "247000000", "ebitda": "296000000", "netIncome": "132000000"}, {"fiscalDateEnding": "2008-12-31", "reportedCurrency": "USD", "grossProfit": "754000000", "totalRevenue": "1341000000", "costOfRevenue": "587000000", "costofGoodsAndServicesSold": "587000000", "operatingIncome": "-836000000", "sellingGeneralAndAdministrative": "489000000", "researchAndDevelopment": "0", "operatingExpenses": "1564000000", "investmentIncomeNet": "None", "netInterestIncome": "None", "interestIncome": "None", "interestExpense": "58000000", "nonInterestIncome": "None", "otherNonOperatingIncome": "None", "depreciation": "None", "depreciationAndAmortization": "62000000", "incomeBeforeTax": "-882000000", "incomeTaxExpense": "-260000000", "interestAndDebtExpense": "None", "netIncomeFromContinuingOperations": "0", "comprehensiveIncomeNetOfTax": "None", "ebit": "-810000000", "ebitda": "-748000000", "netIncome": "-621000000"}, {"fiscalDateEnding": "2008-09-30", "reportedCurrency": "USD", "grossProfit": "785000000", "totalRevenue": "1505000000", "costOfRevenue": "720000000", "costofGoodsAndServicesSold": "720000000", "operatingIncome": "213000000", "sellingGeneralAndAdministrative": "542000000", "researchAndDevelopment": "4100000", "operatingExpenses": "565000000", "investmentIncomeNet": "None", "netInterestIncome": "None", "interestIncome": "None", "interestExpense": "59000000", "nonInterestIncome": "None", "otherNonOperatingIncome": "None", "depreciation": "None", "depreciationAndAmortization": "47000000", "incomeBeforeTax": "164000000", "incomeTaxExpense": "59000000", "interestAndDebtExpense": "None", "netIncomeFromContinuingOperations": "0", "comprehensiveIncomeNetOfTax": "None", "ebit": "219000000", "ebitda": "266000000", "netIncome": "106000000"}, {"fiscalDateEnding": "2008-06-30", "reportedCurrency": "USD", "grossProfit": "851000000", "totalRevenue": "1557000000", "costOfRevenue": "706000000", "costofGoodsAndServicesSold": "706000000", "operatingIncome": "269000000", "sellingGeneralAndAdministrative": "536000000", "researchAndDevelopment": "0", "operatingExpenses": "568000000", "investmentIncomeNet": "None", "netInterestIncome": "None", "interestIncome": "None", "interestExpense": "92000000", "nonInterestIncome": "None", "otherNonOperatingIncome": "None", "depreciation": "None", "depreciationAndAmortization": "51000000", "incomeBeforeTax": "188000000", "incomeTaxExpense": "80000000", "interestAndDebtExpense": "None", "netIncomeFromContinuingOperations": "0", "comprehensiveIncomeNetOfTax": "None", "ebit": "257000000", "ebitda": "308000000", "netIncome": "108000000"}, {"fiscalDateEnding": "2008-03-31", "reportedCurrency": "USD", "grossProfit": "730000000", "totalRevenue": "1307000000", "costOfRevenue": "577000000", "costofGoodsAndServicesSold": "577000000", "operatingIncome": "186000000", "sellingGeneralAndAdministrative": "508000000", "researchAndDevelopment": "0", "operatingExpenses": "534000000", "investmentIncomeNet": "None", "netInterestIncome": "None", "interestIncome": "None", "interestExpense": "48000000", "nonInterestIncome": "None", "otherNonOperatingIncome": "None", "depreciation": "None", "depreciationAndAmortization": "48000000", "incomeBeforeTax": "155000000", "incomeTaxExpense": "60000000", "interestAndDebtExpense": "None", "netIncomeFromContinuingOperations": "0", "comprehensiveIncomeNetOfTax": "None", "ebit": "183000000", "ebitda": "231000000", "netIncome": "95000000"}, {"fiscalDateEnding": "2007-12-31", "reportedCurrency": "USD", "grossProfit": "1401000000", "totalRevenue": "1401000000", "costOfRevenue": "78817000", "costofGoodsAndServicesSold": "78817000", "operatingIncome": "-3343000000", "sellingGeneralAndAdministrative": "36758000", "researchAndDevelopment": "0", "operatingExpenses": "1075000000", "investmentIncomeNet": "None", "netInterestIncome": "None", "interestIncome": "None", "interestExpense": "1639000", "nonInterestIncome": "None", "otherNonOperatingIncome": "None", "depreciation": "None", "depreciationAndAmortization": "42000000", "incomeBeforeTax": "4873000", "incomeTaxExpense": "-3523000000", "interestAndDebtExpense": "None", "netIncomeFromContinuingOperations": "0", "comprehensiveIncomeNetOfTax": "None", "ebit": "-3385000000", "ebitda": "-3343000000", "netIncome": "138000000"}, {"fiscalDateEnding": "2007-09-30", "reportedCurrency": "USD", "grossProfit": "1535000000", "totalRevenue": "1535000000", "costOfRevenue": "56132000", "costofGoodsAndServicesSold": "56132000", "operatingIncome": "1535000000", "sellingGeneralAndAdministrative": "25351000", "researchAndDevelopment": "3300000", "operatingExpenses": "0", "investmentIncomeNet": "None", "netInterestIncome": "None", "interestIncome": "None", "interestExpense": "1465000", "nonInterestIncome": "None", "otherNonOperatingIncome": "None", "depreciation": "None", "depreciationAndAmortization": "None", "incomeBeforeTax": "6081000", "incomeTaxExpense": "-153000000", "interestAndDebtExpense": "None", "netIncomeFromContinuingOperations": "0", "comprehensiveIncomeNetOfTax": "None", "ebit": "0", "ebitda": "1535000000", "netIncome": "153000000"}, {"fiscalDateEnding": "2007-06-30", "reportedCurrency": "USD", "grossProfit": "1406000000", "totalRevenue": "1406000000", "costOfRevenue": "44461000", "costofGoodsAndServicesSold": "44461000", "operatingIncome": "1406000000", "sellingGeneralAndAdministrative": "26782000", "researchAndDevelopment": "0", "operatingExpenses": "0", "investmentIncomeNet": "None", "netInterestIncome": "None", "interestIncome": "None", "interestExpense": "1576000", "nonInterestIncome": "None", "otherNonOperatingIncome": "None", "depreciation": "None", "depreciationAndAmortization": "None", "incomeBeforeTax": "5965000", "incomeTaxExpense": "-103000000", "interestAndDebtExpense": "None", "netIncomeFromContinuingOperations": "0", "comprehensiveIncomeNetOfTax": "None", "ebit": "0", "ebitda": "1406000000", "netIncome": "103000000"}, {"fiscalDateEnding": "2007-03-31", "reportedCurrency": "USD", "grossProfit": "1406000000", "totalRevenue": "1406000000", "costOfRevenue": "46714000", "costofGoodsAndServicesSold": "46714000", "operatingIncome": "1406000000", "sellingGeneralAndAdministrative": "25425000", "researchAndDevelopment": "0", "operatingExpenses": "0", "investmentIncomeNet": "None", "netInterestIncome": "None", "interestIncome": "None", "interestExpense": "1716000", "nonInterestIncome": "None", "otherNonOperatingIncome": "None", "depreciation": "None", "depreciationAndAmortization": "None", "incomeBeforeTax": "5465000", "incomeTaxExpense": "-103000000", "interestAndDebtExpense": "None", "netIncomeFromContinuingOperations": "0", "comprehensiveIncomeNetOfTax": "None", "ebit": "0", "ebitda": "1406000000", "netIncome": "103000000"}, {"fiscalDateEnding": "2006-12-31", "reportedCurrency": "USD", "grossProfit": "424000000", "totalRevenue": "424000000", "costOfRevenue": "48084000", "costofGoodsAndServicesSold": "48084000", "operatingIncome": "-3266000000", "sellingGeneralAndAdministrative": "25864000", "researchAndDevelopment": "0", "operatingExpenses": "-3690000000", "investmentIncomeNet": "None", "netInterestIncome": "None", "interestIncome": "None", "interestExpense": "1863000", "nonInterestIncome": "None", "otherNonOperatingIncome": "None", "depreciation": "None", "depreciationAndAmortization": "None", "incomeBeforeTax": "4066000", "incomeTaxExpense": "-138000000", "interestAndDebtExpense": "None", "netIncomeFromContinuingOperations": "0", "comprehensiveIncomeNetOfTax": "None", "ebit": "0", "ebitda": "-3266000000", "netIncome": "138000000"}, {"fiscalDateEnding": "2006-09-30", "reportedCurrency": "USD", "grossProfit": "1437000000", "totalRevenue": "1437000000", "costOfRevenue": "38351000", "costofGoodsAndServicesSold": "38351000", "operatingIncome": "1437000000", "sellingGeneralAndAdministrative": "20730000", "researchAndDevelopment": "0", "operatingExpenses": "0", "investmentIncomeNet": "None", "netInterestIncome": "None", "interestIncome": "None", "interestExpense": "1865000", "nonInterestIncome": "None", "otherNonOperatingIncome": "None", "depreciation": "None", "depreciationAndAmortization": "None", "incomeBeforeTax": "2581000", "incomeTaxExpense": "-124000000", "interestAndDebtExpense": "None", "netIncomeFromContinuingOperations": "0", "comprehensiveIncomeNetOfTax": "None", "ebit": "0", "ebitda": "1437000000", "netIncome": "124000000"}, {"fiscalDateEnding": "2006-06-30", "reportedCurrency": "USD", "grossProfit": "1437000000", "totalRevenue": "1437000000", "costOfRevenue": "28017000", "costofGoodsAndServicesSold": "28017000", "operatingIncome": "1437000000", "sellingGeneralAndAdministrative": "13160000", "researchAndDevelopment": "0", "operatingExpenses": "0", "investmentIncomeNet": "None", "netInterestIncome": "None", "interestIncome": "None", "interestExpense": "340000", "nonInterestIncome": "None", "otherNonOperatingIncome": "None", "depreciation": "None", "depreciationAndAmortization": "None", "incomeBeforeTax": "3686000", "incomeTaxExpense": "-124000000", "interestAndDebtExpense": "None", "netIncomeFromContinuingOperations": "0", "comprehensiveIncomeNetOfTax": "None", "ebit": "0", "ebitda": "1437000000", "netIncome": "124000000"}, {"fiscalDateEnding": "2006-03-31", "reportedCurrency": "USD", "grossProfit": "1437000000", "totalRevenue": "1437000000", "costOfRevenue": "28184000", "costofGoodsAndServicesSold": "28184000", "operatingIncome": "1437000000", "sellingGeneralAndAdministrative": "12899000", "researchAndDevelopment": "0", "operatingExpenses": "0", "investmentIncomeNet": "None", "netInterestIncome": "None", "interestIncome": "None", "interestExpense": "91000", "nonInterestIncome": "None", "otherNonOperatingIncome": "None", "depreciation": "None", "depreciationAndAmortization": "None", "incomeBeforeTax": "3673000", "incomeTaxExpense": "-124000000", "interestAndDebtExpense": "None", "netIncomeFromContinuingOperations": "0", "comprehensiveIncomeNetOfTax": "None", "ebit": "0", "ebitda": "1437000000", "netIncome": "124000000"}, {"fiscalDateEnding": "2005-12-31", "reportedCurrency": "USD", "grossProfit": "0", "totalRevenue": "63867000", "costOfRevenue": "39429000", "costofGoodsAndServicesSold": "39429000", "operatingIncome": "5163000", "sellingGeneralAndAdministrative": "17131000", "researchAndDevelopment": "0", "operatingExpenses": "0", "investmentIncomeNet": "None", "netInterestIncome": "None", "interestIncome": "None", "interestExpense": "129000", "nonInterestIncome": "None", "otherNonOperatingIncome": "None", "depreciation": "None", "depreciationAndAmortization": "None", "incomeBeforeTax": "5152000", "incomeTaxExpense": "2172000", "interestAndDebtExpense": "None", "netIncomeFromContinuingOperations": "0", "comprehensiveIncomeNetOfTax": "None", "ebit": "0", "ebitda": "None", "netIncome": "2980000"}, {"fiscalDateEnding": "2005-09-30", "reportedCurrency": "USD", "grossProfit": "63023000", "totalRevenue": "36404000", "costOfRevenue": "22362000", "costofGoodsAndServicesSold": "22362000", "operatingIncome": "3784000", "sellingGeneralAndAdministrative": "8734000", "researchAndDevelopment": "0", "operatingExpenses": "0", "investmentIncomeNet": "None", "netInterestIncome": "None", "interestIncome": "None", "interestExpense": "104000", "nonInterestIncome": "None", "otherNonOperatingIncome": "None", "depreciation": "None", "depreciationAndAmortization": "None", "incomeBeforeTax": "3871000", "incomeTaxExpense": "1436000", "interestAndDebtExpense": "None", "netIncomeFromContinuingOperations": "0", "comprehensiveIncomeNetOfTax": "None", "ebit": "0", "ebitda": "None", "netIncome": "2435000"}, {"fiscalDateEnding": "2005-06-30", "reportedCurrency": "USD", "grossProfit": "0", "totalRevenue": "37782000", "costOfRevenue": "22709000", "costofGoodsAndServicesSold": "22709000", "operatingIncome": "3855000", "sellingGeneralAndAdministrative": "9836000", "researchAndDevelopment": "0", "operatingExpenses": "0", "investmentIncomeNet": "None", "netInterestIncome": "None", "interestIncome": "None", "interestExpense": "114000", "nonInterestIncome": "None", "otherNonOperatingIncome": "None", "depreciation": "None", "depreciationAndAmortization": "None", "incomeBeforeTax": "3661000", "incomeTaxExpense": "1506000", "interestAndDebtExpense": "None", "netIncomeFromContinuingOperations": "0", "comprehensiveIncomeNetOfTax": "None", "ebit": "0", "ebitda": "None", "netIncome": "2155000"}, {"fiscalDateEnding": "2005-03-31", "reportedCurrency": "USD", "grossProfit": "0", "totalRevenue": "36993000", "costOfRevenue": "22686000", "costofGoodsAndServicesSold": "22686000", "operatingIncome": "3388000", "sellingGeneralAndAdministrative": "9555000", "researchAndDevelopment": "0", "operatingExpenses": "0", "investmentIncomeNet": "None", "netInterestIncome": "None", "interestIncome": "None", "interestExpense": "192000", "nonInterestIncome": "None", "otherNonOperatingIncome": "None", "depreciation": "None", "depreciationAndAmortization": "None", "incomeBeforeTax": "3204000", "incomeTaxExpense": "1244000", "interestAndDebtExpense": "None", "netIncomeFromContinuingOperations": "0", "comprehensiveIncomeNetOfTax": "None", "ebit": "0", "ebitda": "None", "netIncome": "1960000"}, {"fiscalDateEnding": "2004-12-31", "reportedCurrency": "USD", "grossProfit": "0", "totalRevenue": "50357000", "costOfRevenue": "30756000", "costofGoodsAndServicesSold": "30756000", "operatingIncome": "4877000", "sellingGeneralAndAdministrative": "12946000", "researchAndDevelopment": "0", "operatingExpenses": "0", "investmentIncomeNet": "None", "netInterestIncome": "None", "interestIncome": "None", "interestExpense": "314000", "nonInterestIncome": "None", "otherNonOperatingIncome": "None", "depreciation": "None", "depreciationAndAmortization": "None", "incomeBeforeTax": "4341000", "incomeTaxExpense": "1935000", "interestAndDebtExpense": "None", "netIncomeFromContinuingOperations": "0", "comprehensiveIncomeNetOfTax": "None", "ebit": "0", "ebitda": "None", "netIncome": "2406000"}]}