{"symbol": "PANW", "annualReports": [{"fiscalDateEnding": "2024-07-31", "reportedCurrency": "USD", "grossProfit": "5968300001", "totalRevenue": "8027500000", "costOfRevenue": "2059199999", "costofGoodsAndServicesSold": "2059199999", "operatingIncome": "683900000", "sellingGeneralAndAdministrative": "680500000", "researchAndDevelopment": "1809400000", "operatingExpenses": "5284400001", "investmentIncomeNet": "None", "netInterestIncome": "309600000", "interestIncome": "317900000", "interestExpense": "8300000", "nonInterestIncome": "None", "otherNonOperatingIncome": "None", "depreciation": "None", "depreciationAndAmortization": "283300000", "incomeBeforeTax": "988300000", "incomeTaxExpense": "-1589300000", "interestAndDebtExpense": "None", "netIncomeFromContinuingOperations": "2577600000", "comprehensiveIncomeNetOfTax": "None", "ebit": "996600000", "ebitda": "1279900000", "netIncome": "2577600000"}, {"fiscalDateEnding": "2023-07-31", "reportedCurrency": "USD", "grossProfit": "4983000000", "totalRevenue": "6892700000", "costOfRevenue": "1909700000", "costofGoodsAndServicesSold": "1909700000", "operatingIncome": "387300000", "sellingGeneralAndAdministrative": "447700000", "researchAndDevelopment": "1604000000", "operatingExpenses": "4595700000", "investmentIncomeNet": "None", "netInterestIncome": "-27200000", "interestIncome": "224400000", "interestExpense": "27200000", "nonInterestIncome": "None", "otherNonOperatingIncome": "None", "depreciation": "None", "depreciationAndAmortization": "332100000", "incomeBeforeTax": "566300000", "incomeTaxExpense": "126600000", "interestAndDebtExpense": "None", "netIncomeFromContinuingOperations": "439700000", "comprehensiveIncomeNetOfTax": "None", "ebit": "55200000", "ebitda": "387300000", "netIncome": "439700000"}, {"fiscalDateEnding": "2022-07-31", "reportedCurrency": "USD", "grossProfit": "3782800000", "totalRevenue": "5501500000", "costOfRevenue": "1718700000", "costofGoodsAndServicesSold": "1718700000", "operatingIncome": "-188800000", "sellingGeneralAndAdministrative": "405000000", "researchAndDevelopment": "1417700000", "operatingExpenses": "3971600000", "investmentIncomeNet": "None", "netInterestIncome": "-27400000", "interestIncome": "15600000", "interestExpense": "27400000", "nonInterestIncome": "None", "otherNonOperatingIncome": "None", "depreciation": "None", "depreciationAndAmortization": "337000000", "incomeBeforeTax": "-207200000", "incomeTaxExpense": "59800000", "interestAndDebtExpense": "None", "netIncomeFromContinuingOperations": "-267000000", "comprehensiveIncomeNetOfTax": "None", "ebit": "-241400000", "ebitda": "95600000", "netIncome": "-267000000"}, {"fiscalDateEnding": "2021-07-31", "reportedCurrency": "USD", "grossProfit": "2981200000", "totalRevenue": "4256100000", "costOfRevenue": "1274900000", "costofGoodsAndServicesSold": "1274900000", "operatingIncome": "-304100000", "sellingGeneralAndAdministrative": "391100000", "researchAndDevelopment": "1140400000", "operatingExpenses": "3285300000", "investmentIncomeNet": "None", "netInterestIncome": "-163300000", "interestIncome": "8500000", "interestExpense": "163300000", "nonInterestIncome": "None", "otherNonOperatingIncome": "None", "depreciation": "None", "depreciationAndAmortization": "304900000", "incomeBeforeTax": "-465000000", "incomeTaxExpense": "33900000", "interestAndDebtExpense": "None", "netIncomeFromContinuingOperations": "-498900000", "comprehensiveIncomeNetOfTax": "None", "ebit": "-351500000", "ebitda": "-46600000", "netIncome": "-498900000"}, {"fiscalDateEnding": "2020-07-31", "reportedCurrency": "USD", "grossProfit": "2408900000", "totalRevenue": "3408400000", "costOfRevenue": "999500000", "costofGoodsAndServicesSold": "999500000", "operatingIncome": "-179000000", "sellingGeneralAndAdministrative": "299600000", "researchAndDevelopment": "768100000", "operatingExpenses": "2587900000", "investmentIncomeNet": "None", "netInterestIncome": "-47300000", "interestIncome": "41400000", "interestExpense": "88700000", "nonInterestIncome": "None", "otherNonOperatingIncome": "None", "depreciation": "None", "depreciationAndAmortization": "507900000", "incomeBeforeTax": "-231800000", "incomeTaxExpense": "35200000", "interestAndDebtExpense": "None", "netIncomeFromContinuingOperations": "-267000000", "comprehensiveIncomeNetOfTax": "None", "ebit": "-143100000", "ebitda": "364800000", "netIncome": "-267000000"}, {"fiscalDateEnding": "2019-07-31", "reportedCurrency": "USD", "grossProfit": "2091200000", "totalRevenue": "2899600000", "costOfRevenue": "808400000", "costofGoodsAndServicesSold": "808400000", "operatingIncome": "-144500000", "sellingGeneralAndAdministrative": "261800000", "researchAndDevelopment": "539500000", "operatingExpenses": "2145300000", "investmentIncomeNet": "None", "netInterestIncome": "-14100000", "interestIncome": "69800000", "interestExpense": "83900000", "nonInterestIncome": "None", "otherNonOperatingIncome": "None", "depreciation": "None", "depreciationAndAmortization": "139800000", "incomeBeforeTax": "-74600000", "incomeTaxExpense": "7300000", "interestAndDebtExpense": "None", "netIncomeFromContinuingOperations": "-81900000", "comprehensiveIncomeNetOfTax": "None", "ebit": "9300000", "ebitda": "149100000", "netIncome": "-81900000"}, {"fiscalDateEnding": "2018-07-31", "reportedCurrency": "USD", "grossProfit": "1627800000", "totalRevenue": "2273100000", "costOfRevenue": "645300000", "costofGoodsAndServicesSold": "645300000", "operatingIncome": "-129100000", "sellingGeneralAndAdministrative": "257800000", "researchAndDevelopment": "400700000", "operatingExpenses": "1756900000", "investmentIncomeNet": "None", "netInterestIncome": "-2500000", "interestIncome": "27100000", "interestExpense": "29600000", "nonInterestIncome": "None", "otherNonOperatingIncome": "28500000", "depreciation": "None", "depreciationAndAmortization": "91000000", "incomeBeforeTax": "-130200000", "incomeTaxExpense": "17700000", "interestAndDebtExpense": "None", "netIncomeFromContinuingOperations": "-147900000", "comprehensiveIncomeNetOfTax": "None", "ebit": "-75700000", "ebitda": "15300000", "netIncome": "-147900000"}, {"fiscalDateEnding": "2017-07-31", "reportedCurrency": "USD", "grossProfit": "1285000000", "totalRevenue": "1761600000", "costOfRevenue": "476600000", "costofGoodsAndServicesSold": "476600000", "operatingIncome": "-179800000", "sellingGeneralAndAdministrative": "198300000", "researchAndDevelopment": "347400000", "operatingExpenses": "1464800000", "investmentIncomeNet": "None", "netInterestIncome": "-9800000", "interestIncome": "14700000", "interestExpense": "24500000", "nonInterestIncome": "None", "otherNonOperatingIncome": "10200000", "depreciation": "None", "depreciationAndAmortization": "58400000", "incomeBeforeTax": "-194100000", "incomeTaxExpense": "22500000", "interestAndDebtExpense": "None", "netIncomeFromContinuingOperations": "-216600000", "comprehensiveIncomeNetOfTax": "None", "ebit": "-169600000", "ebitda": "-111200000", "netIncome": "-216600000"}, {"fiscalDateEnding": "2016-07-31", "reportedCurrency": "USD", "grossProfit": "1008500000", "totalRevenue": "1378500000", "costOfRevenue": "370000000", "costofGoodsAndServicesSold": "370000000", "operatingIncome": "-190100000", "sellingGeneralAndAdministrative": "138400000", "researchAndDevelopment": "284200000", "operatingExpenses": "1198600000", "investmentIncomeNet": "None", "netInterestIncome": "-23400000", "interestIncome": "14600000", "interestExpense": "23400000", "nonInterestIncome": "None", "otherNonOperatingIncome": "8400000", "depreciation": "None", "depreciationAndAmortization": "42500000", "incomeBeforeTax": "-205100000", "incomeTaxExpense": "20800000", "interestAndDebtExpense": "None", "netIncomeFromContinuingOperations": "-225900000", "comprehensiveIncomeNetOfTax": "None", "ebit": "-148900000", "ebitda": "-106400000", "netIncome": "-225900000"}, {"fiscalDateEnding": "2015-07-31", "reportedCurrency": "USD", "grossProfit": "676553000", "totalRevenue": "928052000", "costOfRevenue": "251499000", "costofGoodsAndServicesSold": "251499000", "operatingIncome": "-133536000", "sellingGeneralAndAdministrative": "101565000", "researchAndDevelopment": "185828000", "operatingExpenses": "810089000", "investmentIncomeNet": "None", "netInterestIncome": "None", "interestIncome": "21400000", "interestExpense": "22325000", "nonInterestIncome": "None", "otherNonOperatingIncome": "284000", "depreciation": "None", "depreciationAndAmortization": "28881000", "incomeBeforeTax": "-155577000", "incomeTaxExpense": "9405000", "interestAndDebtExpense": "None", "netIncomeFromContinuingOperations": "-164982000", "comprehensiveIncomeNetOfTax": "None", "ebit": "-99781000", "ebitda": "-70900000", "netIncome": "-164982000"}, {"fiscalDateEnding": "2014-07-31", "reportedCurrency": "USD", "grossProfit": "438551000", "totalRevenue": "598179000", "costOfRevenue": "159628000", "costofGoodsAndServicesSold": "159628000", "operatingIncome": "-215347000", "sellingGeneralAndAdministrative": "73149000", "researchAndDevelopment": "104813000", "operatingExpenses": "512725000", "investmentIncomeNet": "None", "netInterestIncome": "None", "interestIncome": "None", "interestExpense": "1883000", "nonInterestIncome": "None", "otherNonOperatingIncome": "-4930000", "depreciation": "None", "depreciationAndAmortization": "19419000", "incomeBeforeTax": "-222160000", "incomeTaxExpense": "4292000", "interestAndDebtExpense": "None", "netIncomeFromContinuingOperations": "-226452000", "comprehensiveIncomeNetOfTax": "None", "ebit": "-222765000", "ebitda": "-203346000", "netIncome": "-226452000"}, {"fiscalDateEnding": "2013-07-31", "reportedCurrency": "USD", "grossProfit": "286351000", "totalRevenue": "396107000", "costOfRevenue": "109756000", "costofGoodsAndServicesSold": "109756000", "operatingIncome": "-18621000", "sellingGeneralAndAdministrative": "42719000", "researchAndDevelopment": "62482000", "operatingExpenses": "304972000", "investmentIncomeNet": "None", "netInterestIncome": "None", "interestIncome": "None", "interestExpense": "35000", "nonInterestIncome": "None", "otherNonOperatingIncome": "-35000", "depreciation": "None", "depreciationAndAmortization": "9892000", "incomeBeforeTax": "-18656000", "incomeTaxExpense": "10590000", "interestAndDebtExpense": "None", "netIncomeFromContinuingOperations": "-29246000", "comprehensiveIncomeNetOfTax": "None", "ebit": "-18621000", "ebitda": "-8729000", "netIncome": "-29246000"}, {"fiscalDateEnding": "2012-07-31", "reportedCurrency": "USD", "grossProfit": "184585000", "totalRevenue": "255138000", "costOfRevenue": "70553000", "costofGoodsAndServicesSold": "70553000", "operatingIncome": "3891000", "sellingGeneralAndAdministrative": "26207000", "researchAndDevelopment": "38570000", "operatingExpenses": "180694000", "investmentIncomeNet": "None", "netInterestIncome": "None", "interestIncome": "None", "interestExpense": "2202000", "nonInterestIncome": "None", "otherNonOperatingIncome": "None", "depreciation": "None", "depreciationAndAmortization": "6134000", "incomeBeforeTax": "2799000", "incomeTaxExpense": "2062000", "interestAndDebtExpense": "None", "netIncomeFromContinuingOperations": "None", "comprehensiveIncomeNetOfTax": "None", "ebit": "2799000", "ebitda": "8933000", "netIncome": "737000"}, {"fiscalDateEnding": "2011-07-31", "reportedCurrency": "USD", "grossProfit": "86324000", "totalRevenue": "118597000", "costOfRevenue": "32273000", "costofGoodsAndServicesSold": "32273000", "operatingIncome": "-10404000", "sellingGeneralAndAdministrative": "13108000", "researchAndDevelopment": "21366000", "operatingExpenses": "96728000", "investmentIncomeNet": "None", "netInterestIncome": "None", "interestIncome": "None", "interestExpense": "1648000", "nonInterestIncome": "None", "otherNonOperatingIncome": "None", "depreciation": "None", "depreciationAndAmortization": "2189000", "incomeBeforeTax": "-12052000", "incomeTaxExpense": "476000", "interestAndDebtExpense": "None", "netIncomeFromContinuingOperations": "None", "comprehensiveIncomeNetOfTax": "None", "ebit": "-10404000", "ebitda": "-8215000", "netIncome": "-12528000"}, {"fiscalDateEnding": "2010-07-31", "reportedCurrency": "USD", "grossProfit": "33148000", "totalRevenue": "48782000", "costOfRevenue": "15634000", "costofGoodsAndServicesSold": "15634000", "operatingIncome": "-20657000", "sellingGeneralAndAdministrative": "11291000", "researchAndDevelopment": "12788000", "operatingExpenses": "53805000", "investmentIncomeNet": "None", "netInterestIncome": "None", "interestIncome": "None", "interestExpense": "420000", "nonInterestIncome": "None", "otherNonOperatingIncome": "None", "depreciation": "None", "depreciationAndAmortization": "1123000", "incomeBeforeTax": "-21077000", "incomeTaxExpense": "56000", "interestAndDebtExpense": "None", "netIncomeFromContinuingOperations": "None", "comprehensiveIncomeNetOfTax": "None", "ebit": "-20657000", "ebitda": "-19534000", "netIncome": "-21133000"}, {"fiscalDateEnding": "2009-07-31", "reportedCurrency": "USD", "grossProfit": "7076000", "totalRevenue": "13352000", "costOfRevenue": "6276000", "costofGoodsAndServicesSold": "6276000", "operatingIncome": "-19040000", "sellingGeneralAndAdministrative": "2536000", "researchAndDevelopment": "8208000", "operatingExpenses": "26116000", "investmentIncomeNet": "None", "netInterestIncome": "None", "interestIncome": "None", "interestExpense": "47000", "nonInterestIncome": "None", "otherNonOperatingIncome": "None", "depreciation": "None", "depreciationAndAmortization": "1180000", "incomeBeforeTax": "-18993000", "incomeTaxExpense": "12000", "interestAndDebtExpense": "None", "netIncomeFromContinuingOperations": "None", "comprehensiveIncomeNetOfTax": "None", "ebit": "-19040000", "ebitda": "-17860000", "netIncome": "-19005000"}], "quarterlyReports": [{"fiscalDateEnding": "2025-01-31", "reportedCurrency": "USD", "grossProfit": "1658200000", "totalRevenue": "2257400000", "costOfRevenue": "599200000", "costofGoodsAndServicesSold": "599200000", "operatingIncome": "240400000", "sellingGeneralAndAdministrative": "153800000", "researchAndDevelopment": "505700000", "operatingExpenses": "1417800000", "investmentIncomeNet": "None", "netInterestIncome": "86000000", "interestIncome": "86900000", "interestExpense": "600000", "nonInterestIncome": "None", "otherNonOperatingIncome": "None", "depreciation": "None", "depreciationAndAmortization": "87600000", "incomeBeforeTax": "324800000", "incomeTaxExpense": "57500000", "interestAndDebtExpense": "None", "netIncomeFromContinuingOperations": "267300000", "comprehensiveIncomeNetOfTax": "None", "ebit": "325400000", "ebitda": "413000000", "netIncome": "267300000"}, {"fiscalDateEnding": "2024-10-31", "reportedCurrency": "USD", "grossProfit": "1584700000", "totalRevenue": "2138800000", "costOfRevenue": "554100000", "costofGoodsAndServicesSold": "554100000", "operatingIncome": "286500000", "sellingGeneralAndAdministrative": "97700000", "researchAndDevelopment": "480400000", "operatingExpenses": "1298200000", "investmentIncomeNet": "None", "netInterestIncome": "84500000", "interestIncome": "85700000", "interestExpense": "700000", "nonInterestIncome": "None", "otherNonOperatingIncome": "None", "depreciation": "None", "depreciationAndAmortization": "83900000", "incomeBeforeTax": "368600000", "incomeTaxExpense": "17900000", "interestAndDebtExpense": "None", "netIncomeFromContinuingOperations": "350700000", "comprehensiveIncomeNetOfTax": "None", "ebit": "369300000", "ebitda": "453200000", "netIncome": "350700000"}, {"fiscalDateEnding": "2024-07-31", "reportedCurrency": "USD", "grossProfit": "1615800000", "totalRevenue": "2189500000", "costOfRevenue": "573700000", "costofGoodsAndServicesSold": "573700000", "operatingIncome": "238400000", "sellingGeneralAndAdministrative": "140300000", "researchAndDevelopment": "494800000", "operatingExpenses": "1377400000", "investmentIncomeNet": "None", "netInterestIncome": "82800000", "interestIncome": "83100000", "interestExpense": "300000", "nonInterestIncome": "None", "otherNonOperatingIncome": "None", "depreciation": "None", "depreciationAndAmortization": "76100000", "incomeBeforeTax": "319000000", "incomeTaxExpense": "-38700000", "interestAndDebtExpense": "None", "netIncomeFromContinuingOperations": "357700000", "comprehensiveIncomeNetOfTax": "None", "ebit": "319300000", "ebitda": "395400000", "netIncome": "357700000"}, {"fiscalDateEnding": "2024-04-30", "reportedCurrency": "USD", "grossProfit": "1471200000", "totalRevenue": "1984800000", "costOfRevenue": "513600000", "costofGoodsAndServicesSold": "513600000", "operatingIncome": "180400000", "sellingGeneralAndAdministrative": "114900000", "researchAndDevelopment": "457200000", "operatingExpenses": "1296000000", "investmentIncomeNet": "None", "netInterestIncome": "76000000", "interestIncome": "78300000", "interestExpense": "2300000", "nonInterestIncome": "None", "otherNonOperatingIncome": "None", "depreciation": "None", "depreciationAndAmortization": "74300000", "incomeBeforeTax": "251200000", "incomeTaxExpense": "-27600000", "interestAndDebtExpense": "None", "netIncomeFromContinuingOperations": "278800000", "comprehensiveIncomeNetOfTax": "None", "ebit": "180400000", "ebitda": "254700000", "netIncome": "278800000"}, {"fiscalDateEnding": "2024-01-31", "reportedCurrency": "USD", "grossProfit": "1476000000", "totalRevenue": "1975100000", "costOfRevenue": "499100000", "costofGoodsAndServicesSold": "499100000", "operatingIncome": "230400000", "sellingGeneralAndAdministrative": "124700000", "researchAndDevelopment": "447900000", "operatingExpenses": "1423000000", "investmentIncomeNet": "None", "netInterestIncome": "82500000", "interestIncome": "85300000", "interestExpense": "2800000", "nonInterestIncome": "None", "otherNonOperatingIncome": "None", "depreciation": "None", "depreciationAndAmortization": "68600000", "incomeBeforeTax": "135500000", "incomeTaxExpense": "-1611400000", "interestAndDebtExpense": "None", "netIncomeFromContinuingOperations": "1746900000", "comprehensiveIncomeNetOfTax": "None", "ebit": "230400000", "ebitda": "299000000", "netIncome": "1746900000"}, {"fiscalDateEnding": "2023-10-31", "reportedCurrency": "USD", "grossProfit": "1405300000", "totalRevenue": "1878100000", "costOfRevenue": "472800000", "costofGoodsAndServicesSold": "472800000", "operatingIncome": "215200000", "sellingGeneralAndAdministrative": "120100000", "researchAndDevelopment": "409500000", "operatingExpenses": "1191000000", "investmentIncomeNet": "None", "netInterestIncome": "-2900000", "interestIncome": "71200000", "interestExpense": "2900000", "nonInterestIncome": "None", "otherNonOperatingIncome": "None", "depreciation": "None", "depreciationAndAmortization": "64300000", "incomeBeforeTax": "282600000", "incomeTaxExpense": "88400000", "interestAndDebtExpense": "None", "netIncomeFromContinuingOperations": "194200000", "comprehensiveIncomeNetOfTax": "None", "ebit": "215200000", "ebitda": "279500000", "netIncome": "194200000"}, {"fiscalDateEnding": "2023-07-31", "reportedCurrency": "USD", "grossProfit": "1446500000", "totalRevenue": "1953300000", "costOfRevenue": "506800000", "costofGoodsAndServicesSold": "506800000", "operatingIncome": "253500000", "sellingGeneralAndAdministrative": "114600000", "researchAndDevelopment": "414400000", "operatingExpenses": "1193000000", "investmentIncomeNet": "None", "netInterestIncome": "-5700000", "interestIncome": "72500000", "interestExpense": "5700000", "nonInterestIncome": "None", "otherNonOperatingIncome": "None", "depreciation": "None", "depreciationAndAmortization": "82500000", "incomeBeforeTax": "316500000", "incomeTaxExpense": "88800000", "interestAndDebtExpense": "None", "netIncomeFromContinuingOperations": "227700000", "comprehensiveIncomeNetOfTax": "None", "ebit": "221675000", "ebitda": "304175000", "netIncome": "227700000"}, {"fiscalDateEnding": "2023-04-30", "reportedCurrency": "USD", "grossProfit": "1246100000", "totalRevenue": "1720900000", "costOfRevenue": "474800000", "costofGoodsAndServicesSold": "474800000", "operatingIncome": "183300000", "sellingGeneralAndAdministrative": "114200000", "researchAndDevelopment": "413700000", "operatingExpenses": "1167400000", "investmentIncomeNet": "None", "netInterestIncome": "-7800000", "interestIncome": "65900000", "interestExpense": "7800000", "nonInterestIncome": "None", "otherNonOperatingIncome": "None", "depreciation": "None", "depreciationAndAmortization": "84400000", "incomeBeforeTax": "131000000", "incomeTaxExpense": "23200000", "interestAndDebtExpense": "None", "netIncomeFromContinuingOperations": "107800000", "comprehensiveIncomeNetOfTax": "None", "ebit": "138800000", "ebitda": "223200000", "netIncome": "107800000"}, {"fiscalDateEnding": "2023-01-31", "reportedCurrency": "USD", "grossProfit": "1188900000", "totalRevenue": "1655100000", "costOfRevenue": "466200000", "costofGoodsAndServicesSold": "466200000", "operatingIncome": "21400000", "sellingGeneralAndAdministrative": "119400000", "researchAndDevelopment": "404100000", "operatingExpenses": "1149000000", "investmentIncomeNet": "None", "netInterestIncome": "-6900000", "interestIncome": "56600000", "interestExpense": "6900000", "nonInterestIncome": "None", "otherNonOperatingIncome": "None", "depreciation": "None", "depreciationAndAmortization": "82400000", "incomeBeforeTax": "84400000", "incomeTaxExpense": "200000", "interestAndDebtExpense": "None", "netIncomeFromContinuingOperations": "84200000", "comprehensiveIncomeNetOfTax": "None", "ebit": "91300000", "ebitda": "173700000", "netIncome": "84200000"}, {"fiscalDateEnding": "2022-10-31", "reportedCurrency": "USD", "grossProfit": "1101500000", "totalRevenue": "1563400000", "costOfRevenue": "461900000", "costofGoodsAndServicesSold": "461900000", "operatingIncome": "15200000", "sellingGeneralAndAdministrative": "99500000", "researchAndDevelopment": "371800000", "operatingExpenses": "1086300000", "investmentIncomeNet": "None", "netInterestIncome": "22600000", "interestIncome": "29400000", "interestExpense": "5000000", "nonInterestIncome": "None", "otherNonOperatingIncome": "None", "depreciation": "None", "depreciationAndAmortization": "70700000", "incomeBeforeTax": "34400000", "incomeTaxExpense": "14400000", "interestAndDebtExpense": "None", "netIncomeFromContinuingOperations": "20000000", "comprehensiveIncomeNetOfTax": "None", "ebit": "15200000", "ebitda": "85900000", "netIncome": "20000000"}, {"fiscalDateEnding": "2022-07-31", "reportedCurrency": "USD", "grossProfit": "1058200000", "totalRevenue": "1550500000", "costOfRevenue": "492300000", "costofGoodsAndServicesSold": "492300000", "operatingIncome": "-10800000", "sellingGeneralAndAdministrative": "108400000", "researchAndDevelopment": "363800000", "operatingExpenses": "1042800000", "investmentIncomeNet": "None", "netInterestIncome": "-6900000", "interestIncome": "None", "interestExpense": "6900000", "nonInterestIncome": "None", "otherNonOperatingIncome": "None", "depreciation": "None", "depreciationAndAmortization": "89400000", "incomeBeforeTax": "17300000", "incomeTaxExpense": "14000000", "interestAndDebtExpense": "None", "netIncomeFromContinuingOperations": "3300000", "comprehensiveIncomeNetOfTax": "None", "ebit": "-63900000", "ebitda": "25500000", "netIncome": "3300000"}, {"fiscalDateEnding": "2022-04-30", "reportedCurrency": "USD", "grossProfit": "946200000", "totalRevenue": "1386700000", "costOfRevenue": "440500000", "costofGoodsAndServicesSold": "440500000", "operatingIncome": "-47600000", "sellingGeneralAndAdministrative": "94800000", "researchAndDevelopment": "355400000", "operatingExpenses": "993800000", "investmentIncomeNet": "None", "netInterestIncome": "-6800000", "interestIncome": "None", "interestExpense": "6800000", "nonInterestIncome": "None", "otherNonOperatingIncome": "None", "depreciation": "None", "depreciationAndAmortization": "83800000", "incomeBeforeTax": "-52500000", "incomeTaxExpense": "20700000", "interestAndDebtExpense": "None", "netIncomeFromContinuingOperations": "-73200000", "comprehensiveIncomeNetOfTax": "None", "ebit": "-58100000", "ebitda": "25700000", "netIncome": "-73200000"}, {"fiscalDateEnding": "2022-01-31", "reportedCurrency": "USD", "grossProfit": "911600000", "totalRevenue": "1316900000", "costOfRevenue": "405300000", "costofGoodsAndServicesSold": "405300000", "operatingIncome": "-73900000", "sellingGeneralAndAdministrative": "97700000", "researchAndDevelopment": "359000000", "operatingExpenses": "985500000", "investmentIncomeNet": "None", "netInterestIncome": "-6800000", "interestIncome": "None", "interestExpense": "6800000", "nonInterestIncome": "None", "otherNonOperatingIncome": "None", "depreciation": "None", "depreciationAndAmortization": "82100000", "incomeBeforeTax": "-80800000", "incomeTaxExpense": "12700000", "interestAndDebtExpense": "None", "netIncomeFromContinuingOperations": "-93500000", "comprehensiveIncomeNetOfTax": "None", "ebit": "-88200000", "ebitda": "-6100000", "netIncome": "-93500000"}, {"fiscalDateEnding": "2021-10-31", "reportedCurrency": "USD", "grossProfit": "866800000", "totalRevenue": "1247400000", "costOfRevenue": "380600000", "costofGoodsAndServicesSold": "380600000", "operatingIncome": "-82700000", "sellingGeneralAndAdministrative": "104100000", "researchAndDevelopment": "339500000", "operatingExpenses": "949500000", "investmentIncomeNet": "None", "netInterestIncome": "-6900000", "interestIncome": "None", "interestExpense": "5500000", "nonInterestIncome": "None", "otherNonOperatingIncome": "None", "depreciation": "None", "depreciationAndAmortization": "81700000", "incomeBeforeTax": "-91200000", "incomeTaxExpense": "12400000", "interestAndDebtExpense": "None", "netIncomeFromContinuingOperations": "-103600000", "comprehensiveIncomeNetOfTax": "None", "ebit": "-98800000", "ebitda": "-17100000", "netIncome": "-103600000"}, {"fiscalDateEnding": "2021-07-31", "reportedCurrency": "USD", "grossProfit": "860400000", "totalRevenue": "1219300000", "costOfRevenue": "358900000", "costofGoodsAndServicesSold": "358900000", "operatingIncome": "-60400000", "sellingGeneralAndAdministrative": "105700000", "researchAndDevelopment": "325300000", "operatingExpenses": "920800000", "investmentIncomeNet": "None", "netInterestIncome": "-41400000", "interestIncome": "1500000", "interestExpense": "41400000", "nonInterestIncome": "None", "otherNonOperatingIncome": "None", "depreciation": "None", "depreciationAndAmortization": "80700000", "incomeBeforeTax": "-102300000", "incomeTaxExpense": "17000000", "interestAndDebtExpense": "None", "netIncomeFromContinuingOperations": "-119300000", "comprehensiveIncomeNetOfTax": "None", "ebit": "-60900000", "ebitda": "19800000", "netIncome": "-119300000"}, {"fiscalDateEnding": "2021-04-30", "reportedCurrency": "USD", "grossProfit": "743300000", "totalRevenue": "1073900000", "costOfRevenue": "330600000", "costofGoodsAndServicesSold": "330600000", "operatingIncome": "-110400000", "sellingGeneralAndAdministrative": "94700000", "researchAndDevelopment": "311000000", "operatingExpenses": "853700000", "investmentIncomeNet": "None", "netInterestIncome": "-41000000", "interestIncome": "1800000", "interestExpense": "41000000", "nonInterestIncome": "None", "otherNonOperatingIncome": "None", "depreciation": "None", "depreciationAndAmortization": "154500000", "incomeBeforeTax": "-150400000", "incomeTaxExpense": "-5300000", "interestAndDebtExpense": "None", "netIncomeFromContinuingOperations": "-145100000", "comprehensiveIncomeNetOfTax": "None", "ebit": "-184700000", "ebitda": "-30200000", "netIncome": "-145100000"}, {"fiscalDateEnding": "2021-01-31", "reportedCurrency": "USD", "grossProfit": "709300000", "totalRevenue": "1016900000", "costOfRevenue": "307600000", "costofGoodsAndServicesSold": "307600000", "operatingIncome": "-88800000", "sellingGeneralAndAdministrative": "104000000", "researchAndDevelopment": "266700000", "operatingExpenses": "798100000", "investmentIncomeNet": "None", "netInterestIncome": "-38400000", "interestIncome": "2300000", "interestExpense": "40700000", "nonInterestIncome": "None", "otherNonOperatingIncome": "None", "depreciation": "None", "depreciationAndAmortization": "75600000", "incomeBeforeTax": "-130000000", "incomeTaxExpense": "12300000", "interestAndDebtExpense": "None", "netIncomeFromContinuingOperations": "-142300000", "comprehensiveIncomeNetOfTax": "None", "ebit": "-90800000", "ebitda": "-15200000", "netIncome": "-142300000"}, {"fiscalDateEnding": "2020-10-31", "reportedCurrency": "USD", "grossProfit": "668200000", "totalRevenue": "946000000", "costOfRevenue": "277800000", "costofGoodsAndServicesSold": "277800000", "operatingIncome": "-44500000", "sellingGeneralAndAdministrative": "86700000", "researchAndDevelopment": "237400000", "operatingExpenses": "712700000", "investmentIncomeNet": "None", "netInterestIncome": "-37300000", "interestIncome": "2900000", "interestExpense": "40200000", "nonInterestIncome": "None", "otherNonOperatingIncome": "None", "depreciation": "None", "depreciationAndAmortization": "68000000", "incomeBeforeTax": "-82300000", "incomeTaxExpense": "9900000", "interestAndDebtExpense": "None", "netIncomeFromContinuingOperations": "-92200000", "comprehensiveIncomeNetOfTax": "None", "ebit": "-43300000", "ebitda": "24700000", "netIncome": "-92200000"}, {"fiscalDateEnding": "2020-07-31", "reportedCurrency": "USD", "grossProfit": "660000000", "totalRevenue": "950400000", "costOfRevenue": "290400000", "costofGoodsAndServicesSold": "290400000", "operatingIncome": "-17800000", "sellingGeneralAndAdministrative": "70700000", "researchAndDevelopment": "215900000", "operatingExpenses": "677800000", "investmentIncomeNet": "None", "netInterestIncome": "-28000000", "interestIncome": "3400000", "interestExpense": "31400000", "nonInterestIncome": "None", "otherNonOperatingIncome": "None", "depreciation": "None", "depreciationAndAmortization": "73700000", "incomeBeforeTax": "-48400000", "incomeTaxExpense": "10500000", "interestAndDebtExpense": "None", "netIncomeFromContinuingOperations": "-58900000", "comprehensiveIncomeNetOfTax": "None", "ebit": "-17000000", "ebitda": "56700000", "netIncome": "-58900000"}, {"fiscalDateEnding": "2020-04-30", "reportedCurrency": "USD", "grossProfit": "611100000", "totalRevenue": "869400000", "costOfRevenue": "258300000", "costofGoodsAndServicesSold": "258300000", "operatingIncome": "-56500000", "sellingGeneralAndAdministrative": "82900000", "researchAndDevelopment": "196300000", "operatingExpenses": "667600000", "investmentIncomeNet": "None", "netInterestIncome": "-11100000", "interestIncome": "8300000", "interestExpense": "19400000", "nonInterestIncome": "None", "otherNonOperatingIncome": "None", "depreciation": "None", "depreciationAndAmortization": "66300000", "incomeBeforeTax": "-67800000", "incomeTaxExpense": "7000000", "interestAndDebtExpense": "None", "netIncomeFromContinuingOperations": "-74800000", "comprehensiveIncomeNetOfTax": "None", "ebit": "-48400000", "ebitda": "17900000", "netIncome": "-74800000"}, {"fiscalDateEnding": "2020-01-31", "reportedCurrency": "USD", "grossProfit": "583600000", "totalRevenue": "816700000", "costOfRevenue": "233100000", "costofGoodsAndServicesSold": "233100000", "operatingIncome": "-52900000", "sellingGeneralAndAdministrative": "76200000", "researchAndDevelopment": "185400000", "operatingExpenses": "636500000", "investmentIncomeNet": "None", "netInterestIncome": "-5100000", "interestIncome": "13900000", "interestExpense": "19000000", "nonInterestIncome": "None", "otherNonOperatingIncome": "None", "depreciation": "None", "depreciationAndAmortization": "59100000", "incomeBeforeTax": "-61100000", "incomeTaxExpense": "12600000", "interestAndDebtExpense": "None", "netIncomeFromContinuingOperations": "-73700000", "comprehensiveIncomeNetOfTax": "None", "ebit": "-42100000", "ebitda": "17000000", "netIncome": "-73700000"}, {"fiscalDateEnding": "2019-10-31", "reportedCurrency": "USD", "grossProfit": "554200000", "totalRevenue": "771900000", "costOfRevenue": "217700000", "costofGoodsAndServicesSold": "217700000", "operatingIncome": "-51800000", "sellingGeneralAndAdministrative": "69800000", "researchAndDevelopment": "170500000", "operatingExpenses": "606000000", "investmentIncomeNet": "None", "netInterestIncome": "-3100000", "interestIncome": "15800000", "interestExpense": "18900000", "nonInterestIncome": "None", "otherNonOperatingIncome": "None", "depreciation": "None", "depreciationAndAmortization": "54400000", "incomeBeforeTax": "-54500000", "incomeTaxExpense": "5100000", "interestAndDebtExpense": "None", "netIncomeFromContinuingOperations": "-59600000", "comprehensiveIncomeNetOfTax": "None", "ebit": "-35600000", "ebitda": "18800000", "netIncome": "-59600000"}, {"fiscalDateEnding": "2019-07-31", "reportedCurrency": "USD", "grossProfit": "588400000", "totalRevenue": "805800000", "costOfRevenue": "217400000", "costofGoodsAndServicesSold": "217400000", "operatingIncome": "-9900000", "sellingGeneralAndAdministrative": "69200000", "researchAndDevelopment": "158700000", "operatingExpenses": "598300000", "investmentIncomeNet": "None", "netInterestIncome": "-1900000", "interestIncome": "18100000", "interestExpense": "20000000", "nonInterestIncome": "None", "otherNonOperatingIncome": "None", "depreciation": "None", "depreciationAndAmortization": "42200000", "incomeBeforeTax": "-13700000", "incomeTaxExpense": "7100000", "interestAndDebtExpense": "None", "netIncomeFromContinuingOperations": "-20800000", "comprehensiveIncomeNetOfTax": "None", "ebit": "6300000", "ebitda": "48500000", "netIncome": "-20800000"}, {"fiscalDateEnding": "2019-04-30", "reportedCurrency": "USD", "grossProfit": "521700000", "totalRevenue": "726600000", "costOfRevenue": "204900000", "costofGoodsAndServicesSold": "204900000", "operatingIncome": "-18700000", "sellingGeneralAndAdministrative": "62300000", "researchAndDevelopment": "139100000", "operatingExpenses": "540400000", "investmentIncomeNet": "None", "netInterestIncome": "-2300000", "interestIncome": "2400000", "interestExpense": "20600000", "nonInterestIncome": "None", "otherNonOperatingIncome": "None", "depreciation": "None", "depreciationAndAmortization": "40300000", "incomeBeforeTax": "-21100000", "incomeTaxExpense": "-900000", "interestAndDebtExpense": "None", "netIncomeFromContinuingOperations": "-20200000", "comprehensiveIncomeNetOfTax": "None", "ebit": "-500000", "ebitda": "39800000", "netIncome": "-20200000"}, {"fiscalDateEnding": "2019-01-31", "reportedCurrency": "USD", "grossProfit": "508600000", "totalRevenue": "711200000", "costOfRevenue": "202600000", "costofGoodsAndServicesSold": "202600000", "operatingIncome": "6600000", "sellingGeneralAndAdministrative": "53700000", "researchAndDevelopment": "128300000", "operatingExpenses": "502000000", "investmentIncomeNet": "None", "netInterestIncome": "None", "interestIncome": "None", "interestExpense": "20600000", "nonInterestIncome": "None", "otherNonOperatingIncome": "None", "depreciation": "None", "depreciationAndAmortization": "38800000", "incomeBeforeTax": "2000000", "incomeTaxExpense": "4600000", "interestAndDebtExpense": "None", "netIncomeFromContinuingOperations": "-2600000", "comprehensiveIncomeNetOfTax": "None", "ebit": "6600000", "ebitda": "45400000", "netIncome": "-2600000"}, {"fiscalDateEnding": "2018-10-31", "reportedCurrency": "USD", "grossProfit": "472500000", "totalRevenue": "656000000", "costOfRevenue": "183500000", "costofGoodsAndServicesSold": "183500000", "operatingIncome": "-32100000", "sellingGeneralAndAdministrative": "76600000", "researchAndDevelopment": "113400000", "operatingExpenses": "504600000", "investmentIncomeNet": "None", "netInterestIncome": "None", "interestIncome": "None", "interestExpense": "22700000", "nonInterestIncome": "None", "otherNonOperatingIncome": "None", "depreciation": "None", "depreciationAndAmortization": "32500000", "incomeBeforeTax": "-41800000", "incomeTaxExpense": "-3500000", "interestAndDebtExpense": "None", "netIncomeFromContinuingOperations": "-38300000", "comprehensiveIncomeNetOfTax": "None", "ebit": "-17900000", "ebitda": "14600000", "netIncome": "-38300000"}, {"fiscalDateEnding": "2018-07-31", "reportedCurrency": "USD", "grossProfit": "473400000", "totalRevenue": "658100000", "costOfRevenue": "184700000", "costofGoodsAndServicesSold": "184700000", "operatingIncome": "8600000", "sellingGeneralAndAdministrative": "56700000", "researchAndDevelopment": "110300000", "operatingExpenses": "464800000", "investmentIncomeNet": "None", "netInterestIncome": "None", "interestIncome": "None", "interestExpense": "10400000", "nonInterestIncome": "None", "otherNonOperatingIncome": "10200000", "depreciation": "None", "depreciationAndAmortization": "28400000", "incomeBeforeTax": "8400000", "incomeTaxExpense": "10700000", "interestAndDebtExpense": "None", "netIncomeFromContinuingOperations": "-2300000", "comprehensiveIncomeNetOfTax": "None", "ebit": "18800000", "ebitda": "47200000", "netIncome": "-2300000"}, {"fiscalDateEnding": "2018-04-30", "reportedCurrency": "USD", "grossProfit": "407200000", "totalRevenue": "567100000", "costOfRevenue": "159900000", "costofGoodsAndServicesSold": "159900000", "operatingIncome": "-51600000", "sellingGeneralAndAdministrative": "82100000", "researchAndDevelopment": "99600000", "operatingExpenses": "458800000", "investmentIncomeNet": "None", "netInterestIncome": "None", "interestIncome": "None", "interestExpense": "6500000", "nonInterestIncome": "None", "otherNonOperatingIncome": "8600000", "depreciation": "None", "depreciationAndAmortization": "24600000", "incomeBeforeTax": "-49500000", "incomeTaxExpense": "-2800000", "interestAndDebtExpense": "None", "netIncomeFromContinuingOperations": "-46700000", "comprehensiveIncomeNetOfTax": "None", "ebit": "-43000000", "ebitda": "-18400000", "netIncome": "-46700000"}, {"fiscalDateEnding": "2018-01-31", "reportedCurrency": "USD", "grossProfit": "383100000", "totalRevenue": "542400000", "costOfRevenue": "159300000", "costofGoodsAndServicesSold": "159300000", "operatingIncome": "-31800000", "sellingGeneralAndAdministrative": "53300000", "researchAndDevelopment": "96600000", "operatingExpenses": "414900000", "investmentIncomeNet": "None", "netInterestIncome": "None", "interestIncome": "None", "interestExpense": "6400000", "nonInterestIncome": "None", "otherNonOperatingIncome": "4900000", "depreciation": "None", "depreciationAndAmortization": "22100000", "incomeBeforeTax": "-33300000", "incomeTaxExpense": "1600000", "interestAndDebtExpense": "None", "netIncomeFromContinuingOperations": "-34900000", "comprehensiveIncomeNetOfTax": "None", "ebit": "-26900000", "ebitda": "-4800000", "netIncome": "-34900000"}, {"fiscalDateEnding": "2017-10-31", "reportedCurrency": "USD", "grossProfit": "364100000", "totalRevenue": "505500000", "costOfRevenue": "141400000", "costofGoodsAndServicesSold": "141400000", "operatingIncome": "-54300000", "sellingGeneralAndAdministrative": "65700000", "researchAndDevelopment": "94200000", "operatingExpenses": "418400000", "investmentIncomeNet": "None", "netInterestIncome": "None", "interestIncome": "None", "interestExpense": "6300000", "nonInterestIncome": "None", "otherNonOperatingIncome": "4800000", "depreciation": "None", "depreciationAndAmortization": "21300000", "incomeBeforeTax": "-55800000", "incomeTaxExpense": "8200000", "interestAndDebtExpense": "None", "netIncomeFromContinuingOperations": "-64000000", "comprehensiveIncomeNetOfTax": "None", "ebit": "-49500000", "ebitda": "-28200000", "netIncome": "-64000000"}, {"fiscalDateEnding": "2017-07-31", "reportedCurrency": "USD", "grossProfit": "370600000", "totalRevenue": "509100000", "costOfRevenue": "138500000", "costofGoodsAndServicesSold": "138500000", "operatingIncome": "-27300000", "sellingGeneralAndAdministrative": "65200000", "researchAndDevelopment": "87300000", "operatingExpenses": "397900000", "investmentIncomeNet": "None", "netInterestIncome": "None", "interestIncome": "None", "interestExpense": "6200000", "nonInterestIncome": "None", "otherNonOperatingIncome": "2900000", "depreciation": "None", "depreciationAndAmortization": "16700000", "incomeBeforeTax": "-30600000", "incomeTaxExpense": "7600000", "interestAndDebtExpense": "None", "netIncomeFromContinuingOperations": "-33300000", "comprehensiveIncomeNetOfTax": "None", "ebit": "-25800000", "ebitda": "-9100000", "netIncome": "-38200000"}, {"fiscalDateEnding": "2017-04-30", "reportedCurrency": "USD", "grossProfit": "308100000", "totalRevenue": "431800000", "costOfRevenue": "123700000", "costofGoodsAndServicesSold": "123700000", "operatingIncome": "-49100000", "sellingGeneralAndAdministrative": "44300000", "researchAndDevelopment": "86000000", "operatingExpenses": "357200000", "investmentIncomeNet": "None", "netInterestIncome": "None", "interestIncome": "None", "interestExpense": "6200000", "nonInterestIncome": "None", "otherNonOperatingIncome": "2100000", "depreciation": "None", "depreciationAndAmortization": "15100000", "incomeBeforeTax": "-53200000", "incomeTaxExpense": "7700000", "interestAndDebtExpense": "None", "netIncomeFromContinuingOperations": "-60900000", "comprehensiveIncomeNetOfTax": "None", "ebit": "-47000000", "ebitda": "-31900000", "netIncome": "-60900000"}, {"fiscalDateEnding": "2017-01-31", "reportedCurrency": "USD", "grossProfit": "309400000", "totalRevenue": "422600000", "costOfRevenue": "113200000", "costofGoodsAndServicesSold": "113200000", "operatingIncome": "-54400000", "sellingGeneralAndAdministrative": "47200000", "researchAndDevelopment": "89900000", "operatingExpenses": "363800000", "investmentIncomeNet": "None", "netInterestIncome": "None", "interestIncome": "None", "interestExpense": "6100000", "nonInterestIncome": "None", "otherNonOperatingIncome": "2700000", "depreciation": "None", "depreciationAndAmortization": "14400000", "incomeBeforeTax": "-57800000", "incomeTaxExpense": "2800000", "interestAndDebtExpense": "None", "netIncomeFromContinuingOperations": "-60600000", "comprehensiveIncomeNetOfTax": "None", "ebit": "-51700000", "ebitda": "-37300000", "netIncome": "-60600000"}, {"fiscalDateEnding": "2016-10-31", "reportedCurrency": "USD", "grossProfit": "296800000", "totalRevenue": "398100000", "costOfRevenue": "101300000", "costofGoodsAndServicesSold": "101300000", "operatingIncome": "-49900000", "sellingGeneralAndAdministrative": "41800000", "researchAndDevelopment": "84600000", "operatingExpenses": "346700000", "investmentIncomeNet": "None", "netInterestIncome": "None", "interestIncome": "None", "interestExpense": "6000000", "nonInterestIncome": "None", "otherNonOperatingIncome": "2500000", "depreciation": "None", "depreciationAndAmortization": "13600000", "incomeBeforeTax": "-53400000", "incomeTaxExpense": "8400000", "interestAndDebtExpense": "None", "netIncomeFromContinuingOperations": "-61800000", "comprehensiveIncomeNetOfTax": "None", "ebit": "-47400000", "ebitda": "-33800000", "netIncome": "-61800000"}, {"fiscalDateEnding": "2016-07-31", "reportedCurrency": "USD", "grossProfit": "299100000", "totalRevenue": "400800000", "costOfRevenue": "101700000", "costofGoodsAndServicesSold": "101700000", "operatingIncome": "-45400000", "sellingGeneralAndAdministrative": "39900000", "researchAndDevelopment": "76500000", "operatingExpenses": "344500000", "investmentIncomeNet": "None", "netInterestIncome": "None", "interestIncome": "None", "interestExpense": "6000000", "nonInterestIncome": "None", "otherNonOperatingIncome": "2700000", "depreciation": "None", "depreciationAndAmortization": "12100000", "incomeBeforeTax": "-48700000", "incomeTaxExpense": "5800000", "interestAndDebtExpense": "None", "netIncomeFromContinuingOperations": "-54500000", "comprehensiveIncomeNetOfTax": "None", "ebit": "-45399999", "ebitda": "-33299999", "netIncome": "-54500000"}, {"fiscalDateEnding": "2016-04-30", "reportedCurrency": "USD", "grossProfit": "250900000", "totalRevenue": "345800000", "costOfRevenue": "94900000", "costofGoodsAndServicesSold": "94900000", "operatingIncome": "-58600000", "sellingGeneralAndAdministrative": "33500000", "researchAndDevelopment": "74000000", "operatingExpenses": "309500000", "investmentIncomeNet": "None", "netInterestIncome": "None", "interestIncome": "None", "interestExpense": "5800000", "nonInterestIncome": "None", "otherNonOperatingIncome": "1000000", "depreciation": "None", "depreciationAndAmortization": "11200000", "incomeBeforeTax": "-63400000", "incomeTaxExpense": "6800000", "interestAndDebtExpense": "None", "netIncomeFromContinuingOperations": "-70200000", "comprehensiveIncomeNetOfTax": "None", "ebit": "-52500000", "ebitda": "-41300000", "netIncome": "-70200000"}, {"fiscalDateEnding": "2016-01-31", "reportedCurrency": "USD", "grossProfit": "240500000", "totalRevenue": "334700000", "costOfRevenue": "94200000", "costofGoodsAndServicesSold": "94200000", "operatingIncome": "-55300000", "sellingGeneralAndAdministrative": "34200000", "researchAndDevelopment": "74000000", "operatingExpenses": "295800000", "investmentIncomeNet": "None", "netInterestIncome": "None", "interestIncome": "None", "interestExpense": "5800000", "nonInterestIncome": "None", "otherNonOperatingIncome": "2500000", "depreciation": "None", "depreciationAndAmortization": "10300000", "incomeBeforeTax": "-58600000", "incomeTaxExpense": "3900000", "interestAndDebtExpense": "None", "netIncomeFromContinuingOperations": "-62500000", "comprehensiveIncomeNetOfTax": "None", "ebit": "-50100000", "ebitda": "-39800000", "netIncome": "-62500000"}, {"fiscalDateEnding": "2015-10-31", "reportedCurrency": "USD", "grossProfit": "218000000", "totalRevenue": "297200000", "costOfRevenue": "79200000", "costofGoodsAndServicesSold": "79200000", "operatingIncome": "-30800000", "sellingGeneralAndAdministrative": "30800000", "researchAndDevelopment": "59700000", "operatingExpenses": "248800000", "investmentIncomeNet": "None", "netInterestIncome": "None", "interestIncome": "None", "interestExpense": "5800000", "nonInterestIncome": "None", "otherNonOperatingIncome": "2200000", "depreciation": "None", "depreciationAndAmortization": "9200000", "incomeBeforeTax": "-34400000", "incomeTaxExpense": "4300000", "interestAndDebtExpense": "None", "netIncomeFromContinuingOperations": "-38700000", "comprehensiveIncomeNetOfTax": "None", "ebit": "-32000000", "ebitda": "-22800000", "netIncome": "-38700000"}, {"fiscalDateEnding": "2015-07-31", "reportedCurrency": "USD", "grossProfit": "209561000", "totalRevenue": "283879000", "costOfRevenue": "74318000", "costofGoodsAndServicesSold": "74318000", "operatingIncome": "-34533000", "sellingGeneralAndAdministrative": "28576000", "researchAndDevelopment": "53089000", "operatingExpenses": "244094000", "investmentIncomeNet": "None", "netInterestIncome": "None", "interestIncome": "None", "interestExpense": "5666000", "nonInterestIncome": "None", "otherNonOperatingIncome": "-346000", "depreciation": "None", "depreciationAndAmortization": "8608000", "incomeBeforeTax": "-40545000", "incomeTaxExpense": "5426000", "interestAndDebtExpense": "None", "netIncomeFromContinuingOperations": "-45971000", "comprehensiveIncomeNetOfTax": "None", "ebit": "-34508000", "ebitda": "-25900000", "netIncome": "-45971000"}, {"fiscalDateEnding": "2015-04-30", "reportedCurrency": "USD", "grossProfit": "169777000", "totalRevenue": "234172000", "costOfRevenue": "64395000", "costofGoodsAndServicesSold": "64395000", "operatingIncome": "-36724000", "sellingGeneralAndAdministrative": "26989000", "researchAndDevelopment": "48486000", "operatingExpenses": "206501000", "investmentIncomeNet": "None", "netInterestIncome": "None", "interestIncome": "None", "interestExpense": "5631000", "nonInterestIncome": "None", "otherNonOperatingIncome": "-55000", "depreciation": "None", "depreciationAndAmortization": "7356000", "incomeBeforeTax": "-42410000", "incomeTaxExpense": "3525000", "interestAndDebtExpense": "None", "netIncomeFromContinuingOperations": "-45935000", "comprehensiveIncomeNetOfTax": "None", "ebit": "-36656000", "ebitda": "-29300000", "netIncome": "-45935000"}, {"fiscalDateEnding": "2015-01-31", "reportedCurrency": "USD", "grossProfit": "158330000", "totalRevenue": "217655000", "costOfRevenue": "59325000", "costofGoodsAndServicesSold": "59325000", "operatingIncome": "-38516000", "sellingGeneralAndAdministrative": "27023000", "researchAndDevelopment": "46948000", "operatingExpenses": "196846000", "investmentIncomeNet": "None", "netInterestIncome": "None", "interestIncome": "None", "interestExpense": "5539000", "nonInterestIncome": "None", "otherNonOperatingIncome": "344000", "depreciation": "None", "depreciationAndAmortization": "6802000", "incomeBeforeTax": "-43711000", "incomeTaxExpense": "-703000", "interestAndDebtExpense": "None", "netIncomeFromContinuingOperations": "-43008000", "comprehensiveIncomeNetOfTax": "None", "ebit": "-38202000", "ebitda": "-31400000", "netIncome": "-43008000"}, {"fiscalDateEnding": "2014-10-31", "reportedCurrency": "USD", "grossProfit": "138885000", "totalRevenue": "192346000", "costOfRevenue": "53461000", "costofGoodsAndServicesSold": "53461000", "operatingIncome": "-23763000", "sellingGeneralAndAdministrative": "18977000", "researchAndDevelopment": "37305000", "operatingExpenses": "162648000", "investmentIncomeNet": "None", "netInterestIncome": "None", "interestIncome": "None", "interestExpense": "5489000", "nonInterestIncome": "None", "otherNonOperatingIncome": "341000", "depreciation": "None", "depreciationAndAmortization": "6115000", "incomeBeforeTax": "-28911000", "incomeTaxExpense": "1157000", "interestAndDebtExpense": "None", "netIncomeFromContinuingOperations": "-30068000", "comprehensiveIncomeNetOfTax": "None", "ebit": "-23815000", "ebitda": "-17700000", "netIncome": "-30068000"}, {"fiscalDateEnding": "2014-07-31", "reportedCurrency": "USD", "grossProfit": "129624000", "totalRevenue": "178231000", "costOfRevenue": "48607000", "costofGoodsAndServicesSold": "48607000", "operatingIncome": "-25448000", "sellingGeneralAndAdministrative": "15574000", "researchAndDevelopment": "32830000", "operatingExpenses": "155072000", "investmentIncomeNet": "None", "netInterestIncome": "None", "interestIncome": "None", "interestExpense": "1848000", "nonInterestIncome": "None", "otherNonOperatingIncome": "-5560000", "depreciation": "None", "depreciationAndAmortization": "7781000", "incomeBeforeTax": "-32891000", "incomeTaxExpense": "-833000", "interestAndDebtExpense": "None", "netIncomeFromContinuingOperations": "-32058000", "comprehensiveIncomeNetOfTax": "None", "ebit": "-171551000", "ebitda": "-163770000", "netIncome": "-32058000"}, {"fiscalDateEnding": "2014-04-30", "reportedCurrency": "USD", "grossProfit": "110990000", "totalRevenue": "150700000", "costOfRevenue": "39710000", "costofGoodsAndServicesSold": "39710000", "operatingIncome": "-138260000", "sellingGeneralAndAdministrative": "23718000", "researchAndDevelopment": "27837000", "operatingExpenses": "135550000", "investmentIncomeNet": "None", "netInterestIncome": "None", "interestIncome": "None", "interestExpense": "120756000", "nonInterestIncome": "None", "otherNonOperatingIncome": "417000", "depreciation": "None", "depreciationAndAmortization": "4556000", "incomeBeforeTax": "-137843000", "incomeTaxExpense": "1272000", "interestAndDebtExpense": "None", "netIncomeFromContinuingOperations": "-146587000", "comprehensiveIncomeNetOfTax": "None", "ebit": "-110578000", "ebitda": "-106022000", "netIncome": "-139115000"}, {"fiscalDateEnding": "2014-01-31", "reportedCurrency": "USD", "grossProfit": "103564000", "totalRevenue": "141068000", "costOfRevenue": "37504000", "costofGoodsAndServicesSold": "37504000", "operatingIncome": "-37156000", "sellingGeneralAndAdministrative": "39733000", "researchAndDevelopment": "24253000", "operatingExpenses": "140720000", "investmentIncomeNet": "None", "netInterestIncome": "None", "interestIncome": "None", "interestExpense": "184000", "nonInterestIncome": "None", "otherNonOperatingIncome": "-184000", "depreciation": "None", "depreciationAndAmortization": "3936000", "incomeBeforeTax": "-37340000", "incomeTaxExpense": "2606000", "interestAndDebtExpense": "None", "netIncomeFromContinuingOperations": "-39946000", "comprehensiveIncomeNetOfTax": "None", "ebit": "-41092000", "ebitda": "-37156000", "netIncome": "-39946000"}, {"fiscalDateEnding": "2013-10-31", "reportedCurrency": "USD", "grossProfit": "94373000", "totalRevenue": "128180000", "costOfRevenue": "33807000", "costofGoodsAndServicesSold": "33807000", "operatingIncome": "-7011000", "sellingGeneralAndAdministrative": "14125000", "researchAndDevelopment": "19893000", "operatingExpenses": "101384000", "investmentIncomeNet": "None", "netInterestIncome": "None", "interestIncome": "None", "interestExpense": "8000", "nonInterestIncome": "None", "otherNonOperatingIncome": "397000", "depreciation": "None", "depreciationAndAmortization": "3146000", "incomeBeforeTax": "-6614000", "incomeTaxExpense": "1247000", "interestAndDebtExpense": "None", "netIncomeFromContinuingOperations": "-7861000", "comprehensiveIncomeNetOfTax": "None", "ebit": "-7011000", "ebitda": "-3865000", "netIncome": "-7861000"}, {"fiscalDateEnding": "2013-07-31", "reportedCurrency": "USD", "grossProfit": "82127000", "totalRevenue": "112385000", "costOfRevenue": "30258000", "costofGoodsAndServicesSold": "30258000", "operatingIncome": "-6883000", "sellingGeneralAndAdministrative": "11748000", "researchAndDevelopment": "17627000", "operatingExpenses": "89010000", "investmentIncomeNet": "None", "netInterestIncome": "None", "interestIncome": "None", "interestExpense": "5000", "nonInterestIncome": "None", "otherNonOperatingIncome": "5000", "depreciation": "None", "depreciationAndAmortization": "2671000", "incomeBeforeTax": "-6878000", "incomeTaxExpense": "8958000", "interestAndDebtExpense": "None", "netIncomeFromContinuingOperations": "-15836000", "comprehensiveIncomeNetOfTax": "None", "ebit": "-6883000", "ebitda": "-4212000", "netIncome": "-15836000"}, {"fiscalDateEnding": "2013-04-30", "reportedCurrency": "USD", "grossProfit": "73599000", "totalRevenue": "101289000", "costOfRevenue": "27690000", "costofGoodsAndServicesSold": "27690000", "operatingIncome": "-6450000", "sellingGeneralAndAdministrative": "12268000", "researchAndDevelopment": "16048000", "operatingExpenses": "80049000", "investmentIncomeNet": "None", "netInterestIncome": "None", "interestIncome": "None", "interestExpense": "24000", "nonInterestIncome": "None", "otherNonOperatingIncome": "-24000", "depreciation": "None", "depreciationAndAmortization": "2753000", "incomeBeforeTax": "-6474000", "incomeTaxExpense": "808000", "interestAndDebtExpense": "None", "netIncomeFromContinuingOperations": "-7282000", "comprehensiveIncomeNetOfTax": "None", "ebit": "-6450000", "ebitda": "-3697000", "netIncome": "-7282000"}, {"fiscalDateEnding": "2013-01-31", "reportedCurrency": "USD", "grossProfit": "68881000", "totalRevenue": "96499000", "costOfRevenue": "27618000", "costofGoodsAndServicesSold": "27618000", "operatingIncome": "-2157000", "sellingGeneralAndAdministrative": "9747000", "researchAndDevelopment": "15495000", "operatingExpenses": "71038000", "investmentIncomeNet": "None", "netInterestIncome": "None", "interestIncome": "None", "interestExpense": "56000", "nonInterestIncome": "None", "otherNonOperatingIncome": "56000", "depreciation": "None", "depreciationAndAmortization": "2415000", "incomeBeforeTax": "-2101000", "incomeTaxExpense": "512000", "interestAndDebtExpense": "None", "netIncomeFromContinuingOperations": "-2613000", "comprehensiveIncomeNetOfTax": "None", "ebit": "-2157000", "ebitda": "258000", "netIncome": "-2613000"}, {"fiscalDateEnding": "2012-10-31", "reportedCurrency": "USD", "grossProfit": "61744000", "totalRevenue": "85934000", "costOfRevenue": "24190000", "costofGoodsAndServicesSold": "24190000", "operatingIncome": "-3131000", "sellingGeneralAndAdministrative": "8956000", "researchAndDevelopment": "13312000", "operatingExpenses": "64875000", "investmentIncomeNet": "None", "netInterestIncome": "None", "interestIncome": "None", "interestExpense": "72000", "nonInterestIncome": "None", "otherNonOperatingIncome": "-72000", "depreciation": "None", "depreciationAndAmortization": "2053000", "incomeBeforeTax": "-3203000", "incomeTaxExpense": "312000", "interestAndDebtExpense": "None", "netIncomeFromContinuingOperations": "-3515000", "comprehensiveIncomeNetOfTax": "None", "ebit": "-3131000", "ebitda": "-1078000", "netIncome": "-3515000"}, {"fiscalDateEnding": "2012-07-31", "reportedCurrency": "USD", "grossProfit": "54075000", "totalRevenue": "75642000", "costOfRevenue": "21567000", "costofGoodsAndServicesSold": "21567000", "operatingIncome": "-4244000", "sellingGeneralAndAdministrative": "8852000", "researchAndDevelopment": "11746000", "operatingExpenses": "58319000", "investmentIncomeNet": "None", "netInterestIncome": "None", "interestIncome": "None", "interestExpense": "66000", "nonInterestIncome": "None", "otherNonOperatingIncome": "None", "depreciation": "None", "depreciationAndAmortization": "1941000", "incomeBeforeTax": "-4310000", "incomeTaxExpense": "289000", "interestAndDebtExpense": "None", "netIncomeFromContinuingOperations": "0", "comprehensiveIncomeNetOfTax": "None", "ebit": "-6108000", "ebitda": "-4167000", "netIncome": "-4599000"}, {"fiscalDateEnding": "2012-04-30", "reportedCurrency": "USD", "grossProfit": "47067000", "totalRevenue": "65700000", "costOfRevenue": "18633000", "costofGoodsAndServicesSold": "18633000", "operatingIncome": "-41000", "sellingGeneralAndAdministrative": "6430000", "researchAndDevelopment": "10462000", "operatingExpenses": "47108000", "investmentIncomeNet": "None", "netInterestIncome": "None", "interestIncome": "None", "interestExpense": "0", "nonInterestIncome": "None", "otherNonOperatingIncome": "None", "depreciation": "None", "depreciationAndAmortization": "1719000", "incomeBeforeTax": "-41000", "incomeTaxExpense": "-837000", "interestAndDebtExpense": "None", "netIncomeFromContinuingOperations": "0", "comprehensiveIncomeNetOfTax": "None", "ebit": "-41000", "ebitda": "1678000", "netIncome": "796000"}, {"fiscalDateEnding": "2012-01-31", "reportedCurrency": "USD", "grossProfit": "41170000", "totalRevenue": "56683000", "costOfRevenue": "15513000", "costofGoodsAndServicesSold": "15513000", "operatingIncome": "1276000", "sellingGeneralAndAdministrative": "5768000", "researchAndDevelopment": "8514000", "operatingExpenses": "39894000", "investmentIncomeNet": "None", "netInterestIncome": "None", "interestIncome": "None", "interestExpense": "564000", "nonInterestIncome": "None", "otherNonOperatingIncome": "None", "depreciation": "None", "depreciationAndAmortization": "1324000", "incomeBeforeTax": "712000", "incomeTaxExpense": "288000", "interestAndDebtExpense": "None", "netIncomeFromContinuingOperations": "0", "comprehensiveIncomeNetOfTax": "None", "ebit": "1276000", "ebitda": "2600000", "netIncome": "424000"}, {"fiscalDateEnding": "2011-10-31", "reportedCurrency": "USD", "grossProfit": "42273000", "totalRevenue": "57113000", "costOfRevenue": "14840000", "costofGoodsAndServicesSold": "14840000", "operatingIncome": "6900000", "sellingGeneralAndAdministrative": "5157000", "researchAndDevelopment": "7848000", "operatingExpenses": "35373000", "investmentIncomeNet": "None", "netInterestIncome": "None", "interestIncome": "None", "interestExpense": "462000", "nonInterestIncome": "None", "otherNonOperatingIncome": "None", "depreciation": "None", "depreciationAndAmortization": "1150000", "incomeBeforeTax": "6438000", "incomeTaxExpense": "2322000", "interestAndDebtExpense": "None", "netIncomeFromContinuingOperations": "0", "comprehensiveIncomeNetOfTax": "None", "ebit": "6900000", "ebitda": "8050000", "netIncome": "4116000"}, {"fiscalDateEnding": "2011-07-31", "reportedCurrency": "USD", "grossProfit": "28873000", "totalRevenue": "40226000", "costOfRevenue": "11353000", "costofGoodsAndServicesSold": "11353000", "operatingIncome": "-5381000", "sellingGeneralAndAdministrative": "3818000", "researchAndDevelopment": "6929000", "operatingExpenses": "34254000", "investmentIncomeNet": "None", "netInterestIncome": "None", "interestIncome": "None", "interestExpense": "456000", "nonInterestIncome": "None", "otherNonOperatingIncome": "None", "depreciation": "None", "depreciationAndAmortization": "1058000", "incomeBeforeTax": "-5837000", "incomeTaxExpense": "143000", "interestAndDebtExpense": "None", "netIncomeFromContinuingOperations": "0", "comprehensiveIncomeNetOfTax": "None", "ebit": "-5381000", "ebitda": "-4323000", "netIncome": "-5980000"}, {"fiscalDateEnding": "2011-04-30", "reportedCurrency": "USD", "grossProfit": "22889000", "totalRevenue": "31159000", "costOfRevenue": "8270000", "costofGoodsAndServicesSold": "8270000", "operatingIncome": "-2029000", "sellingGeneralAndAdministrative": "4499000", "researchAndDevelopment": "5401000", "operatingExpenses": "24918000", "investmentIncomeNet": "None", "netInterestIncome": "None", "interestIncome": "None", "interestExpense": "591000", "nonInterestIncome": "None", "otherNonOperatingIncome": "None", "depreciation": "None", "depreciationAndAmortization": "444000", "incomeBeforeTax": "-2620000", "incomeTaxExpense": "87000", "interestAndDebtExpense": "None", "netIncomeFromContinuingOperations": "0", "comprehensiveIncomeNetOfTax": "None", "ebit": "-2029000", "ebitda": "-1585000", "netIncome": "-2707000"}, {"fiscalDateEnding": "2011-01-31", "reportedCurrency": "USD", "grossProfit": "0", "totalRevenue": "27050000", "costOfRevenue": "7137000", "costofGoodsAndServicesSold": "7137000", "operatingIncome": "0", "sellingGeneralAndAdministrative": "20718000", "researchAndDevelopment": "4748000", "operatingExpenses": "0", "investmentIncomeNet": "None", "netInterestIncome": "None", "interestIncome": "None", "interestExpense": "0", "nonInterestIncome": "None", "otherNonOperatingIncome": "None", "depreciation": "None", "depreciationAndAmortization": "None", "incomeBeforeTax": "0", "incomeTaxExpense": "132000", "interestAndDebtExpense": "None", "netIncomeFromContinuingOperations": "0", "comprehensiveIncomeNetOfTax": "None", "ebit": "0", "ebitda": "None", "netIncome": "0"}, {"fiscalDateEnding": "2010-10-31", "reportedCurrency": "USD", "grossProfit": "0", "totalRevenue": "20162000", "costOfRevenue": "5513000", "costofGoodsAndServicesSold": "5513000", "operatingIncome": "0", "sellingGeneralAndAdministrative": "16838000", "researchAndDevelopment": "4288000", "operatingExpenses": "0", "investmentIncomeNet": "None", "netInterestIncome": "None", "interestIncome": "None", "interestExpense": "0", "nonInterestIncome": "None", "otherNonOperatingIncome": "None", "depreciation": "None", "depreciationAndAmortization": "None", "incomeBeforeTax": "0", "incomeTaxExpense": "114000", "interestAndDebtExpense": "None", "netIncomeFromContinuingOperations": "0", "comprehensiveIncomeNetOfTax": "None", "ebit": "0", "ebitda": "None", "netIncome": "0"}, {"fiscalDateEnding": "2010-07-31", "reportedCurrency": "USD", "grossProfit": "34259000", "totalRevenue": "48782000", "costOfRevenue": "14523000", "costofGoodsAndServicesSold": "14523000", "operatingIncome": "0", "sellingGeneralAndAdministrative": "59805000", "researchAndDevelopment": "12788000", "operatingExpenses": "0", "investmentIncomeNet": "None", "netInterestIncome": "None", "interestIncome": "None", "interestExpense": "0", "nonInterestIncome": "None", "otherNonOperatingIncome": "None", "depreciation": "None", "depreciationAndAmortization": "None", "incomeBeforeTax": "0", "incomeTaxExpense": "56000", "interestAndDebtExpense": "None", "netIncomeFromContinuingOperations": "0", "comprehensiveIncomeNetOfTax": "None", "ebit": "0", "ebitda": "None", "netIncome": "0"}]}