{"symbol": "REGN", "annualReports": [{"fiscalDateEnding": "2024-12-31", "reportedCurrency": "USD", "grossProfit": "12231500000", "totalRevenue": "14202000000", "costOfRevenue": "1970500000", "costofGoodsAndServicesSold": "1970500000", "operatingIncome": "3990700000", "sellingGeneralAndAdministrative": "2954400000", "researchAndDevelopment": "5132000000", "operatingExpenses": "8240800000", "investmentIncomeNet": "None", "netInterestIncome": "656200000", "interestIncome": "711400000", "interestExpense": "55200000", "nonInterestIncome": "None", "otherNonOperatingIncome": "None", "depreciation": "None", "depreciationAndAmortization": "482900000", "incomeBeforeTax": "4779900000", "incomeTaxExpense": "367300000", "interestAndDebtExpense": "None", "netIncomeFromContinuingOperations": "4412600000", "comprehensiveIncomeNetOfTax": "None", "ebit": "4835100000", "ebitda": "5318000000", "netIncome": "4412600000"}, {"fiscalDateEnding": "2023-12-31", "reportedCurrency": "USD", "grossProfit": "12233500000", "totalRevenue": "13117200000", "costOfRevenue": "883700000", "costofGoodsAndServicesSold": "883700000", "operatingIncome": "4047100000", "sellingGeneralAndAdministrative": "2554100000", "researchAndDevelopment": "4439000000", "operatingExpenses": "7070300000", "investmentIncomeNet": "None", "netInterestIncome": "345600000", "interestIncome": "417700000", "interestExpense": "73000000", "nonInterestIncome": "None", "otherNonOperatingIncome": "None", "depreciation": "None", "depreciationAndAmortization": "421000000", "incomeBeforeTax": "4199300000", "incomeTaxExpense": "245700000", "interestAndDebtExpense": "None", "netIncomeFromContinuingOperations": "3991100000", "comprehensiveIncomeNetOfTax": "None", "ebit": "4047100000", "ebitda": "4047100000", "netIncome": "3953600000"}, {"fiscalDateEnding": "2022-12-31", "reportedCurrency": "USD", "grossProfit": "10612500000", "totalRevenue": "12172900000", "costOfRevenue": "1560400000", "costofGoodsAndServicesSold": "1560400000", "operatingIncome": "4738900000", "sellingGeneralAndAdministrative": "2115900000", "researchAndDevelopment": "3592500000", "operatingExpenses": "5618500000", "investmentIncomeNet": "None", "netInterestIncome": "100700000", "interestIncome": "160100000", "interestExpense": "59400000", "nonInterestIncome": "None", "otherNonOperatingIncome": "179300000", "depreciation": "None", "depreciationAndAmortization": "341400000", "incomeBeforeTax": "4858800000", "incomeTaxExpense": "520400000", "interestAndDebtExpense": "None", "netIncomeFromContinuingOperations": "4338400000", "comprehensiveIncomeNetOfTax": "None", "ebit": "4994000000", "ebitda": "5335400000", "netIncome": "4338400000"}, {"fiscalDateEnding": "2021-12-31", "reportedCurrency": "USD", "grossProfit": "13634200000", "totalRevenue": "16071700000", "costOfRevenue": "2437500000", "costofGoodsAndServicesSold": "2437500000", "operatingIncome": "8946800000", "sellingGeneralAndAdministrative": "1824900000", "researchAndDevelopment": "2908100000", "operatingExpenses": "4687400000", "investmentIncomeNet": "None", "netInterestIncome": "-57300000", "interestIncome": "45800000", "interestExpense": "57300000", "nonInterestIncome": "None", "otherNonOperatingIncome": "436300000", "depreciation": "None", "depreciationAndAmortization": "286200000", "incomeBeforeTax": "9325800000", "incomeTaxExpense": "1250500000", "interestAndDebtExpense": "None", "netIncomeFromContinuingOperations": "8075300000", "comprehensiveIncomeNetOfTax": "None", "ebit": "8994800000", "ebitda": "9281000000", "netIncome": "8075300000"}, {"fiscalDateEnding": "2020-12-31", "reportedCurrency": "USD", "grossProfit": "7377200000", "totalRevenue": "8497100000", "costOfRevenue": "1119900000", "costofGoodsAndServicesSold": "1119900000", "operatingIncome": "3576600000", "sellingGeneralAndAdministrative": "1346000000", "researchAndDevelopment": "2735000000", "operatingExpenses": "3800600000", "investmentIncomeNet": "None", "netInterestIncome": "-56900000", "interestIncome": "None", "interestExpense": "56900000", "nonInterestIncome": "None", "otherNonOperatingIncome": "290700000", "depreciation": "None", "depreciationAndAmortization": "235900000", "incomeBeforeTax": "3810400000", "incomeTaxExpense": "297200000", "interestAndDebtExpense": "None", "netIncomeFromContinuingOperations": "3513200000", "comprehensiveIncomeNetOfTax": "None", "ebit": "3664600000", "ebitda": "3900500000", "netIncome": "3513200000"}, {"fiscalDateEnding": "2019-12-31", "reportedCurrency": "USD", "grossProfit": "7081200000", "totalRevenue": "7863400000", "costOfRevenue": "782200000", "costofGoodsAndServicesSold": "782200000", "operatingIncome": "2209800000", "sellingGeneralAndAdministrative": "1834800000", "researchAndDevelopment": "3036600000", "operatingExpenses": "4871400000", "investmentIncomeNet": "None", "netInterestIncome": "-30200000", "interestIncome": "88100000", "interestExpense": "30200000", "nonInterestIncome": "None", "otherNonOperatingIncome": "249500000", "depreciation": "None", "depreciationAndAmortization": "210300000", "incomeBeforeTax": "2429100000", "incomeTaxExpense": "313300000", "interestAndDebtExpense": "None", "netIncomeFromContinuingOperations": "2115800000", "comprehensiveIncomeNetOfTax": "None", "ebit": "2209800000", "ebitda": "2420100000", "netIncome": "2115800000"}, {"fiscalDateEnding": "2018-12-31", "reportedCurrency": "USD", "grossProfit": "6276700000", "totalRevenue": "6710800000", "costOfRevenue": "434100000", "costofGoodsAndServicesSold": "434100000", "operatingIncome": "2534400000", "sellingGeneralAndAdministrative": "1556200000", "researchAndDevelopment": "2186100000", "operatingExpenses": "3742300000", "investmentIncomeNet": "None", "netInterestIncome": "-28200000", "interestIncome": "13700000", "interestExpense": "28200000", "nonInterestIncome": "None", "otherNonOperatingIncome": "47300000", "depreciation": "None", "depreciationAndAmortization": "148200000", "incomeBeforeTax": "2553500000", "incomeTaxExpense": "109100000", "interestAndDebtExpense": "None", "netIncomeFromContinuingOperations": "2444400000", "comprehensiveIncomeNetOfTax": "None", "ebit": "2534400000", "ebitda": "2682600000", "netIncome": "2444400000"}, {"fiscalDateEnding": "2017-12-31", "reportedCurrency": "USD", "grossProfit": "5475166000", "totalRevenue": "5872227000", "costOfRevenue": "397061000", "costofGoodsAndServicesSold": "397061000", "operatingIncome": "2079591000", "sellingGeneralAndAdministrative": "1320433000", "researchAndDevelopment": "2075142000", "operatingExpenses": "3395575000", "investmentIncomeNet": "None", "netInterestIncome": "-25119000", "interestIncome": "25119000", "interestExpense": "25119000", "nonInterestIncome": "None", "otherNonOperatingIncome": "24039000", "depreciation": "None", "depreciationAndAmortization": "145467000", "incomeBeforeTax": "2078511000", "incomeTaxExpense": "880000000", "interestAndDebtExpense": "None", "netIncomeFromContinuingOperations": "1198511000", "comprehensiveIncomeNetOfTax": "None", "ebit": "2079591000", "ebitda": "2225058000", "netIncome": "1198511000"}, {"fiscalDateEnding": "2016-12-31", "reportedCurrency": "USD", "grossProfit": "4560733000", "totalRevenue": "4860427000", "costOfRevenue": "299694000", "costofGoodsAndServicesSold": "299694000", "operatingIncome": "1330741000", "sellingGeneralAndAdministrative": "1177697000", "researchAndDevelopment": "2052295000", "operatingExpenses": "3229992000", "investmentIncomeNet": "None", "netInterestIncome": "-7195000", "interestIncome": "7195000", "interestExpense": "7195000", "nonInterestIncome": "None", "otherNonOperatingIncome": "6269000", "depreciation": "None", "depreciationAndAmortization": "104745000", "incomeBeforeTax": "1329815000", "incomeTaxExpense": "434293000", "interestAndDebtExpense": "None", "netIncomeFromContinuingOperations": "895522000", "comprehensiveIncomeNetOfTax": "None", "ebit": "1330741000", "ebitda": "1435486000", "netIncome": "895522000"}, {"fiscalDateEnding": "2015-12-31", "reportedCurrency": "USD", "grossProfit": "3711019000", "totalRevenue": "4103728000", "costOfRevenue": "392709000", "costofGoodsAndServicesSold": "392709000", "operatingIncome": "1251916000", "sellingGeneralAndAdministrative": "838526000", "researchAndDevelopment": "1620577000", "operatingExpenses": "2459103000", "investmentIncomeNet": "None", "netInterestIncome": "None", "interestIncome": "14241000", "interestExpense": "14241000", "nonInterestIncome": "None", "otherNonOperatingIncome": "-12578000", "depreciation": "None", "depreciationAndAmortization": "74909000", "incomeBeforeTax": "1225097000", "incomeTaxExpense": "589041000", "interestAndDebtExpense": "None", "netIncomeFromContinuingOperations": "636056000", "comprehensiveIncomeNetOfTax": "None", "ebit": "1251916000", "ebitda": "1326825000", "netIncome": "636056000"}, {"fiscalDateEnding": "2014-12-31", "reportedCurrency": "USD", "grossProfit": "2614539000", "totalRevenue": "2819557000", "costOfRevenue": "205018000", "costofGoodsAndServicesSold": "205018000", "operatingIncome": "838431000", "sellingGeneralAndAdministrative": "504755000", "researchAndDevelopment": "1271353000", "operatingExpenses": "1776108000", "investmentIncomeNet": "None", "netInterestIncome": "None", "interestIncome": "None", "interestExpense": "37372000", "nonInterestIncome": "None", "otherNonOperatingIncome": "-25312000", "depreciation": "None", "depreciationAndAmortization": "52686000", "incomeBeforeTax": "775747000", "incomeTaxExpense": "427673000", "interestAndDebtExpense": "None", "netIncomeFromContinuingOperations": "338126000", "comprehensiveIncomeNetOfTax": "None", "ebit": "838431000", "ebitda": "891117000", "netIncome": "348074000"}, {"fiscalDateEnding": "2013-12-31", "reportedCurrency": "USD", "grossProfit": "1949390000", "totalRevenue": "2104745000", "costOfRevenue": "155355000", "costofGoodsAndServicesSold": "155355000", "operatingIncome": "760028000", "sellingGeneralAndAdministrative": "329415000", "researchAndDevelopment": "859947000", "operatingExpenses": "1189362000", "investmentIncomeNet": "None", "netInterestIncome": "None", "interestIncome": "None", "interestExpense": "46437000", "nonInterestIncome": "None", "otherNonOperatingIncome": "-231000", "depreciation": "None", "depreciationAndAmortization": "41204000", "incomeBeforeTax": "713360000", "incomeTaxExpense": "288998000", "interestAndDebtExpense": "None", "netIncomeFromContinuingOperations": "424362000", "comprehensiveIncomeNetOfTax": "None", "ebit": "760028000", "ebitda": "801232000", "netIncome": "424362000"}, {"fiscalDateEnding": "2012-12-31", "reportedCurrency": "USD", "grossProfit": "1294022000", "totalRevenue": "1378477000", "costOfRevenue": "84455000", "costofGoodsAndServicesSold": "84455000", "operatingIncome": "457713000", "sellingGeneralAndAdministrative": "210755000", "researchAndDevelopment": "625554000", "operatingExpenses": "836309000", "investmentIncomeNet": "None", "netInterestIncome": "None", "interestIncome": "None", "interestExpense": "45304000", "nonInterestIncome": "None", "otherNonOperatingIncome": "2012000", "depreciation": "None", "depreciationAndAmortization": "36940000", "incomeBeforeTax": "414421000", "incomeTaxExpense": "-335848000", "interestAndDebtExpense": "None", "netIncomeFromContinuingOperations": "750269000", "comprehensiveIncomeNetOfTax": "None", "ebit": "457713000", "ebitda": "494653000", "netIncome": "750269000"}, {"fiscalDateEnding": "2011-12-31", "reportedCurrency": "USD", "grossProfit": "441608000", "totalRevenue": "445824000", "costOfRevenue": "4216000", "costofGoodsAndServicesSold": "4216000", "operatingIncome": "-205159000", "sellingGeneralAndAdministrative": "117261000", "researchAndDevelopment": "529506000", "operatingExpenses": "646767000", "investmentIncomeNet": "None", "netInterestIncome": "None", "interestIncome": "None", "interestExpense": "21282000", "nonInterestIncome": "None", "otherNonOperatingIncome": "3549000", "depreciation": "None", "depreciationAndAmortization": "31082000", "incomeBeforeTax": "-222892000", "incomeTaxExpense": "-1132000", "interestAndDebtExpense": "None", "netIncomeFromContinuingOperations": "-221760000", "comprehensiveIncomeNetOfTax": "None", "ebit": "-205159000", "ebitda": "-174077000", "netIncome": "-221760000"}, {"fiscalDateEnding": "2010-12-31", "reportedCurrency": "USD", "grossProfit": "456981000", "totalRevenue": "459074000", "costOfRevenue": "2093000", "costofGoodsAndServicesSold": "2093000", "operatingIncome": "-97472000", "sellingGeneralAndAdministrative": "65201000", "researchAndDevelopment": "489252000", "operatingExpenses": "554453000", "investmentIncomeNet": "None", "netInterestIncome": "None", "interestIncome": "None", "interestExpense": "9118000", "nonInterestIncome": "None", "otherNonOperatingIncome": "2122000", "depreciation": "None", "depreciationAndAmortization": "19687000", "incomeBeforeTax": "-104468000", "incomeTaxExpense": "-2122000", "interestAndDebtExpense": "None", "netIncomeFromContinuingOperations": "-104468000", "comprehensiveIncomeNetOfTax": "None", "ebit": "-97472000", "ebitda": "-77785000", "netIncome": "-104468000"}, {"fiscalDateEnding": "2009-12-31", "reportedCurrency": "USD", "grossProfit": "377582000", "totalRevenue": "379268000", "costOfRevenue": "1686000", "costofGoodsAndServicesSold": "1686000", "operatingIncome": "-74103000", "sellingGeneralAndAdministrative": "52923000", "researchAndDevelopment": "398762000", "operatingExpenses": "451685000", "investmentIncomeNet": "None", "netInterestIncome": "None", "interestIncome": "None", "interestExpense": "2337000", "nonInterestIncome": "None", "otherNonOperatingIncome": "None", "depreciation": "None", "depreciationAndAmortization": "14247000", "incomeBeforeTax": "-71952000", "incomeTaxExpense": "-4122000", "interestAndDebtExpense": "None", "netIncomeFromContinuingOperations": "None", "comprehensiveIncomeNetOfTax": "None", "ebit": "-69615000", "ebitda": "-55368000", "netIncome": "-67830000"}, {"fiscalDateEnding": "2008-12-31", "reportedCurrency": "USD", "grossProfit": "237534000", "totalRevenue": "238457000", "costOfRevenue": "923000", "costofGoodsAndServicesSold": "923000", "operatingIncome": "-89830000", "sellingGeneralAndAdministrative": "49348000", "researchAndDevelopment": "278016000", "operatingExpenses": "327364000", "investmentIncomeNet": "None", "netInterestIncome": "None", "interestIncome": "None", "interestExpense": "7752000", "nonInterestIncome": "None", "otherNonOperatingIncome": "None", "depreciation": "None", "depreciationAndAmortization": "11287000", "incomeBeforeTax": "-80359000", "incomeTaxExpense": "2351000", "interestAndDebtExpense": "None", "netIncomeFromContinuingOperations": "None", "comprehensiveIncomeNetOfTax": "None", "ebit": "-89830000", "ebitda": "-78543000", "netIncome": "-82710000"}, {"fiscalDateEnding": "2007-12-31", "reportedCurrency": "USD", "grossProfit": "125024000", "totalRevenue": "125024000", "costOfRevenue": "227991000", "costofGoodsAndServicesSold": "227991000", "operatingIncome": "-114454000", "sellingGeneralAndAdministrative": "37865000", "researchAndDevelopment": "201613000", "operatingExpenses": "239478000", "investmentIncomeNet": "None", "netInterestIncome": "None", "interestIncome": "None", "interestExpense": "12043000", "nonInterestIncome": "None", "otherNonOperatingIncome": "None", "depreciation": "None", "depreciationAndAmortization": "11487000", "incomeBeforeTax": "-93557000", "incomeTaxExpense": "-29751000", "interestAndDebtExpense": "None", "netIncomeFromContinuingOperations": "None", "comprehensiveIncomeNetOfTax": "None", "ebit": "-93557000", "ebitda": "-82070000", "netIncome": "-105600000"}, {"fiscalDateEnding": "2006-12-31", "reportedCurrency": "USD", "grossProfit": "55301000", "totalRevenue": "63447000", "costOfRevenue": "8146000", "costofGoodsAndServicesSold": "8146000", "operatingIncome": "-107655000", "sellingGeneralAndAdministrative": "25892000", "researchAndDevelopment": "137064000", "operatingExpenses": "162956000", "investmentIncomeNet": "None", "netInterestIncome": "None", "interestIncome": "None", "interestExpense": "16548000", "nonInterestIncome": "None", "otherNonOperatingIncome": "None", "depreciation": "None", "depreciationAndAmortization": "14592000", "incomeBeforeTax": "-91107000", "incomeTaxExpense": "-21866000", "interestAndDebtExpense": "None", "netIncomeFromContinuingOperations": "None", "comprehensiveIncomeNetOfTax": "None", "ebit": "-107655000", "ebitda": "-93063000", "netIncome": "-102337000"}, {"fiscalDateEnding": "2005-12-31", "reportedCurrency": "USD", "grossProfit": "56636000", "totalRevenue": "66193000", "costOfRevenue": "9557000", "costofGoodsAndServicesSold": "9557000", "operatingIncome": "124421000", "sellingGeneralAndAdministrative": "25476000", "researchAndDevelopment": "155581000", "operatingExpenses": "-67785000", "investmentIncomeNet": "None", "netInterestIncome": "None", "interestIncome": "None", "interestExpense": "41021000", "nonInterestIncome": "None", "otherNonOperatingIncome": "None", "depreciation": "None", "depreciationAndAmortization": "15504000", "incomeBeforeTax": "124421000", "incomeTaxExpense": "178846000", "interestAndDebtExpense": "None", "netIncomeFromContinuingOperations": "None", "comprehensiveIncomeNetOfTax": "None", "ebit": "124421000", "ebitda": "139925000", "netIncome": "-95446000"}], "quarterlyReports": [{"fiscalDateEnding": "2024-12-31", "reportedCurrency": "USD", "grossProfit": "3223800000", "totalRevenue": "3789200000", "costOfRevenue": "565400000", "costofGoodsAndServicesSold": "565400000", "operatingIncome": "990200000", "sellingGeneralAndAdministrative": "792200000", "researchAndDevelopment": "1412100000", "operatingExpenses": "2233600000", "investmentIncomeNet": "None", "netInterestIncome": "172600000", "interestIncome": "183100000", "interestExpense": "10500000", "nonInterestIncome": "None", "otherNonOperatingIncome": "None", "depreciation": "None", "depreciationAndAmortization": "126400000", "incomeBeforeTax": "958100000", "incomeTaxExpense": "40400000", "interestAndDebtExpense": "None", "netIncomeFromContinuingOperations": "917700000", "comprehensiveIncomeNetOfTax": "None", "ebit": "968600000", "ebitda": "1095000000", "netIncome": "917700000"}, {"fiscalDateEnding": "2024-09-30", "reportedCurrency": "USD", "grossProfit": "3229600000", "totalRevenue": "3720700000", "costOfRevenue": "491100000", "costofGoodsAndServicesSold": "491100000", "operatingIncome": "1179500000", "sellingGeneralAndAdministrative": "714400000", "researchAndDevelopment": "1271500000", "operatingExpenses": "2050100000", "investmentIncomeNet": "None", "netInterestIncome": "173600000", "interestIncome": "187400000", "interestExpense": "13800000", "nonInterestIncome": "None", "otherNonOperatingIncome": "None", "depreciation": "None", "depreciationAndAmortization": "121700000", "incomeBeforeTax": "1493000000", "incomeTaxExpense": "152400000", "interestAndDebtExpense": "None", "netIncomeFromContinuingOperations": "1340600000", "comprehensiveIncomeNetOfTax": "None", "ebit": "1506800000", "ebitda": "1628500000", "netIncome": "1340600000"}, {"fiscalDateEnding": "2024-06-30", "reportedCurrency": "USD", "grossProfit": "2946200000", "totalRevenue": "3547100000", "costOfRevenue": "600900000", "costofGoodsAndServicesSold": "600900000", "operatingIncome": "1093500000", "sellingGeneralAndAdministrative": "758800000", "researchAndDevelopment": "1079300000", "operatingExpenses": "1852700000", "investmentIncomeNet": "None", "netInterestIncome": "164600000", "interestIncome": "179400000", "interestExpense": "14800000", "nonInterestIncome": "None", "otherNonOperatingIncome": "None", "depreciation": "None", "depreciationAndAmortization": "120700000", "incomeBeforeTax": "1628100000", "incomeTaxExpense": "195800000", "interestAndDebtExpense": "None", "netIncomeFromContinuingOperations": "1432300000", "comprehensiveIncomeNetOfTax": "None", "ebit": "1093500000", "ebitda": "1214200000", "netIncome": "1432300000"}, {"fiscalDateEnding": "2024-03-31", "reportedCurrency": "USD", "grossProfit": "2597100000", "totalRevenue": "3145000000", "costOfRevenue": "547900000", "costofGoodsAndServicesSold": "547900000", "operatingIncome": "758500000", "sellingGeneralAndAdministrative": "689000000", "researchAndDevelopment": "1134300000", "operatingExpenses": "1838600000", "investmentIncomeNet": "None", "netInterestIncome": "145400000", "interestIncome": "161500000", "interestExpense": "16100000", "nonInterestIncome": "None", "otherNonOperatingIncome": "None", "depreciation": "None", "depreciationAndAmortization": "114100000", "incomeBeforeTax": "700700000", "incomeTaxExpense": "-21300000", "interestAndDebtExpense": "None", "netIncomeFromContinuingOperations": "722000000", "comprehensiveIncomeNetOfTax": "None", "ebit": "758500000", "ebitda": "872600000", "netIncome": "722000000"}, {"fiscalDateEnding": "2023-12-31", "reportedCurrency": "USD", "grossProfit": "2917300000", "totalRevenue": "3434300000", "costOfRevenue": "517000000", "costofGoodsAndServicesSold": "517000000", "operatingIncome": "972900000", "sellingGeneralAndAdministrative": "737700000", "researchAndDevelopment": "1177200000", "operatingExpenses": "1914400000", "investmentIncomeNet": "None", "netInterestIncome": "130400000", "interestIncome": "148700000", "interestExpense": "18300000", "nonInterestIncome": "None", "otherNonOperatingIncome": "None", "depreciation": "None", "depreciationAndAmortization": "113000000", "incomeBeforeTax": "1147600000", "incomeTaxExpense": "-12000000", "interestAndDebtExpense": "None", "netIncomeFromContinuingOperations": "1159600000", "comprehensiveIncomeNetOfTax": "None", "ebit": "1002900000", "ebitda": "1115900000", "netIncome": "1159600000"}, {"fiscalDateEnding": "2023-09-30", "reportedCurrency": "USD", "grossProfit": "3150800000", "totalRevenue": "3362700000", "costOfRevenue": "211900000", "costofGoodsAndServicesSold": "211900000", "operatingIncome": "1111000000", "sellingGeneralAndAdministrative": "640500000", "researchAndDevelopment": "1075300000", "operatingExpenses": "1715800000", "investmentIncomeNet": "None", "netInterestIncome": "115900000", "interestIncome": "133700000", "interestExpense": "17800000", "nonInterestIncome": "None", "otherNonOperatingIncome": "None", "depreciation": "None", "depreciationAndAmortization": "105400000", "incomeBeforeTax": "1110800000", "incomeTaxExpense": "103000000", "interestAndDebtExpense": "None", "netIncomeFromContinuingOperations": "1007800000", "comprehensiveIncomeNetOfTax": "None", "ebit": "1211000000", "ebitda": "1316400000", "netIncome": "1007800000"}, {"fiscalDateEnding": "2023-06-30", "reportedCurrency": "USD", "grossProfit": "2753200000", "totalRevenue": "3158100000", "costOfRevenue": "404900000", "costofGoodsAndServicesSold": "404900000", "operatingIncome": "1016500000", "sellingGeneralAndAdministrative": "652000000", "researchAndDevelopment": "1085300000", "operatingExpenses": "1736700000", "investmentIncomeNet": "None", "netInterestIncome": "-18900000", "interestIncome": "118300000", "interestExpense": "18900000", "nonInterestIncome": "None", "otherNonOperatingIncome": "85300000", "depreciation": "None", "depreciationAndAmortization": "103100000", "incomeBeforeTax": "1082900000", "incomeTaxExpense": "114500000", "interestAndDebtExpense": "None", "netIncomeFromContinuingOperations": "968400000", "comprehensiveIncomeNetOfTax": "None", "ebit": "1101800000", "ebitda": "1204900000", "netIncome": "968400000"}, {"fiscalDateEnding": "2023-03-31", "reportedCurrency": "USD", "grossProfit": "2704600000", "totalRevenue": "3162100000", "costOfRevenue": "457500000", "costofGoodsAndServicesSold": "457500000", "operatingIncome": "946700000", "sellingGeneralAndAdministrative": "601100000", "researchAndDevelopment": "1101200000", "operatingExpenses": "1701800000", "investmentIncomeNet": "None", "netInterestIncome": "-18000000", "interestIncome": "95200000", "interestExpense": "18000000", "nonInterestIncome": "None", "otherNonOperatingIncome": "-70700000", "depreciation": "None", "depreciationAndAmortization": "99500000", "incomeBeforeTax": "858000000", "incomeTaxExpense": "40200000", "interestAndDebtExpense": "None", "netIncomeFromContinuingOperations": "817800000", "comprehensiveIncomeNetOfTax": "None", "ebit": "1002800000", "ebitda": "1102300000", "netIncome": "817800000"}, {"fiscalDateEnding": "2022-12-31", "reportedCurrency": "USD", "grossProfit": "2873800000", "totalRevenue": "3414400000", "costOfRevenue": "540600000", "costofGoodsAndServicesSold": "540600000", "operatingIncome": "1146800000", "sellingGeneralAndAdministrative": "660500000", "researchAndDevelopment": "1043100000", "operatingExpenses": "1697000000", "investmentIncomeNet": "None", "netInterestIncome": "-17400000", "interestIncome": "70500000", "interestExpense": "17400000", "nonInterestIncome": "None", "otherNonOperatingIncome": "195300000", "depreciation": "None", "depreciationAndAmortization": "100100000", "incomeBeforeTax": "1324700000", "incomeTaxExpense": "127600000", "interestAndDebtExpense": "None", "netIncomeFromContinuingOperations": "1197100000", "comprehensiveIncomeNetOfTax": "None", "ebit": "1176800000", "ebitda": "1276900000", "netIncome": "1197100000"}, {"fiscalDateEnding": "2022-09-30", "reportedCurrency": "USD", "grossProfit": "2618400000", "totalRevenue": "2936200000", "costOfRevenue": "317800000", "costofGoodsAndServicesSold": "317800000", "operatingIncome": "1223700000", "sellingGeneralAndAdministrative": "529100000", "researchAndDevelopment": "911300000", "operatingExpenses": "1394700000", "investmentIncomeNet": "None", "netInterestIncome": "-15300000", "interestIncome": "None", "interestExpense": "15300000", "nonInterestIncome": "None", "otherNonOperatingIncome": "301400000", "depreciation": "None", "depreciationAndAmortization": "92600000", "incomeBeforeTax": "1509800000", "incomeTaxExpense": "194100000", "interestAndDebtExpense": "None", "netIncomeFromContinuingOperations": "1315700000", "comprehensiveIncomeNetOfTax": "None", "ebit": "1525100000", "ebitda": "1617700000", "netIncome": "1315700000"}, {"fiscalDateEnding": "2022-06-30", "reportedCurrency": "USD", "grossProfit": "2560100000", "totalRevenue": "2857200000", "costOfRevenue": "297100000", "costofGoodsAndServicesSold": "297100000", "operatingIncome": "1109900000", "sellingGeneralAndAdministrative": "476300000", "researchAndDevelopment": "794300000", "operatingExpenses": "1253200000", "investmentIncomeNet": "None", "netInterestIncome": "-13100000", "interestIncome": "None", "interestExpense": "13100000", "nonInterestIncome": "None", "otherNonOperatingIncome": "-133600000", "depreciation": "None", "depreciationAndAmortization": "74400000", "incomeBeforeTax": "963200000", "incomeTaxExpense": "111100000", "interestAndDebtExpense": "None", "netIncomeFromContinuingOperations": "852100000", "comprehensiveIncomeNetOfTax": "None", "ebit": "1306900000", "ebitda": "1381300000", "netIncome": "852100000"}, {"fiscalDateEnding": "2022-03-31", "reportedCurrency": "USD", "grossProfit": "2560200000", "totalRevenue": "2965100000", "costOfRevenue": "404900000", "costofGoodsAndServicesSold": "404900000", "operatingIncome": "1258500000", "sellingGeneralAndAdministrative": "450000000", "researchAndDevelopment": "843800000", "operatingExpenses": "1273600000", "investmentIncomeNet": "None", "netInterestIncome": "-13600000", "interestIncome": "None", "interestExpense": "13600000", "nonInterestIncome": "None", "otherNonOperatingIncome": "-183800000", "depreciation": "None", "depreciationAndAmortization": "74300000", "incomeBeforeTax": "1061100000", "incomeTaxExpense": "87600000", "interestAndDebtExpense": "None", "netIncomeFromContinuingOperations": "973500000", "comprehensiveIncomeNetOfTax": "None", "ebit": "1286600000", "ebitda": "1360900000", "netIncome": "973500000"}, {"fiscalDateEnding": "2021-12-31", "reportedCurrency": "USD", "grossProfit": "3969100000", "totalRevenue": "4951700000", "costOfRevenue": "982600000", "costofGoodsAndServicesSold": "982600000", "operatingIncome": "2639700000", "sellingGeneralAndAdministrative": "559600000", "researchAndDevelopment": "785600000", "operatingExpenses": "1329400000", "investmentIncomeNet": "None", "netInterestIncome": "-14100000", "interestIncome": "None", "interestExpense": "14100000", "nonInterestIncome": "None", "otherNonOperatingIncome": "-122200000", "depreciation": "None", "depreciationAndAmortization": "74500000", "incomeBeforeTax": "2503400000", "incomeTaxExpense": "274400000", "interestAndDebtExpense": "None", "netIncomeFromContinuingOperations": "2229000000", "comprehensiveIncomeNetOfTax": "None", "ebit": "2687700000", "ebitda": "2762200000", "netIncome": "2229000000"}, {"fiscalDateEnding": "2021-09-30", "reportedCurrency": "USD", "grossProfit": "2999600000", "totalRevenue": "3452800000", "costOfRevenue": "453200000", "costofGoodsAndServicesSold": "453200000", "operatingIncome": "1847200000", "sellingGeneralAndAdministrative": "445000000", "researchAndDevelopment": "665400000", "operatingExpenses": "1152400000", "investmentIncomeNet": "None", "netInterestIncome": "-14200000", "interestIncome": "None", "interestExpense": "14200000", "nonInterestIncome": "None", "otherNonOperatingIncome": "-16400000", "depreciation": "None", "depreciationAndAmortization": "73200000", "incomeBeforeTax": "1816600000", "incomeTaxExpense": "184400000", "interestAndDebtExpense": "None", "netIncomeFromContinuingOperations": "1632200000", "comprehensiveIncomeNetOfTax": "None", "ebit": "1830800000", "ebitda": "1904000000", "netIncome": "1632200000"}, {"fiscalDateEnding": "2021-06-30", "reportedCurrency": "USD", "grossProfit": "4444800000", "totalRevenue": "5138500000", "costOfRevenue": "693700000", "costofGoodsAndServicesSold": "693700000", "operatingIncome": "3347200000", "sellingGeneralAndAdministrative": "414700000", "researchAndDevelopment": "714200000", "operatingExpenses": "1097600000", "investmentIncomeNet": "None", "netInterestIncome": "-14400000", "interestIncome": "None", "interestExpense": "14400000", "nonInterestIncome": "None", "otherNonOperatingIncome": "420000000", "depreciation": "None", "depreciationAndAmortization": "71100000", "incomeBeforeTax": "3752800000", "incomeTaxExpense": "653900000", "interestAndDebtExpense": "None", "netIncomeFromContinuingOperations": "3098900000", "comprehensiveIncomeNetOfTax": "None", "ebit": "3767200000", "ebitda": "3838300000", "netIncome": "3098900000"}, {"fiscalDateEnding": "2021-03-31", "reportedCurrency": "USD", "grossProfit": "2220700000", "totalRevenue": "2528700000", "costOfRevenue": "308000000", "costofGoodsAndServicesSold": "308000000", "operatingIncome": "1112700000", "sellingGeneralAndAdministrative": "405600000", "researchAndDevelopment": "742900000", "operatingExpenses": "1108000000", "investmentIncomeNet": "None", "netInterestIncome": "-14600000", "interestIncome": "None", "interestExpense": "14600000", "nonInterestIncome": "None", "otherNonOperatingIncome": "154900000", "depreciation": "None", "depreciationAndAmortization": "67400000", "incomeBeforeTax": "1253000000", "incomeTaxExpense": "137800000", "interestAndDebtExpense": "None", "netIncomeFromContinuingOperations": "1115200000", "comprehensiveIncomeNetOfTax": "None", "ebit": "1267600000", "ebitda": "1335000000", "netIncome": "1115200000"}, {"fiscalDateEnding": "2020-12-31", "reportedCurrency": "USD", "grossProfit": "2069800000", "totalRevenue": "2422900000", "costOfRevenue": "353100000", "costofGoodsAndServicesSold": "353100000", "operatingIncome": "1167000000", "sellingGeneralAndAdministrative": "367300000", "researchAndDevelopment": "744500000", "operatingExpenses": "902800000", "investmentIncomeNet": "None", "netInterestIncome": "-14800000", "interestIncome": "None", "interestExpense": "14800000", "nonInterestIncome": "None", "otherNonOperatingIncome": "72400000", "depreciation": "None", "depreciationAndAmortization": "61700000", "incomeBeforeTax": "1224600000", "incomeTaxExpense": "75400000", "interestAndDebtExpense": "None", "netIncomeFromContinuingOperations": "1149200000", "comprehensiveIncomeNetOfTax": "None", "ebit": "1167000000", "ebitda": "1228700000", "netIncome": "1149200000"}, {"fiscalDateEnding": "2020-09-30", "reportedCurrency": "USD", "grossProfit": "2020000000", "totalRevenue": "2294000000", "costOfRevenue": "274000000", "costofGoodsAndServicesSold": "274000000", "operatingIncome": "1053100000", "sellingGeneralAndAdministrative": "326900000", "researchAndDevelopment": "684600000", "operatingExpenses": "966900000", "investmentIncomeNet": "None", "netInterestIncome": "-26300000", "interestIncome": "None", "interestExpense": "26300000", "nonInterestIncome": "None", "otherNonOperatingIncome": "-28500000", "depreciation": "None", "depreciationAndAmortization": "59300000", "incomeBeforeTax": "998300000", "incomeTaxExpense": "156200000", "interestAndDebtExpense": "None", "netIncomeFromContinuingOperations": "842100000", "comprehensiveIncomeNetOfTax": "None", "ebit": "1024600000", "ebitda": "1083900000", "netIncome": "842100000"}, {"fiscalDateEnding": "2020-06-30", "reportedCurrency": "USD", "grossProfit": "1676500000", "totalRevenue": "1952000000", "costOfRevenue": "275500000", "costofGoodsAndServicesSold": "275500000", "operatingIncome": "656400000", "sellingGeneralAndAdministrative": "348300000", "researchAndDevelopment": "722000000", "operatingExpenses": "1020100000", "investmentIncomeNet": "None", "netInterestIncome": "-9700000", "interestIncome": "None", "interestExpense": "9700000", "nonInterestIncome": "None", "otherNonOperatingIncome": "272200000", "depreciation": "None", "depreciationAndAmortization": "58800000", "incomeBeforeTax": "918900000", "incomeTaxExpense": "21600000", "interestAndDebtExpense": "None", "netIncomeFromContinuingOperations": "897300000", "comprehensiveIncomeNetOfTax": "None", "ebit": "928600000", "ebitda": "987400000", "netIncome": "897300000"}, {"fiscalDateEnding": "2020-03-31", "reportedCurrency": "USD", "grossProfit": "1610900000", "totalRevenue": "1828200000", "costOfRevenue": "217300000", "costofGoodsAndServicesSold": "217300000", "operatingIncome": "700100000", "sellingGeneralAndAdministrative": "367300000", "researchAndDevelopment": "583900000", "operatingExpenses": "910800000", "investmentIncomeNet": "None", "netInterestIncome": "-6100000", "interestIncome": "62900000", "interestExpense": "6100000", "nonInterestIncome": "None", "otherNonOperatingIncome": "-25400000", "depreciation": "None", "depreciationAndAmortization": "56100000", "incomeBeforeTax": "668600000", "incomeTaxExpense": "44000000", "interestAndDebtExpense": "None", "netIncomeFromContinuingOperations": "624600000", "comprehensiveIncomeNetOfTax": "None", "ebit": "674700000", "ebitda": "730800000", "netIncome": "624600000"}, {"fiscalDateEnding": "2019-12-31", "reportedCurrency": "USD", "grossProfit": "1945600000", "totalRevenue": "2169500000", "costOfRevenue": "223900000", "costofGoodsAndServicesSold": "223900000", "operatingIncome": "675700000", "sellingGeneralAndAdministrative": "586800000", "researchAndDevelopment": "683100000", "operatingExpenses": "1269900000", "investmentIncomeNet": "None", "netInterestIncome": "-6700000", "interestIncome": "53200000", "interestExpense": "6700000", "nonInterestIncome": "None", "otherNonOperatingIncome": "220800000", "depreciation": "None", "depreciationAndAmortization": "54300000", "incomeBeforeTax": "889800000", "incomeTaxExpense": "97800000", "interestAndDebtExpense": "None", "netIncomeFromContinuingOperations": "792000000", "comprehensiveIncomeNetOfTax": "None", "ebit": "710900000", "ebitda": "765200000", "netIncome": "792000000"}, {"fiscalDateEnding": "2019-09-30", "reportedCurrency": "USD", "grossProfit": "1821800000", "totalRevenue": "2048400000", "costOfRevenue": "226600000", "costofGoodsAndServicesSold": "226600000", "operatingIncome": "738500000", "sellingGeneralAndAdministrative": "419900000", "researchAndDevelopment": "663400000", "operatingExpenses": "1083300000", "investmentIncomeNet": "None", "netInterestIncome": "-7800000", "interestIncome": "7900000", "interestExpense": "7800000", "nonInterestIncome": "None", "otherNonOperatingIncome": "37800000", "depreciation": "None", "depreciationAndAmortization": "52900000", "incomeBeforeTax": "768500000", "incomeTaxExpense": "98900000", "interestAndDebtExpense": "None", "netIncomeFromContinuingOperations": "669600000", "comprehensiveIncomeNetOfTax": "None", "ebit": "776300000", "ebitda": "829200000", "netIncome": "669600000"}, {"fiscalDateEnding": "2019-06-30", "reportedCurrency": "USD", "grossProfit": "1781200000", "totalRevenue": "1933700000", "costOfRevenue": "152500000", "costofGoodsAndServicesSold": "152500000", "operatingIncome": "315600000", "sellingGeneralAndAdministrative": "417300000", "researchAndDevelopment": "1048300000", "operatingExpenses": "1465600000", "investmentIncomeNet": "None", "netInterestIncome": "-8000000", "interestIncome": "124900000", "interestExpense": "8000000", "nonInterestIncome": "None", "otherNonOperatingIncome": "-82900000", "depreciation": "None", "depreciationAndAmortization": "52100000", "incomeBeforeTax": "224700000", "incomeTaxExpense": "31600000", "interestAndDebtExpense": "None", "netIncomeFromContinuingOperations": "193100000", "comprehensiveIncomeNetOfTax": "None", "ebit": "232700000", "ebitda": "284800000", "netIncome": "193100000"}, {"fiscalDateEnding": "2019-03-31", "reportedCurrency": "USD", "grossProfit": "1532600000", "totalRevenue": "1711800000", "costOfRevenue": "179200000", "costofGoodsAndServicesSold": "179200000", "operatingIncome": "480000000", "sellingGeneralAndAdministrative": "410800000", "researchAndDevelopment": "641800000", "operatingExpenses": "1052600000", "investmentIncomeNet": "None", "netInterestIncome": "-7700000", "interestIncome": "35100000", "interestExpense": "7700000", "nonInterestIncome": "None", "otherNonOperatingIncome": "73800000", "depreciation": "None", "depreciationAndAmortization": "51000000", "incomeBeforeTax": "546100000", "incomeTaxExpense": "85000000", "interestAndDebtExpense": "None", "netIncomeFromContinuingOperations": "461100000", "comprehensiveIncomeNetOfTax": "None", "ebit": "553800000", "ebitda": "604800000", "netIncome": "461100000"}, {"fiscalDateEnding": "2018-12-31", "reportedCurrency": "USD", "grossProfit": "1810600000", "totalRevenue": "1927800000", "costOfRevenue": "117200000", "costofGoodsAndServicesSold": "117200000", "operatingIncome": "718100000", "sellingGeneralAndAdministrative": "491314000", "researchAndDevelopment": "601200000", "operatingExpenses": "1092500000", "investmentIncomeNet": "None", "netInterestIncome": "None", "interestIncome": "None", "interestExpense": "7349000", "nonInterestIncome": "None", "otherNonOperatingIncome": "-34542000", "depreciation": "None", "depreciationAndAmortization": "42759000", "incomeBeforeTax": "676200000", "incomeTaxExpense": "-144200000", "interestAndDebtExpense": "None", "netIncomeFromContinuingOperations": "820353000", "comprehensiveIncomeNetOfTax": "None", "ebit": "683549000", "ebitda": "726308000", "netIncome": "820400000"}, {"fiscalDateEnding": "2018-09-30", "reportedCurrency": "USD", "grossProfit": "1553127000", "totalRevenue": "1663496000", "costOfRevenue": "110369000", "costofGoodsAndServicesSold": "110369000", "operatingIncome": "626923000", "sellingGeneralAndAdministrative": "369232000", "researchAndDevelopment": "556972000", "operatingExpenses": "926204000", "investmentIncomeNet": "None", "netInterestIncome": "None", "interestIncome": "None", "interestExpense": "7494000", "nonInterestIncome": "None", "otherNonOperatingIncome": "16432000", "depreciation": "None", "depreciationAndAmortization": "35441000", "incomeBeforeTax": "635861000", "incomeTaxExpense": "41206000", "interestAndDebtExpense": "None", "netIncomeFromContinuingOperations": "594655000", "comprehensiveIncomeNetOfTax": "None", "ebit": "643355000", "ebitda": "678796000", "netIncome": "594655000"}, {"fiscalDateEnding": "2018-06-30", "reportedCurrency": "USD", "grossProfit": "1516361000", "totalRevenue": "1608022000", "costOfRevenue": "91661000", "costofGoodsAndServicesSold": "91661000", "operatingIncome": "622188000", "sellingGeneralAndAdministrative": "364884000", "researchAndDevelopment": "529289000", "operatingExpenses": "894173000", "investmentIncomeNet": "None", "netInterestIncome": "None", "interestIncome": "None", "interestExpense": "6918000", "nonInterestIncome": "None", "otherNonOperatingIncome": "40804000", "depreciation": "None", "depreciationAndAmortization": "33642000", "incomeBeforeTax": "656074000", "incomeTaxExpense": "104662000", "interestAndDebtExpense": "None", "netIncomeFromContinuingOperations": "551412000", "comprehensiveIncomeNetOfTax": "None", "ebit": "662958000", "ebitda": "696600000", "netIncome": "551412000"}, {"fiscalDateEnding": "2018-03-31", "reportedCurrency": "USD", "grossProfit": "1396587000", "totalRevenue": "1511485000", "costOfRevenue": "114898000", "costofGoodsAndServicesSold": "114898000", "operatingIncome": "567231000", "sellingGeneralAndAdministrative": "330770000", "researchAndDevelopment": "498586000", "operatingExpenses": "829356000", "investmentIncomeNet": "None", "netInterestIncome": "None", "interestIncome": "None", "interestExpense": "6439000", "nonInterestIncome": "None", "otherNonOperatingIncome": "24606000", "depreciation": "None", "depreciationAndAmortization": "36358000", "incomeBeforeTax": "585398000", "incomeTaxExpense": "107418000", "interestAndDebtExpense": "None", "netIncomeFromContinuingOperations": "477980000", "comprehensiveIncomeNetOfTax": "None", "ebit": "591837000", "ebitda": "628195000", "netIncome": "477980000"}, {"fiscalDateEnding": "2017-12-31", "reportedCurrency": "USD", "grossProfit": "1476707000", "totalRevenue": "1582447000", "costOfRevenue": "105740000", "costofGoodsAndServicesSold": "105740000", "operatingIncome": "538811000", "sellingGeneralAndAdministrative": "409913000", "researchAndDevelopment": "527983000", "operatingExpenses": "937896000", "investmentIncomeNet": "None", "netInterestIncome": "None", "interestIncome": "None", "interestExpense": "6035000", "nonInterestIncome": "None", "otherNonOperatingIncome": "21991000", "depreciation": "None", "depreciationAndAmortization": "34507000", "incomeBeforeTax": "554767000", "incomeTaxExpense": "381248000", "interestAndDebtExpense": "None", "netIncomeFromContinuingOperations": "173519000", "comprehensiveIncomeNetOfTax": "None", "ebit": "560802000", "ebitda": "595309000", "netIncome": "173519000"}, {"fiscalDateEnding": "2017-09-30", "reportedCurrency": "USD", "grossProfit": "1396441000", "totalRevenue": "1500673000", "costOfRevenue": "104232000", "costofGoodsAndServicesSold": "104232000", "operatingIncome": "559926000", "sellingGeneralAndAdministrative": "306766000", "researchAndDevelopment": "529749000", "operatingExpenses": "836515000", "investmentIncomeNet": "None", "netInterestIncome": "None", "interestIncome": "None", "interestExpense": "6182000", "nonInterestIncome": "None", "otherNonOperatingIncome": "11861000", "depreciation": "None", "depreciationAndAmortization": "37719000", "incomeBeforeTax": "565605000", "incomeTaxExpense": "177288000", "interestAndDebtExpense": "None", "netIncomeFromContinuingOperations": "388317000", "comprehensiveIncomeNetOfTax": "None", "ebit": "571787000", "ebitda": "609506000", "netIncome": "388317000"}, {"fiscalDateEnding": "2017-06-30", "reportedCurrency": "USD", "grossProfit": "1367195000", "totalRevenue": "1470116000", "costOfRevenue": "102921000", "costofGoodsAndServicesSold": "102921000", "operatingIncome": "550312000", "sellingGeneralAndAdministrative": "306908000", "researchAndDevelopment": "509975000", "operatingExpenses": "816883000", "investmentIncomeNet": "None", "netInterestIncome": "None", "interestIncome": "None", "interestExpense": "5401000", "nonInterestIncome": "None", "otherNonOperatingIncome": "-19061000", "depreciation": "None", "depreciationAndAmortization": "35126000", "incomeBeforeTax": "525850000", "incomeTaxExpense": "138106000", "interestAndDebtExpense": "None", "netIncomeFromContinuingOperations": "387744000", "comprehensiveIncomeNetOfTax": "None", "ebit": "531251000", "ebitda": "566377000", "netIncome": "387744000"}, {"fiscalDateEnding": "2017-03-31", "reportedCurrency": "USD", "grossProfit": "1234823000", "totalRevenue": "1318991000", "costOfRevenue": "84168000", "costofGoodsAndServicesSold": "84168000", "operatingIncome": "430542000", "sellingGeneralAndAdministrative": "296846000", "researchAndDevelopment": "507435000", "operatingExpenses": "804281000", "investmentIncomeNet": "None", "netInterestIncome": "None", "interestIncome": "None", "interestExpense": "7501000", "nonInterestIncome": "None", "otherNonOperatingIncome": "9248000", "depreciation": "None", "depreciationAndAmortization": "38115000", "incomeBeforeTax": "432289000", "incomeTaxExpense": "183358000", "interestAndDebtExpense": "None", "netIncomeFromContinuingOperations": "248931000", "comprehensiveIncomeNetOfTax": "None", "ebit": "439790000", "ebitda": "477905000", "netIncome": "248931000"}, {"fiscalDateEnding": "2016-12-31", "reportedCurrency": "USD", "grossProfit": "1152146000", "totalRevenue": "1226827000", "costOfRevenue": "74681000", "costofGoodsAndServicesSold": "74681000", "operatingIncome": "347003000", "sellingGeneralAndAdministrative": "325937000", "researchAndDevelopment": "479206000", "operatingExpenses": "805143000", "investmentIncomeNet": "None", "netInterestIncome": "None", "interestIncome": "None", "interestExpense": "3394000", "nonInterestIncome": "None", "otherNonOperatingIncome": "1719000", "depreciation": "None", "depreciationAndAmortization": "28900000", "incomeBeforeTax": "341527000", "incomeTaxExpense": "88412000", "interestAndDebtExpense": "None", "netIncomeFromContinuingOperations": "268764000", "comprehensiveIncomeNetOfTax": "None", "ebit": "347003000", "ebitda": "375903000", "netIncome": "253115000"}, {"fiscalDateEnding": "2016-09-30", "reportedCurrency": "USD", "grossProfit": "1175894000", "totalRevenue": "1220122000", "costOfRevenue": "44228000", "costofGoodsAndServicesSold": "44228000", "operatingIncome": "362802000", "sellingGeneralAndAdministrative": "270045000", "researchAndDevelopment": "543047000", "operatingExpenses": "813092000", "investmentIncomeNet": "None", "netInterestIncome": "None", "interestIncome": "None", "interestExpense": "222000", "nonInterestIncome": "None", "otherNonOperatingIncome": "3079000", "depreciation": "None", "depreciationAndAmortization": "27839000", "incomeBeforeTax": "365881000", "incomeTaxExpense": "101077000", "interestAndDebtExpense": "None", "netIncomeFromContinuingOperations": "264804000", "comprehensiveIncomeNetOfTax": "None", "ebit": "362802000", "ebitda": "390641000", "netIncome": "264804000"}, {"fiscalDateEnding": "2016-06-30", "reportedCurrency": "USD", "grossProfit": "1143596000", "totalRevenue": "1212629000", "costOfRevenue": "69033000", "costofGoodsAndServicesSold": "69033000", "operatingIncome": "291628000", "sellingGeneralAndAdministrative": "292038000", "researchAndDevelopment": "559930000", "operatingExpenses": "851968000", "investmentIncomeNet": "None", "netInterestIncome": "None", "interestIncome": "None", "interestExpense": "2173000", "nonInterestIncome": "None", "otherNonOperatingIncome": "628000", "depreciation": "None", "depreciationAndAmortization": "25029000", "incomeBeforeTax": "292256000", "incomeTaxExpense": "96038000", "interestAndDebtExpense": "None", "netIncomeFromContinuingOperations": "196218000", "comprehensiveIncomeNetOfTax": "None", "ebit": "291628000", "ebitda": "316657000", "netIncome": "196218000"}, {"fiscalDateEnding": "2016-03-31", "reportedCurrency": "USD", "grossProfit": "1089097000", "totalRevenue": "1200849000", "costOfRevenue": "111752000", "costofGoodsAndServicesSold": "111752000", "operatingIncome": "329308000", "sellingGeneralAndAdministrative": "289677000", "researchAndDevelopment": "470112000", "operatingExpenses": "759789000", "investmentIncomeNet": "None", "netInterestIncome": "None", "interestIncome": "None", "interestExpense": "1406000", "nonInterestIncome": "None", "otherNonOperatingIncome": "843000", "depreciation": "None", "depreciationAndAmortization": "22977000", "incomeBeforeTax": "330151000", "incomeTaxExpense": "164415000", "interestAndDebtExpense": "None", "netIncomeFromContinuingOperations": "165736000", "comprehensiveIncomeNetOfTax": "None", "ebit": "329308000", "ebitda": "352285000", "netIncome": "165736000"}, {"fiscalDateEnding": "2015-12-31", "reportedCurrency": "USD", "grossProfit": "987246000", "totalRevenue": "1098077000", "costOfRevenue": "110831000", "costofGoodsAndServicesSold": "110831000", "operatingIncome": "231082000", "sellingGeneralAndAdministrative": "294954000", "researchAndDevelopment": "461210000", "operatingExpenses": "756164000", "investmentIncomeNet": "None", "netInterestIncome": "None", "interestIncome": "None", "interestExpense": "3609000", "nonInterestIncome": "None", "otherNonOperatingIncome": "-184000", "depreciation": "None", "depreciationAndAmortization": "22910000", "incomeBeforeTax": "227289000", "incomeTaxExpense": "72295000", "interestAndDebtExpense": "None", "netIncomeFromContinuingOperations": "154994000", "comprehensiveIncomeNetOfTax": "None", "ebit": "231082000", "ebitda": "253992000", "netIncome": "154994000"}, {"fiscalDateEnding": "2015-09-30", "reportedCurrency": "USD", "grossProfit": "1028339000", "totalRevenue": "1137422000", "costOfRevenue": "109083000", "costofGoodsAndServicesSold": "109083000", "operatingIncome": "392422000", "sellingGeneralAndAdministrative": "209993000", "researchAndDevelopment": "425924000", "operatingExpenses": "635917000", "investmentIncomeNet": "None", "netInterestIncome": "None", "interestIncome": "None", "interestExpense": "1715000", "nonInterestIncome": "None", "otherNonOperatingIncome": "2582000", "depreciation": "None", "depreciationAndAmortization": "20674000", "incomeBeforeTax": "393289000", "incomeTaxExpense": "182891000", "interestAndDebtExpense": "None", "netIncomeFromContinuingOperations": "210398000", "comprehensiveIncomeNetOfTax": "None", "ebit": "392422000", "ebitda": "413096000", "netIncome": "210398000"}, {"fiscalDateEnding": "2015-06-30", "reportedCurrency": "USD", "grossProfit": "909777000", "totalRevenue": "998617000", "costOfRevenue": "88840000", "costofGoodsAndServicesSold": "88840000", "operatingIncome": "344859000", "sellingGeneralAndAdministrative": "174588000", "researchAndDevelopment": "390330000", "operatingExpenses": "564918000", "investmentIncomeNet": "None", "netInterestIncome": "None", "interestIncome": "None", "interestExpense": "2748000", "nonInterestIncome": "None", "otherNonOperatingIncome": "-14115000", "depreciation": "None", "depreciationAndAmortization": "15298000", "incomeBeforeTax": "327996000", "incomeTaxExpense": "133353000", "interestAndDebtExpense": "None", "netIncomeFromContinuingOperations": "194643000", "comprehensiveIncomeNetOfTax": "None", "ebit": "344859000", "ebitda": "360157000", "netIncome": "194643000"}, {"fiscalDateEnding": "2015-03-31", "reportedCurrency": "USD", "grossProfit": "785657000", "totalRevenue": "869612000", "costOfRevenue": "83955000", "costofGoodsAndServicesSold": "83955000", "operatingIncome": "283553000", "sellingGeneralAndAdministrative": "158991000", "researchAndDevelopment": "343113000", "operatingExpenses": "502104000", "investmentIncomeNet": "None", "netInterestIncome": "None", "interestIncome": "None", "interestExpense": "6169000", "nonInterestIncome": "None", "otherNonOperatingIncome": "-861000", "depreciation": "None", "depreciationAndAmortization": "16027000", "incomeBeforeTax": "276523000", "incomeTaxExpense": "200502000", "interestAndDebtExpense": "None", "netIncomeFromContinuingOperations": "76021000", "comprehensiveIncomeNetOfTax": "None", "ebit": "283553000", "ebitda": "299580000", "netIncome": "76021000"}, {"fiscalDateEnding": "2014-12-31", "reportedCurrency": "USD", "grossProfit": "742855000", "totalRevenue": "802329000", "costOfRevenue": "59474000", "costofGoodsAndServicesSold": "59474000", "operatingIncome": "247367000", "sellingGeneralAndAdministrative": "143743000", "researchAndDevelopment": "351745000", "operatingExpenses": "495488000", "investmentIncomeNet": "None", "netInterestIncome": "None", "interestIncome": "None", "interestExpense": "6350000", "nonInterestIncome": "None", "otherNonOperatingIncome": "-19730000", "depreciation": "None", "depreciationAndAmortization": "14135000", "incomeBeforeTax": "221287000", "incomeTaxExpense": "111111000", "interestAndDebtExpense": "None", "netIncomeFromContinuingOperations": "110176000", "comprehensiveIncomeNetOfTax": "None", "ebit": "215803000", "ebitda": "229938000", "netIncome": "110176000"}, {"fiscalDateEnding": "2014-09-30", "reportedCurrency": "USD", "grossProfit": "670195000", "totalRevenue": "725788000", "costOfRevenue": "55593000", "costofGoodsAndServicesSold": "55593000", "operatingIncome": "182719000", "sellingGeneralAndAdministrative": "149748000", "researchAndDevelopment": "337728000", "operatingExpenses": "487476000", "investmentIncomeNet": "None", "netInterestIncome": "None", "interestIncome": "None", "interestExpense": "9232000", "nonInterestIncome": "None", "otherNonOperatingIncome": "2591000", "depreciation": "None", "depreciationAndAmortization": "14005000", "incomeBeforeTax": "176078000", "incomeTaxExpense": "96358000", "interestAndDebtExpense": "None", "netIncomeFromContinuingOperations": "79720000", "comprehensiveIncomeNetOfTax": "None", "ebit": "182719000", "ebitda": "196724000", "netIncome": "79720000"}, {"fiscalDateEnding": "2014-06-30", "reportedCurrency": "USD", "grossProfit": "619321000", "totalRevenue": "665700000", "costOfRevenue": "46379000", "costofGoodsAndServicesSold": "46379000", "operatingIncome": "222406000", "sellingGeneralAndAdministrative": "102414000", "researchAndDevelopment": "294501000", "operatingExpenses": "396915000", "investmentIncomeNet": "None", "netInterestIncome": "None", "interestIncome": "None", "interestExpense": "10177000", "nonInterestIncome": "None", "otherNonOperatingIncome": "-9110000", "depreciation": "None", "depreciationAndAmortization": "13016000", "incomeBeforeTax": "203119000", "incomeTaxExpense": "110384000", "interestAndDebtExpense": "None", "netIncomeFromContinuingOperations": "92735000", "comprehensiveIncomeNetOfTax": "None", "ebit": "222406000", "ebitda": "235422000", "netIncome": "92735000"}, {"fiscalDateEnding": "2014-03-31", "reportedCurrency": "USD", "grossProfit": "582168000", "totalRevenue": "625740000", "costOfRevenue": "43572000", "costofGoodsAndServicesSold": "43572000", "operatingIncome": "185939000", "sellingGeneralAndAdministrative": "108850000", "researchAndDevelopment": "287379000", "operatingExpenses": "396229000", "investmentIncomeNet": "None", "netInterestIncome": "None", "interestIncome": "None", "interestExpense": "11613000", "nonInterestIncome": "None", "otherNonOperatingIncome": "937000", "depreciation": "None", "depreciationAndAmortization": "11530000", "incomeBeforeTax": "175263000", "incomeTaxExpense": "109820000", "interestAndDebtExpense": "None", "netIncomeFromContinuingOperations": "65443000", "comprehensiveIncomeNetOfTax": "None", "ebit": "185939000", "ebitda": "197469000", "netIncome": "65443000"}, {"fiscalDateEnding": "2013-12-31", "reportedCurrency": "USD", "grossProfit": "562298000", "totalRevenue": "610412000", "costOfRevenue": "48114000", "costofGoodsAndServicesSold": "48114000", "operatingIncome": "212073000", "sellingGeneralAndAdministrative": "82085000", "researchAndDevelopment": "268140000", "operatingExpenses": "350225000", "investmentIncomeNet": "None", "netInterestIncome": "None", "interestIncome": "None", "interestExpense": "11661000", "nonInterestIncome": "None", "otherNonOperatingIncome": "-2259000", "depreciation": "None", "depreciationAndAmortization": "11292000", "incomeBeforeTax": "198153000", "incomeTaxExpense": "101347000", "interestAndDebtExpense": "None", "netIncomeFromContinuingOperations": "96806000", "comprehensiveIncomeNetOfTax": "None", "ebit": "212073000", "ebitda": "223365000", "netIncome": "96806000"}, {"fiscalDateEnding": "2013-09-30", "reportedCurrency": "USD", "grossProfit": "558454000", "totalRevenue": "597027000", "costOfRevenue": "38573000", "costofGoodsAndServicesSold": "38573000", "operatingIncome": "236802000", "sellingGeneralAndAdministrative": "97607000", "researchAndDevelopment": "224045000", "operatingExpenses": "321652000", "investmentIncomeNet": "None", "netInterestIncome": "None", "interestIncome": "None", "interestExpense": "11736000", "nonInterestIncome": "None", "otherNonOperatingIncome": "618000", "depreciation": "None", "depreciationAndAmortization": "10803000", "incomeBeforeTax": "225684000", "incomeTaxExpense": "84378000", "interestAndDebtExpense": "None", "netIncomeFromContinuingOperations": "141306000", "comprehensiveIncomeNetOfTax": "None", "ebit": "236802000", "ebitda": "247605000", "netIncome": "141306000"}, {"fiscalDateEnding": "2013-06-30", "reportedCurrency": "USD", "grossProfit": "418029000", "totalRevenue": "457642000", "costOfRevenue": "39613000", "costofGoodsAndServicesSold": "39613000", "operatingIncome": "158103000", "sellingGeneralAndAdministrative": "72463000", "researchAndDevelopment": "187463000", "operatingExpenses": "259926000", "investmentIncomeNet": "None", "netInterestIncome": "None", "interestIncome": "None", "interestExpense": "11365000", "nonInterestIncome": "None", "otherNonOperatingIncome": "954000", "depreciation": "None", "depreciationAndAmortization": "9702000", "incomeBeforeTax": "147692000", "incomeTaxExpense": "60316000", "interestAndDebtExpense": "None", "netIncomeFromContinuingOperations": "87376000", "comprehensiveIncomeNetOfTax": "None", "ebit": "159057000", "ebitda": "168759000", "netIncome": "87376000"}, {"fiscalDateEnding": "2013-03-31", "reportedCurrency": "USD", "grossProfit": "410609000", "totalRevenue": "439664000", "costOfRevenue": "29055000", "costofGoodsAndServicesSold": "29055000", "operatingIncome": "153050000", "sellingGeneralAndAdministrative": "77260000", "researchAndDevelopment": "180299000", "operatingExpenses": "257559000", "investmentIncomeNet": "None", "netInterestIncome": "None", "interestIncome": "None", "interestExpense": "11675000", "nonInterestIncome": "None", "otherNonOperatingIncome": "456000", "depreciation": "None", "depreciationAndAmortization": "9407000", "incomeBeforeTax": "141831000", "incomeTaxExpense": "42957000", "interestAndDebtExpense": "None", "netIncomeFromContinuingOperations": "98874000", "comprehensiveIncomeNetOfTax": "None", "ebit": "153506000", "ebitda": "162913000", "netIncome": "98874000"}, {"fiscalDateEnding": "2012-12-31", "reportedCurrency": "USD", "grossProfit": "384433000", "totalRevenue": "414602000", "costOfRevenue": "30169000", "costofGoodsAndServicesSold": "30169000", "operatingIncome": "145670000", "sellingGeneralAndAdministrative": "57739000", "researchAndDevelopment": "181024000", "operatingExpenses": "238763000", "investmentIncomeNet": "None", "netInterestIncome": "None", "interestIncome": "None", "interestExpense": "11495000", "nonInterestIncome": "None", "otherNonOperatingIncome": "384000", "depreciation": "None", "depreciationAndAmortization": "9778000", "incomeBeforeTax": "134559000", "incomeTaxExpense": "-335848000", "interestAndDebtExpense": "None", "netIncomeFromContinuingOperations": "470407000", "comprehensiveIncomeNetOfTax": "None", "ebit": "146054000", "ebitda": "155832000", "netIncome": "470407000"}, {"fiscalDateEnding": "2012-09-30", "reportedCurrency": "USD", "grossProfit": "407542000", "totalRevenue": "427687000", "costOfRevenue": "20145000", "costofGoodsAndServicesSold": "20145000", "operatingIncome": "202364000", "sellingGeneralAndAdministrative": "46883000", "researchAndDevelopment": "158295000", "operatingExpenses": "205178000", "investmentIncomeNet": "None", "netInterestIncome": "None", "interestIncome": "None", "interestExpense": "11413000", "nonInterestIncome": "None", "otherNonOperatingIncome": "517000", "depreciation": "None", "depreciationAndAmortization": "9329000", "incomeBeforeTax": "191468000", "incomeTaxExpense": "-517000", "interestAndDebtExpense": "None", "netIncomeFromContinuingOperations": "191468000", "comprehensiveIncomeNetOfTax": "None", "ebit": "202881000", "ebitda": "212210000", "netIncome": "191468000"}, {"fiscalDateEnding": "2012-06-30", "reportedCurrency": "USD", "grossProfit": "282556000", "totalRevenue": "304399000", "costOfRevenue": "21843000", "costofGoodsAndServicesSold": "21843000", "operatingIncome": "87478000", "sellingGeneralAndAdministrative": "47705000", "researchAndDevelopment": "147373000", "operatingExpenses": "195078000", "investmentIncomeNet": "None", "netInterestIncome": "None", "interestIncome": "None", "interestExpense": "11236000", "nonInterestIncome": "None", "otherNonOperatingIncome": "501000", "depreciation": "None", "depreciationAndAmortization": "9417000", "incomeBeforeTax": "76743000", "incomeTaxExpense": "-501000", "interestAndDebtExpense": "None", "netIncomeFromContinuingOperations": "76743000", "comprehensiveIncomeNetOfTax": "None", "ebit": "87979000", "ebitda": "97396000", "netIncome": "76743000"}, {"fiscalDateEnding": "2012-03-31", "reportedCurrency": "USD", "grossProfit": "219491000", "totalRevenue": "231789000", "costOfRevenue": "12298000", "costofGoodsAndServicesSold": "12298000", "operatingIncome": "22201000", "sellingGeneralAndAdministrative": "58428000", "researchAndDevelopment": "138862000", "operatingExpenses": "197290000", "investmentIncomeNet": "None", "netInterestIncome": "None", "interestIncome": "None", "interestExpense": "11160000", "nonInterestIncome": "None", "otherNonOperatingIncome": "610000", "depreciation": "None", "depreciationAndAmortization": "8416000", "incomeBeforeTax": "11651000", "incomeTaxExpense": "-610000", "interestAndDebtExpense": "None", "netIncomeFromContinuingOperations": "11651000", "comprehensiveIncomeNetOfTax": "None", "ebit": "22811000", "ebitda": "31227000", "netIncome": "11651000"}, {"fiscalDateEnding": "2011-12-31", "reportedCurrency": "USD", "grossProfit": "119988000", "totalRevenue": "122977000", "costOfRevenue": "2989000", "costofGoodsAndServicesSold": "2989000", "operatingIncome": "-45402000", "sellingGeneralAndAdministrative": "36349000", "researchAndDevelopment": "129041000", "operatingExpenses": "165390000", "investmentIncomeNet": "None", "netInterestIncome": "None", "interestIncome": "None", "interestExpense": "9455000", "nonInterestIncome": "None", "otherNonOperatingIncome": "799000", "depreciation": "None", "depreciationAndAmortization": "7926000", "incomeBeforeTax": "-54058000", "incomeTaxExpense": "-615000", "interestAndDebtExpense": "None", "netIncomeFromContinuingOperations": "-53443000", "comprehensiveIncomeNetOfTax": "None", "ebit": "-44603000", "ebitda": "-36677000", "netIncome": "-53443000"}, {"fiscalDateEnding": "2011-09-30", "reportedCurrency": "USD", "grossProfit": "102383000", "totalRevenue": "102833000", "costOfRevenue": "450000", "costofGoodsAndServicesSold": "450000", "operatingIncome": "-58457000", "sellingGeneralAndAdministrative": "32916000", "researchAndDevelopment": "127924000", "operatingExpenses": "160840000", "investmentIncomeNet": "None", "netInterestIncome": "None", "interestIncome": "None", "interestExpense": "4061000", "nonInterestIncome": "None", "otherNonOperatingIncome": "715000", "depreciation": "None", "depreciationAndAmortization": "8276000", "incomeBeforeTax": "-61803000", "incomeTaxExpense": "562000", "interestAndDebtExpense": "None", "netIncomeFromContinuingOperations": "-62365000", "comprehensiveIncomeNetOfTax": "None", "ebit": "-57742000", "ebitda": "-49466000", "netIncome": "-62365000"}, {"fiscalDateEnding": "2011-06-30", "reportedCurrency": "USD", "grossProfit": "107415000", "totalRevenue": "107810000", "costOfRevenue": "395000", "costofGoodsAndServicesSold": "395000", "operatingIncome": "-60319000", "sellingGeneralAndAdministrative": "24585000", "researchAndDevelopment": "143149000", "operatingExpenses": "167734000", "investmentIncomeNet": "None", "netInterestIncome": "None", "interestIncome": "None", "interestExpense": "4047000", "nonInterestIncome": "None", "otherNonOperatingIncome": "998000", "depreciation": "None", "depreciationAndAmortization": "7902000", "incomeBeforeTax": "-63368000", "incomeTaxExpense": "-863000", "interestAndDebtExpense": "None", "netIncomeFromContinuingOperations": "-62505000", "comprehensiveIncomeNetOfTax": "None", "ebit": "-59321000", "ebitda": "-51419000", "netIncome": "-62505000"}, {"fiscalDateEnding": "2011-03-31", "reportedCurrency": "USD", "grossProfit": "111822000", "totalRevenue": "112204000", "costOfRevenue": "382000", "costofGoodsAndServicesSold": "382000", "operatingIncome": "-40981000", "sellingGeneralAndAdministrative": "23411000", "researchAndDevelopment": "129392000", "operatingExpenses": "152803000", "investmentIncomeNet": "None", "netInterestIncome": "None", "interestIncome": "None", "interestExpense": "3719000", "nonInterestIncome": "None", "otherNonOperatingIncome": "1037000", "depreciation": "None", "depreciationAndAmortization": "6978000", "incomeBeforeTax": "-43663000", "incomeTaxExpense": "-216000", "interestAndDebtExpense": "None", "netIncomeFromContinuingOperations": "-43447000", "comprehensiveIncomeNetOfTax": "None", "ebit": "-39944000", "ebitda": "-32966000", "netIncome": "-43447000"}, {"fiscalDateEnding": "2010-12-31", "reportedCurrency": "USD", "grossProfit": "133076000", "totalRevenue": "133675000", "costOfRevenue": "599000", "costofGoodsAndServicesSold": "599000", "operatingIncome": "-12777000", "sellingGeneralAndAdministrative": "20641000", "researchAndDevelopment": "125212000", "operatingExpenses": "145853000", "investmentIncomeNet": "None", "netInterestIncome": "None", "interestIncome": "None", "interestExpense": "2458000", "nonInterestIncome": "None", "otherNonOperatingIncome": "None", "depreciation": "None", "depreciationAndAmortization": "6086000", "incomeBeforeTax": "-14597000", "incomeTaxExpense": "846000", "interestAndDebtExpense": "None", "netIncomeFromContinuingOperations": "0", "comprehensiveIncomeNetOfTax": "None", "ebit": "-10655000", "ebitda": "-4569000", "netIncome": "-14597000"}, {"fiscalDateEnding": "2010-09-30", "reportedCurrency": "USD", "grossProfit": "105607000", "totalRevenue": "105979000", "costOfRevenue": "372000", "costofGoodsAndServicesSold": "372000", "operatingIncome": "-32094000", "sellingGeneralAndAdministrative": "15658000", "researchAndDevelopment": "122043000", "operatingExpenses": "137701000", "investmentIncomeNet": "None", "netInterestIncome": "None", "interestIncome": "None", "interestExpense": "2234000", "nonInterestIncome": "None", "otherNonOperatingIncome": "453000", "depreciation": "None", "depreciationAndAmortization": "4894000", "incomeBeforeTax": "-31641000", "incomeTaxExpense": "-906000", "interestAndDebtExpense": "None", "netIncomeFromContinuingOperations": "-33875000", "comprehensiveIncomeNetOfTax": "None", "ebit": "-31641000", "ebitda": "-26747000", "netIncome": "-33875000"}, {"fiscalDateEnding": "2010-06-30", "reportedCurrency": "USD", "grossProfit": "115481000", "totalRevenue": "115886000", "costOfRevenue": "405000", "costofGoodsAndServicesSold": "405000", "operatingIncome": "-23724000", "sellingGeneralAndAdministrative": "14679000", "researchAndDevelopment": "124526000", "operatingExpenses": "139205000", "investmentIncomeNet": "None", "netInterestIncome": "None", "interestIncome": "None", "interestExpense": "2342000", "nonInterestIncome": "None", "otherNonOperatingIncome": "592000", "depreciation": "None", "depreciationAndAmortization": "4524000", "incomeBeforeTax": "-23132000", "incomeTaxExpense": "-1184000", "interestAndDebtExpense": "None", "netIncomeFromContinuingOperations": "-25474000", "comprehensiveIncomeNetOfTax": "None", "ebit": "-24316000", "ebitda": "-19792000", "netIncome": "-25474000"}, {"fiscalDateEnding": "2010-03-31", "reportedCurrency": "USD", "grossProfit": "102817000", "totalRevenue": "103534000", "costOfRevenue": "717000", "costofGoodsAndServicesSold": "717000", "operatingIncome": "-28659000", "sellingGeneralAndAdministrative": "14005000", "researchAndDevelopment": "117471000", "operatingExpenses": "131476000", "investmentIncomeNet": "None", "netInterestIncome": "None", "interestIncome": "None", "interestExpense": "2084000", "nonInterestIncome": "None", "otherNonOperatingIncome": "None", "depreciation": "None", "depreciationAndAmortization": "4183000", "incomeBeforeTax": "-30304000", "incomeTaxExpense": "218000", "interestAndDebtExpense": "None", "netIncomeFromContinuingOperations": "0", "comprehensiveIncomeNetOfTax": "None", "ebit": "-28438000", "ebitda": "-24255000", "netIncome": "-30522000"}, {"fiscalDateEnding": "2009-12-31", "reportedCurrency": "USD", "grossProfit": "96413000", "totalRevenue": "96800000", "costOfRevenue": "387000", "costofGoodsAndServicesSold": "387000", "operatingIncome": "-39408000", "sellingGeneralAndAdministrative": "17031000", "researchAndDevelopment": "118790000", "operatingExpenses": "135821000", "investmentIncomeNet": "None", "netInterestIncome": "None", "interestIncome": "None", "interestExpense": "1756000", "nonInterestIncome": "None", "otherNonOperatingIncome": "None", "depreciation": "None", "depreciationAndAmortization": "4935000", "incomeBeforeTax": "-40611000", "incomeTaxExpense": "-4122000", "interestAndDebtExpense": "None", "netIncomeFromContinuingOperations": "0", "comprehensiveIncomeNetOfTax": "None", "ebit": "-38855000", "ebitda": "-33920000", "netIncome": "-36489000"}, {"fiscalDateEnding": "2009-09-30", "reportedCurrency": "USD", "grossProfit": "116983000", "totalRevenue": "117455000", "costOfRevenue": "472000", "costofGoodsAndServicesSold": "472000", "operatingIncome": "-1291000", "sellingGeneralAndAdministrative": "12840000", "researchAndDevelopment": "105434000", "operatingExpenses": "118274000", "investmentIncomeNet": "None", "netInterestIncome": "None", "interestIncome": "None", "interestExpense": "581000", "nonInterestIncome": "None", "otherNonOperatingIncome": "None", "depreciation": "None", "depreciationAndAmortization": "3590000", "incomeBeforeTax": "-1015000", "incomeTaxExpense": "-857000", "interestAndDebtExpense": "None", "netIncomeFromContinuingOperations": "0", "comprehensiveIncomeNetOfTax": "None", "ebit": "-1291000", "ebitda": "2299000", "netIncome": "-1015000"}, {"fiscalDateEnding": "2009-06-30", "reportedCurrency": "USD", "grossProfit": "89597000", "totalRevenue": "90032000", "costOfRevenue": "435000", "costofGoodsAndServicesSold": "435000", "operatingIncome": "-16266000", "sellingGeneralAndAdministrative": "11632000", "researchAndDevelopment": "94231000", "operatingExpenses": "105863000", "investmentIncomeNet": "None", "netInterestIncome": "None", "interestIncome": "None", "interestExpense": "1328000", "nonInterestIncome": "None", "otherNonOperatingIncome": "None", "depreciation": "None", "depreciationAndAmortization": "2998000", "incomeBeforeTax": "-14938000", "incomeTaxExpense": "-2656000", "interestAndDebtExpense": "None", "netIncomeFromContinuingOperations": "0", "comprehensiveIncomeNetOfTax": "None", "ebit": "-16266000", "ebitda": "-13268000", "netIncome": "-14938000"}, {"fiscalDateEnding": "2009-03-31", "reportedCurrency": "USD", "grossProfit": "74589000", "totalRevenue": "74981000", "costOfRevenue": "392000", "costofGoodsAndServicesSold": "392000", "operatingIncome": "-19231000", "sellingGeneralAndAdministrative": "11674000", "researchAndDevelopment": "82146000", "operatingExpenses": "93820000", "investmentIncomeNet": "None", "netInterestIncome": "None", "interestIncome": "None", "interestExpense": "1750000", "nonInterestIncome": "None", "otherNonOperatingIncome": "None", "depreciation": "None", "depreciationAndAmortization": "2724000", "incomeBeforeTax": "-17481000", "incomeTaxExpense": "-3500000", "interestAndDebtExpense": "None", "netIncomeFromContinuingOperations": "0", "comprehensiveIncomeNetOfTax": "None", "ebit": "-20981000", "ebitda": "-18257000", "netIncome": "-17481000"}, {"fiscalDateEnding": "2008-12-31", "reportedCurrency": "USD", "grossProfit": "55206000", "totalRevenue": "55837000", "costOfRevenue": "631000", "costofGoodsAndServicesSold": "631000", "operatingIncome": "-34599000", "sellingGeneralAndAdministrative": "13491000", "researchAndDevelopment": "76314000", "operatingExpenses": "89805000", "investmentIncomeNet": "None", "netInterestIncome": "None", "interestIncome": "None", "interestExpense": "12222000", "nonInterestIncome": "None", "otherNonOperatingIncome": "None", "depreciation": "None", "depreciationAndAmortization": "2626000", "incomeBeforeTax": "-32246000", "incomeTaxExpense": "-728000", "interestAndDebtExpense": "None", "netIncomeFromContinuingOperations": "0", "comprehensiveIncomeNetOfTax": "None", "ebit": "-28276000", "ebitda": "-25650000", "netIncome": "-31518000"}, {"fiscalDateEnding": "2008-09-30", "reportedCurrency": "USD", "grossProfit": "65292000", "totalRevenue": "65584000", "costOfRevenue": "292000", "costofGoodsAndServicesSold": "292000", "operatingIncome": "-19931000", "sellingGeneralAndAdministrative": "11368000", "researchAndDevelopment": "73855000", "operatingExpenses": "85223000", "investmentIncomeNet": "None", "netInterestIncome": "None", "interestIncome": "None", "interestExpense": "5562000", "nonInterestIncome": "None", "otherNonOperatingIncome": "None", "depreciation": "None", "depreciationAndAmortization": "2774000", "incomeBeforeTax": "-18036000", "incomeTaxExpense": "3079000", "interestAndDebtExpense": "None", "netIncomeFromContinuingOperations": "0", "comprehensiveIncomeNetOfTax": "None", "ebit": "-19931000", "ebitda": "-17157000", "netIncome": "-21115000"}, {"fiscalDateEnding": "2008-06-30", "reportedCurrency": "USD", "grossProfit": "60646100", "totalRevenue": "60653000", "costOfRevenue": "6900", "costofGoodsAndServicesSold": "6900", "operatingIncome": "-19389000", "sellingGeneralAndAdministrative": "13465000", "researchAndDevelopment": "66577000", "operatingExpenses": "80042000", "investmentIncomeNet": "None", "netInterestIncome": "None", "interestIncome": "None", "interestExpense": "2674000", "nonInterestIncome": "None", "otherNonOperatingIncome": "None", "depreciation": "None", "depreciationAndAmortization": "2941000", "incomeBeforeTax": "-15785000", "incomeTaxExpense": "-4534000", "interestAndDebtExpense": "None", "netIncomeFromContinuingOperations": "0", "comprehensiveIncomeNetOfTax": "None", "ebit": "-19619000", "ebitda": "-16678000", "netIncome": "-18459000"}, {"fiscalDateEnding": "2008-03-31", "reportedCurrency": "USD", "grossProfit": "56383000", "totalRevenue": "56383000", "costOfRevenue": "69577000", "costofGoodsAndServicesSold": "69577000", "operatingIncome": "-15911000", "sellingGeneralAndAdministrative": "11024000", "researchAndDevelopment": "61270000", "operatingExpenses": "72294000", "investmentIncomeNet": "None", "netInterestIncome": "None", "interestIncome": "None", "interestExpense": "3011000", "nonInterestIncome": "None", "otherNonOperatingIncome": "None", "depreciation": "None", "depreciationAndAmortization": "2946000", "incomeBeforeTax": "-8607000", "incomeTaxExpense": "-11597000", "interestAndDebtExpense": "None", "netIncomeFromContinuingOperations": "0", "comprehensiveIncomeNetOfTax": "None", "ebit": "-15911000", "ebitda": "-12965000", "netIncome": "-11618000"}, {"fiscalDateEnding": "2007-12-31", "reportedCurrency": "USD", "grossProfit": "64730000", "totalRevenue": "64730000", "costOfRevenue": "73365000", "costofGoodsAndServicesSold": "73365000", "operatingIncome": "-11534000", "sellingGeneralAndAdministrative": "11439000", "researchAndDevelopment": "64825000", "operatingExpenses": "76264000", "investmentIncomeNet": "None", "netInterestIncome": "None", "interestIncome": "None", "interestExpense": "1473000", "nonInterestIncome": "None", "otherNonOperatingIncome": "None", "depreciation": "None", "depreciationAndAmortization": "2899000", "incomeBeforeTax": "-10061000", "incomeTaxExpense": "64000", "interestAndDebtExpense": "None", "netIncomeFromContinuingOperations": "0", "comprehensiveIncomeNetOfTax": "None", "ebit": "-11534000", "ebitda": "-8635000", "netIncome": "-13071000"}, {"fiscalDateEnding": "2007-09-30", "reportedCurrency": "USD", "grossProfit": "22311000", "totalRevenue": "22311000", "costOfRevenue": "58119000", "costofGoodsAndServicesSold": "58119000", "operatingIncome": "-38667000", "sellingGeneralAndAdministrative": "9289000", "researchAndDevelopment": "51689000", "operatingExpenses": "60978000", "investmentIncomeNet": "None", "netInterestIncome": "None", "interestIncome": "None", "interestExpense": "5840000", "nonInterestIncome": "None", "otherNonOperatingIncome": "None", "depreciation": "None", "depreciationAndAmortization": "2859000", "incomeBeforeTax": "-32827000", "incomeTaxExpense": "-8669000", "interestAndDebtExpense": "None", "netIncomeFromContinuingOperations": "0", "comprehensiveIncomeNetOfTax": "None", "ebit": "-38667000", "ebitda": "-35808000", "netIncome": "-35838000"}, {"fiscalDateEnding": "2007-06-30", "reportedCurrency": "USD", "grossProfit": "22195000", "totalRevenue": "22195000", "costOfRevenue": "49925000", "costofGoodsAndServicesSold": "49925000", "operatingIncome": "-30604000", "sellingGeneralAndAdministrative": "8935000", "researchAndDevelopment": "43864000", "operatingExpenses": "52799000", "investmentIncomeNet": "None", "netInterestIncome": "None", "interestIncome": "None", "interestExpense": "6841000", "nonInterestIncome": "None", "otherNonOperatingIncome": "None", "depreciation": "None", "depreciationAndAmortization": "2874000", "incomeBeforeTax": "-23763000", "incomeTaxExpense": "-10671000", "interestAndDebtExpense": "None", "netIncomeFromContinuingOperations": "0", "comprehensiveIncomeNetOfTax": "None", "ebit": "-30604000", "ebitda": "-27730000", "netIncome": "-26774000"}, {"fiscalDateEnding": "2007-03-31", "reportedCurrency": "USD", "grossProfit": "15788000", "totalRevenue": "15788000", "costOfRevenue": "430000", "costofGoodsAndServicesSold": "430000", "operatingIncome": "-33649000", "sellingGeneralAndAdministrative": "8202000", "researchAndDevelopment": "41235000", "operatingExpenses": "49437000", "investmentIncomeNet": "None", "netInterestIncome": "None", "interestIncome": "None", "interestExpense": "6743000", "nonInterestIncome": "None", "otherNonOperatingIncome": "None", "depreciation": "None", "depreciationAndAmortization": "2855000", "incomeBeforeTax": "-26906000", "incomeTaxExpense": "-10475000", "interestAndDebtExpense": "None", "netIncomeFromContinuingOperations": "0", "comprehensiveIncomeNetOfTax": "None", "ebit": "-33649000", "ebitda": "-30794000", "netIncome": "-29917000"}, {"fiscalDateEnding": "2006-12-31", "reportedCurrency": "USD", "grossProfit": "9916000", "totalRevenue": "10346000", "costOfRevenue": "430000", "costofGoodsAndServicesSold": "430000", "operatingIncome": "-33486000", "sellingGeneralAndAdministrative": "7628000", "researchAndDevelopment": "35774000", "operatingExpenses": "43402000", "investmentIncomeNet": "None", "netInterestIncome": "None", "interestIncome": "None", "interestExpense": "12043000", "nonInterestIncome": "None", "otherNonOperatingIncome": "None", "depreciation": "None", "depreciationAndAmortization": "3396000", "incomeBeforeTax": "-103150000", "incomeTaxExpense": "-2515000", "interestAndDebtExpense": "None", "netIncomeFromContinuingOperations": "0", "comprehensiveIncomeNetOfTax": "None", "ebit": "-33486000", "ebitda": "-30090000", "netIncome": "-30971000"}, {"fiscalDateEnding": "2006-09-30", "reportedCurrency": "USD", "grossProfit": "12570000", "totalRevenue": "15624000", "costOfRevenue": "3054000", "costofGoodsAndServicesSold": "3054000", "operatingIncome": "-28257000", "sellingGeneralAndAdministrative": "6019000", "researchAndDevelopment": "34808000", "operatingExpenses": "40827000", "investmentIncomeNet": "None", "netInterestIncome": "None", "interestIncome": "None", "interestExpense": "3011000", "nonInterestIncome": "None", "otherNonOperatingIncome": "None", "depreciation": "None", "depreciationAndAmortization": "3708000", "incomeBeforeTax": "-27410000", "incomeTaxExpense": "-847000", "interestAndDebtExpense": "None", "netIncomeFromContinuingOperations": "0", "comprehensiveIncomeNetOfTax": "None", "ebit": "-28257000", "ebitda": "-24549000", "netIncome": "-27410000"}, {"fiscalDateEnding": "2006-06-30", "reportedCurrency": "USD", "grossProfit": "16448000", "totalRevenue": "19258000", "costOfRevenue": "2810000", "costofGoodsAndServicesSold": "2810000", "operatingIncome": "-24249000", "sellingGeneralAndAdministrative": "6299000", "researchAndDevelopment": "34398000", "operatingExpenses": "40697000", "investmentIncomeNet": "None", "netInterestIncome": "None", "interestIncome": "None", "interestExpense": "3011000", "nonInterestIncome": "None", "otherNonOperatingIncome": "None", "depreciation": "None", "depreciationAndAmortization": "3690000", "incomeBeforeTax": "-25706000", "incomeTaxExpense": "-673000", "interestAndDebtExpense": "None", "netIncomeFromContinuingOperations": "0", "comprehensiveIncomeNetOfTax": "None", "ebit": "-24249000", "ebitda": "-20559000", "netIncome": "-23576000"}, {"fiscalDateEnding": "2006-03-31", "reportedCurrency": "USD", "grossProfit": "16367000", "totalRevenue": "18219000", "costOfRevenue": "1852000", "costofGoodsAndServicesSold": "1852000", "operatingIncome": "-21663000", "sellingGeneralAndAdministrative": "5946000", "researchAndDevelopment": "32084000", "operatingExpenses": "38030000", "investmentIncomeNet": "None", "netInterestIncome": "None", "interestIncome": "None", "interestExpense": "3011000", "nonInterestIncome": "None", "otherNonOperatingIncome": "None", "depreciation": "None", "depreciationAndAmortization": "3798000", "incomeBeforeTax": "0", "incomeTaxExpense": "-1283000", "interestAndDebtExpense": "None", "netIncomeFromContinuingOperations": "0", "comprehensiveIncomeNetOfTax": "None", "ebit": "-21663000", "ebitda": "-17865000", "netIncome": "-20380000"}, {"fiscalDateEnding": "2005-12-31", "reportedCurrency": "USD", "grossProfit": "15279000", "totalRevenue": "17424000", "costOfRevenue": "2145000", "costofGoodsAndServicesSold": "2145000", "operatingIncome": "219315000", "sellingGeneralAndAdministrative": "6895000", "researchAndDevelopment": "37911000", "operatingExpenses": "-204036000", "investmentIncomeNet": "None", "netInterestIncome": "None", "interestIncome": "None", "interestExpense": "2866000", "nonInterestIncome": "None", "otherNonOperatingIncome": "None", "depreciation": "None", "depreciationAndAmortization": "3880000", "incomeBeforeTax": "222181000", "incomeTaxExpense": "246121000", "interestAndDebtExpense": "None", "netIncomeFromContinuingOperations": "0", "comprehensiveIncomeNetOfTax": "None", "ebit": "219315000", "ebitda": "223195000", "netIncome": "-29672000"}, {"fiscalDateEnding": "2005-09-30", "reportedCurrency": "USD", "grossProfit": "12948000", "totalRevenue": "16194000", "costOfRevenue": "3246000", "costofGoodsAndServicesSold": "3246000", "operatingIncome": "-34387000", "sellingGeneralAndAdministrative": "6219000", "researchAndDevelopment": "41116000", "operatingExpenses": "47335000", "investmentIncomeNet": "None", "netInterestIncome": "None", "interestIncome": "None", "interestExpense": "2746000", "nonInterestIncome": "None", "otherNonOperatingIncome": "None", "depreciation": "None", "depreciationAndAmortization": "3935000", "incomeBeforeTax": "-31641000", "incomeTaxExpense": "-2481000", "interestAndDebtExpense": "None", "netIncomeFromContinuingOperations": "0", "comprehensiveIncomeNetOfTax": "None", "ebit": "-34387000", "ebitda": "-30452000", "netIncome": "-34652000"}, {"fiscalDateEnding": "2005-06-30", "reportedCurrency": "USD", "grossProfit": "14691000", "totalRevenue": "16366000", "costOfRevenue": "1675000", "costofGoodsAndServicesSold": "1675000", "operatingIncome": "-32167000", "sellingGeneralAndAdministrative": "6216000", "researchAndDevelopment": "40642000", "operatingExpenses": "46858000", "investmentIncomeNet": "None", "netInterestIncome": "None", "interestIncome": "None", "interestExpense": "8179000", "nonInterestIncome": "None", "otherNonOperatingIncome": "None", "depreciation": "None", "depreciationAndAmortization": "3831000", "incomeBeforeTax": "-23988000", "incomeTaxExpense": "-13347000", "interestAndDebtExpense": "None", "netIncomeFromContinuingOperations": "0", "comprehensiveIncomeNetOfTax": "None", "ebit": "-32167000", "ebitda": "-28336000", "netIncome": "-26999000"}, {"fiscalDateEnding": "2005-03-31", "reportedCurrency": "USD", "grossProfit": "13718000", "totalRevenue": "16209000", "costOfRevenue": "2491000", "costofGoodsAndServicesSold": "2491000", "operatingIncome": "-28340000", "sellingGeneralAndAdministrative": "6146000", "researchAndDevelopment": "35912000", "operatingExpenses": "42058000", "investmentIncomeNet": "None", "netInterestIncome": "None", "interestIncome": "None", "interestExpense": "27230000", "nonInterestIncome": "None", "otherNonOperatingIncome": "None", "depreciation": "None", "depreciationAndAmortization": "3858000", "incomeBeforeTax": "-1110000", "incomeTaxExpense": "-51447000", "interestAndDebtExpense": "None", "netIncomeFromContinuingOperations": "0", "comprehensiveIncomeNetOfTax": "None", "ebit": "-28340000", "ebitda": "-24482000", "netIncome": "-4123000"}, {"fiscalDateEnding": "2004-12-31", "reportedCurrency": "USD", "grossProfit": "43616000", "totalRevenue": "47090000", "costOfRevenue": "3474000", "costofGoodsAndServicesSold": "3474000", "operatingIncome": "3974000", "sellingGeneralAndAdministrative": "4853000", "researchAndDevelopment": "34789000", "operatingExpenses": "39642000", "investmentIncomeNet": "None", "netInterestIncome": "None", "interestIncome": "None", "interestExpense": "1832000", "nonInterestIncome": "None", "otherNonOperatingIncome": "None", "depreciation": "None", "depreciationAndAmortization": "3916000", "incomeBeforeTax": "3974000", "incomeTaxExpense": "-650000", "interestAndDebtExpense": "None", "netIncomeFromContinuingOperations": "0", "comprehensiveIncomeNetOfTax": "None", "ebit": "3974000", "ebitda": "7890000", "netIncome": "2792000"}]}