{"symbol": "DRI", "annualReports": [{"fiscalDateEnding": "2024-05-31", "reportedCurrency": "USD", "grossProfit": "2410200000", "totalRevenue": "11390000000", "costOfRevenue": "8979800000", "costofGoodsAndServicesSold": "8979800000", "operatingIncome": "1314200000", "sellingGeneralAndAdministrative": "479200000", "researchAndDevelopment": "None", "operatingExpenses": "1096000000", "investmentIncomeNet": "None", "netInterestIncome": "-138700000", "interestIncome": "4500000", "interestExpense": "143200000", "nonInterestIncome": "None", "otherNonOperatingIncome": "None", "depreciation": "None", "depreciationAndAmortization": "459900000", "incomeBeforeTax": "1175500000", "incomeTaxExpense": "145000000", "interestAndDebtExpense": "None", "netIncomeFromContinuingOperations": "1030500000", "comprehensiveIncomeNetOfTax": "None", "ebit": "1315300000", "ebitda": "1775200000", "netIncome": "1027600000"}, {"fiscalDateEnding": "2023-05-31", "reportedCurrency": "USD", "grossProfit": "2083400000", "totalRevenue": "10487800000", "costOfRevenue": "8404400000", "costofGoodsAndServicesSold": "8404400000", "operatingIncome": "1201800000", "sellingGeneralAndAdministrative": "386100000", "researchAndDevelopment": "None", "operatingExpenses": "892200000", "investmentIncomeNet": "None", "netInterestIncome": "-81300000", "interestIncome": "81300000", "interestExpense": "61700000", "nonInterestIncome": "None", "otherNonOperatingIncome": "None", "depreciation": "None", "depreciationAndAmortization": "387800000", "incomeBeforeTax": "1120500000", "incomeTaxExpense": "137000000", "interestAndDebtExpense": "None", "netIncomeFromContinuingOperations": "983500000", "comprehensiveIncomeNetOfTax": "None", "ebit": "1205600000", "ebitda": "1593400000", "netIncome": "981900000"}, {"fiscalDateEnding": "2022-05-31", "reportedCurrency": "USD", "grossProfit": "1995000000", "totalRevenue": "9630000000", "costOfRevenue": "7635000000", "costofGoodsAndServicesSold": "7635000000", "operatingIncome": "1162200000", "sellingGeneralAndAdministrative": "373200000", "researchAndDevelopment": "None", "operatingExpenses": "834800000", "investmentIncomeNet": "None", "netInterestIncome": "-68700000", "interestIncome": "1900000", "interestExpense": "70600000", "nonInterestIncome": "None", "otherNonOperatingIncome": "None", "depreciation": "None", "depreciationAndAmortization": "368400000", "incomeBeforeTax": "1093500000", "incomeTaxExpense": "138800000", "interestAndDebtExpense": "None", "netIncomeFromContinuingOperations": "954700000", "comprehensiveIncomeNetOfTax": "None", "ebit": "1166700000", "ebitda": "1535100000", "netIncome": "952800000"}, {"fiscalDateEnding": "2021-05-31", "reportedCurrency": "USD", "grossProfit": "1493500000", "totalRevenue": "7196100000", "costOfRevenue": "5702600000", "costofGoodsAndServicesSold": "5702600000", "operatingIncome": "648700000", "sellingGeneralAndAdministrative": "396200000", "researchAndDevelopment": "None", "operatingExpenses": "838200000", "investmentIncomeNet": "None", "netInterestIncome": "-63500000", "interestIncome": "63500000", "interestExpense": "65200000", "nonInterestIncome": "None", "otherNonOperatingIncome": "-8700000", "depreciation": "None", "depreciationAndAmortization": "350900000", "incomeBeforeTax": "576500000", "incomeTaxExpense": "-55900000", "interestAndDebtExpense": "None", "netIncomeFromContinuingOperations": "632400000", "comprehensiveIncomeNetOfTax": "None", "ebit": "642500000", "ebitda": "993400000", "netIncome": "629300000"}, {"fiscalDateEnding": "2020-05-31", "reportedCurrency": "USD", "grossProfit": "1408400000", "totalRevenue": "7806900000", "costOfRevenue": "6398500000", "costofGoodsAndServicesSold": "6398500000", "operatingIncome": "828300000", "sellingGeneralAndAdministrative": "376400000", "researchAndDevelopment": "None", "operatingExpenses": "970300000", "investmentIncomeNet": "None", "netInterestIncome": "-57300000", "interestIncome": "4900000", "interestExpense": "62200000", "nonInterestIncome": "None", "otherNonOperatingIncome": "-151600000", "depreciation": "None", "depreciationAndAmortization": "355900000", "incomeBeforeTax": "-161000000", "incomeTaxExpense": "-111800000", "interestAndDebtExpense": "None", "netIncomeFromContinuingOperations": "-49200000", "comprehensiveIncomeNetOfTax": "None", "ebit": "-98900000", "ebitda": "257000000", "netIncome": "-49200000"}, {"fiscalDateEnding": "2019-05-31", "reportedCurrency": "USD", "grossProfit": "1849000000", "totalRevenue": "8510400000", "costOfRevenue": "6661400000", "costofGoodsAndServicesSold": "6661400000", "operatingIncome": "832500000", "sellingGeneralAndAdministrative": "405500000", "researchAndDevelopment": "None", "operatingExpenses": "997500000", "investmentIncomeNet": "None", "netInterestIncome": "-50200000", "interestIncome": "3800000", "interestExpense": "54000000", "nonInterestIncome": "None", "otherNonOperatingIncome": "None", "depreciation": "None", "depreciationAndAmortization": "336700000", "incomeBeforeTax": "782300000", "incomeTaxExpense": "63700000", "interestAndDebtExpense": "None", "netIncomeFromContinuingOperations": "718600000", "comprehensiveIncomeNetOfTax": "None", "ebit": "836200000", "ebitda": "1172900000", "netIncome": "713400000"}, {"fiscalDateEnding": "2018-05-31", "reportedCurrency": "USD", "grossProfit": "1745400000", "totalRevenue": "8080100000", "costOfRevenue": "6334700000", "costofGoodsAndServicesSold": "6334700000", "operatingIncome": "766800000", "sellingGeneralAndAdministrative": "409800000", "researchAndDevelopment": "0", "operatingExpenses": "975200000", "investmentIncomeNet": "None", "netInterestIncome": "-161100000", "interestIncome": "800000", "interestExpense": "161900000", "nonInterestIncome": "None", "otherNonOperatingIncome": "None", "depreciation": "None", "depreciationAndAmortization": "313100000", "incomeBeforeTax": "605700000", "incomeTaxExpense": "1900000", "interestAndDebtExpense": "None", "netIncomeFromContinuingOperations": "603800000", "comprehensiveIncomeNetOfTax": "None", "ebit": "665300000", "ebitda": "978400000", "netIncome": "596000000"}, {"fiscalDateEnding": "2017-05-31", "reportedCurrency": "USD", "grossProfit": "1569400000", "totalRevenue": "7170200000", "costOfRevenue": "5600800000", "costofGoodsAndServicesSold": "5600800000", "operatingIncome": "677500000", "sellingGeneralAndAdministrative": "387700000", "researchAndDevelopment": "0", "operatingExpenses": "900300000", "investmentIncomeNet": "None", "netInterestIncome": "-40200000", "interestIncome": "1300000", "interestExpense": "41500000", "nonInterestIncome": "None", "otherNonOperatingIncome": "None", "depreciation": "None", "depreciationAndAmortization": "272900000", "incomeBeforeTax": "637300000", "incomeTaxExpense": "154800000", "interestAndDebtExpense": "None", "netIncomeFromContinuingOperations": "482500000", "comprehensiveIncomeNetOfTax": "None", "ebit": "678800000", "ebitda": "951700000", "netIncome": "479100000"}, {"fiscalDateEnding": "2016-05-31", "reportedCurrency": "USD", "grossProfit": "1541100000", "totalRevenue": "6933500000", "costOfRevenue": "5392400000", "costofGoodsAndServicesSold": "5392400000", "operatingIncome": "622200000", "sellingGeneralAndAdministrative": "384900000", "researchAndDevelopment": "0", "operatingExpenses": "913100000", "investmentIncomeNet": "None", "netInterestIncome": "-172500000", "interestIncome": "1100000", "interestExpense": "173600000", "nonInterestIncome": "None", "otherNonOperatingIncome": "None", "depreciation": "None", "depreciationAndAmortization": "290200000", "incomeBeforeTax": "449700000", "incomeTaxExpense": "90000000", "interestAndDebtExpense": "None", "netIncomeFromContinuingOperations": "359700000", "comprehensiveIncomeNetOfTax": "None", "ebit": "480800000", "ebitda": "771000000", "netIncome": "375000000"}, {"fiscalDateEnding": "2015-05-31", "reportedCurrency": "USD", "grossProfit": "1422500000", "totalRevenue": "6764000000", "costOfRevenue": "5341500000", "costofGoodsAndServicesSold": "5341500000", "operatingIncome": "367600000", "sellingGeneralAndAdministrative": "430200000", "researchAndDevelopment": "0", "operatingExpenses": "992800000", "investmentIncomeNet": "None", "netInterestIncome": "None", "interestIncome": "None", "interestExpense": "192900000", "nonInterestIncome": "None", "otherNonOperatingIncome": "None", "depreciation": "None", "depreciationAndAmortization": "319300000", "incomeBeforeTax": "175300000", "incomeTaxExpense": "-21100000", "interestAndDebtExpense": "None", "netIncomeFromContinuingOperations": "196400000", "comprehensiveIncomeNetOfTax": "None", "ebit": "234800000", "ebitda": "554100000", "netIncome": "709500000"}, {"fiscalDateEnding": "2014-05-31", "reportedCurrency": "USD", "grossProfit": "1295100000", "totalRevenue": "6285600000", "costOfRevenue": "4990500000", "costofGoodsAndServicesSold": "4990500000", "operatingIncome": "327200000", "sellingGeneralAndAdministrative": "663500000", "researchAndDevelopment": "13500000", "operatingExpenses": "967900000", "investmentIncomeNet": "None", "netInterestIncome": "None", "interestIncome": "None", "interestExpense": "134900000", "nonInterestIncome": "None", "otherNonOperatingIncome": "None", "depreciation": "None", "depreciationAndAmortization": "304400000", "incomeBeforeTax": "174600000", "incomeTaxExpense": "-8600000", "interestAndDebtExpense": "None", "netIncomeFromContinuingOperations": "183200000", "comprehensiveIncomeNetOfTax": "None", "ebit": "302100000", "ebitda": "606500000", "netIncome": "286200000"}, {"fiscalDateEnding": "2013-05-31", "reportedCurrency": "USD", "grossProfit": "1890900000", "totalRevenue": "8551900000", "costOfRevenue": "6661000000", "costofGoodsAndServicesSold": "6661000000", "operatingIncome": "648300000", "sellingGeneralAndAdministrative": "847800000", "researchAndDevelopment": "0", "operatingExpenses": "1242600000", "investmentIncomeNet": "None", "netInterestIncome": "None", "interestIncome": "None", "interestExpense": "126800000", "nonInterestIncome": "None", "otherNonOperatingIncome": "None", "depreciation": "None", "depreciationAndAmortization": "394800000", "incomeBeforeTax": "522400000", "incomeTaxExpense": "109800000", "interestAndDebtExpense": "None", "netIncomeFromContinuingOperations": "412600000", "comprehensiveIncomeNetOfTax": "None", "ebit": "278700000", "ebitda": "673500000", "netIncome": "411900000"}, {"fiscalDateEnding": "2012-05-31", "reportedCurrency": "USD", "grossProfit": "1835500000", "totalRevenue": "7998700000", "costOfRevenue": "6163200000", "costofGoodsAndServicesSold": "6163200000", "operatingIncome": "739600000", "sellingGeneralAndAdministrative": "746800000", "researchAndDevelopment": "0", "operatingExpenses": "1095900000", "investmentIncomeNet": "None", "netInterestIncome": "None", "interestIncome": "None", "interestExpense": "101600000", "nonInterestIncome": "None", "otherNonOperatingIncome": "None", "depreciation": "None", "depreciationAndAmortization": "349100000", "incomeBeforeTax": "638000000", "incomeTaxExpense": "161500000", "interestAndDebtExpense": "None", "netIncomeFromContinuingOperations": "None", "comprehensiveIncomeNetOfTax": "None", "ebit": "740200000", "ebitda": "1089300000", "netIncome": "475500000"}, {"fiscalDateEnding": "2011-05-31", "reportedCurrency": "USD", "grossProfit": "1800700000", "totalRevenue": "7500200000", "costOfRevenue": "5699500000", "costofGoodsAndServicesSold": "5699500000", "operatingIncome": "745900000", "sellingGeneralAndAdministrative": "738000000", "researchAndDevelopment": "0", "operatingExpenses": "1054800000", "investmentIncomeNet": "None", "netInterestIncome": "None", "interestIncome": "None", "interestExpense": "93600000", "nonInterestIncome": "None", "otherNonOperatingIncome": "None", "depreciation": "None", "depreciationAndAmortization": "316800000", "incomeBeforeTax": "647600000", "incomeTaxExpense": "168900000", "interestAndDebtExpense": "None", "netIncomeFromContinuingOperations": "478700000", "comprehensiveIncomeNetOfTax": "None", "ebit": "745900000", "ebitda": "1062700000", "netIncome": "476300000"}, {"fiscalDateEnding": "2010-05-31", "reportedCurrency": "USD", "grossProfit": "1629100000", "totalRevenue": "7113100000", "costOfRevenue": "5484000000", "costofGoodsAndServicesSold": "5484000000", "operatingIncome": "637500000", "sellingGeneralAndAdministrative": "684500000", "researchAndDevelopment": "0", "operatingExpenses": "985400000", "investmentIncomeNet": "None", "netInterestIncome": "None", "interestIncome": "None", "interestExpense": "93900000", "nonInterestIncome": "None", "otherNonOperatingIncome": "None", "depreciation": "None", "depreciationAndAmortization": "300900000", "incomeBeforeTax": "543600000", "incomeTaxExpense": "136600000", "interestAndDebtExpense": "None", "netIncomeFromContinuingOperations": "None", "comprehensiveIncomeNetOfTax": "None", "ebit": "642700000", "ebitda": "943600000", "netIncome": "404500000"}, {"fiscalDateEnding": "2009-05-31", "reportedCurrency": "USD", "grossProfit": "1580600000", "totalRevenue": "7217500000", "costOfRevenue": "5636900000", "costofGoodsAndServicesSold": "5636900000", "operatingIncome": "619900000", "sellingGeneralAndAdministrative": "665600000", "researchAndDevelopment": "None", "operatingExpenses": "948700000", "investmentIncomeNet": "None", "netInterestIncome": "None", "interestIncome": "None", "interestExpense": "107400000", "nonInterestIncome": "None", "otherNonOperatingIncome": "None", "depreciation": "None", "depreciationAndAmortization": "283100000", "incomeBeforeTax": "512500000", "incomeTaxExpense": "140700000", "interestAndDebtExpense": "None", "netIncomeFromContinuingOperations": "None", "comprehensiveIncomeNetOfTax": "None", "ebit": "621400000", "ebitda": "904500000", "netIncome": "372200000"}, {"fiscalDateEnding": "2008-05-31", "reportedCurrency": "USD", "grossProfit": "1487800000", "totalRevenue": "6626500000", "costOfRevenue": "5138700000", "costofGoodsAndServicesSold": "5138700000", "operatingIncome": "600400000", "sellingGeneralAndAdministrative": "641600000", "researchAndDevelopment": "None", "operatingExpenses": "887400000", "investmentIncomeNet": "None", "netInterestIncome": "None", "interestIncome": "None", "interestExpense": "86900000", "nonInterestIncome": "None", "otherNonOperatingIncome": "None", "depreciation": "None", "depreciationAndAmortization": "248000000", "incomeBeforeTax": "514700000", "incomeTaxExpense": "145200000", "interestAndDebtExpense": "None", "netIncomeFromContinuingOperations": "None", "comprehensiveIncomeNetOfTax": "None", "ebit": "606000000", "ebitda": "854000000", "netIncome": "377200000"}, {"fiscalDateEnding": "2007-05-31", "reportedCurrency": "USD", "grossProfit": "1308300000", "totalRevenue": "5567100000", "costOfRevenue": "4258800000", "costofGoodsAndServicesSold": "4258800000", "operatingIncome": "573300000", "sellingGeneralAndAdministrative": "534600000", "researchAndDevelopment": "None", "operatingExpenses": "735000000", "investmentIncomeNet": "None", "netInterestIncome": "None", "interestIncome": "None", "interestExpense": "0", "nonInterestIncome": "None", "otherNonOperatingIncome": "None", "depreciation": "None", "depreciationAndAmortization": "202100000", "incomeBeforeTax": "530800000", "incomeTaxExpense": "153700000", "interestAndDebtExpense": "None", "netIncomeFromContinuingOperations": "None", "comprehensiveIncomeNetOfTax": "None", "ebit": "570900000", "ebitda": "773000000", "netIncome": "201400000"}, {"fiscalDateEnding": "2006-05-31", "reportedCurrency": "USD", "grossProfit": "1293132000", "totalRevenue": "5720640000", "costOfRevenue": "4427508000", "costofGoodsAndServicesSold": "4427508000", "operatingIncome": "525623000", "sellingGeneralAndAdministrative": "536400000", "researchAndDevelopment": "None", "operatingExpenses": "757835000", "investmentIncomeNet": "None", "netInterestIncome": "None", "interestIncome": "None", "interestExpense": "0", "nonInterestIncome": "None", "otherNonOperatingIncome": "None", "depreciation": "None", "depreciationAndAmortization": "233087000", "incomeBeforeTax": "482518000", "incomeTaxExpense": "144324000", "interestAndDebtExpense": "None", "netIncomeFromContinuingOperations": "None", "comprehensiveIncomeNetOfTax": "None", "ebit": "518913000", "ebitda": "752000000", "netIncome": "338194000"}, {"fiscalDateEnding": "2005-05-31", "reportedCurrency": "USD", "grossProfit": "1182282000", "totalRevenue": "5278110000", "costOfRevenue": "4095828000", "costofGoodsAndServicesSold": "4095828000", "operatingIncome": "467036000", "sellingGeneralAndAdministrative": "497500000", "researchAndDevelopment": "None", "operatingExpenses": "710697000", "investmentIncomeNet": "None", "netInterestIncome": "None", "interestIncome": "None", "interestExpense": "0", "nonInterestIncome": "None", "otherNonOperatingIncome": "None", "depreciation": "None", "depreciationAndAmortization": "224260000", "incomeBeforeTax": "423917000", "incomeTaxExpense": "133311000", "interestAndDebtExpense": "None", "netIncomeFromContinuingOperations": "None", "comprehensiveIncomeNetOfTax": "None", "ebit": "471585000", "ebitda": "695845000", "netIncome": "290606000"}], "quarterlyReports": [{"fiscalDateEnding": "2025-02-28", "reportedCurrency": "USD", "grossProfit": "2204400000", "totalRevenue": "3158000000", "costOfRevenue": "953600000", "costofGoodsAndServicesSold": "953600000", "operatingIncome": "418200000", "sellingGeneralAndAdministrative": "116700000", "researchAndDevelopment": "None", "operatingExpenses": "1786200000", "investmentIncomeNet": "None", "netInterestIncome": "-45500000", "interestIncome": "None", "interestExpense": "None", "nonInterestIncome": "None", "otherNonOperatingIncome": "None", "depreciation": "None", "depreciationAndAmortization": "131900000", "incomeBeforeTax": "372700000", "incomeTaxExpense": "49000000", "interestAndDebtExpense": "None", "netIncomeFromContinuingOperations": "323700000", "comprehensiveIncomeNetOfTax": "None", "ebit": "418300000", "ebitda": "550200000", "netIncome": "323400000"}, {"fiscalDateEnding": "2024-11-30", "reportedCurrency": "USD", "grossProfit": "612700000", "totalRevenue": "2890000000", "costOfRevenue": "2277300000", "costofGoodsAndServicesSold": "2277300000", "operatingIncome": "292100000", "sellingGeneralAndAdministrative": "144100000", "researchAndDevelopment": "None", "operatingExpenses": "320600000", "investmentIncomeNet": "None", "netInterestIncome": "-46200000", "interestIncome": "None", "interestExpense": "None", "nonInterestIncome": "None", "otherNonOperatingIncome": "None", "depreciation": "None", "depreciationAndAmortization": "127700000", "incomeBeforeTax": "245900000", "incomeTaxExpense": "30200000", "interestAndDebtExpense": "None", "netIncomeFromContinuingOperations": "215700000", "comprehensiveIncomeNetOfTax": "None", "ebit": "292100000", "ebitda": "419800000", "netIncome": "215100000"}, {"fiscalDateEnding": "2024-08-31", "reportedCurrency": "USD", "grossProfit": "562800000", "totalRevenue": "2757000000", "costOfRevenue": "2194200000", "costofGoodsAndServicesSold": "2194200000", "operatingIncome": "269200000", "sellingGeneralAndAdministrative": "126400000", "researchAndDevelopment": "None", "operatingExpenses": "293600000", "investmentIncomeNet": "None", "netInterestIncome": "-37100000", "interestIncome": "None", "interestExpense": "None", "nonInterestIncome": "None", "otherNonOperatingIncome": "None", "depreciation": "None", "depreciationAndAmortization": "121500000", "incomeBeforeTax": "232100000", "incomeTaxExpense": "24500000", "interestAndDebtExpense": "None", "netIncomeFromContinuingOperations": "207600000", "comprehensiveIncomeNetOfTax": "None", "ebit": "270100000", "ebitda": "391600000", "netIncome": "207200000"}, {"fiscalDateEnding": "2024-05-31", "reportedCurrency": "USD", "grossProfit": "538300000", "totalRevenue": "2957300000", "costOfRevenue": "2419000000", "costofGoodsAndServicesSold": "2419000000", "operatingIncome": "409500000", "sellingGeneralAndAdministrative": "102900000", "researchAndDevelopment": "None", "operatingExpenses": "128800000", "investmentIncomeNet": "None", "netInterestIncome": "-35400000", "interestIncome": "None", "interestExpense": "35400000", "nonInterestIncome": "None", "otherNonOperatingIncome": "None", "depreciation": "None", "depreciationAndAmortization": "119700000", "incomeBeforeTax": "360000000", "incomeTaxExpense": "50000000", "interestAndDebtExpense": "None", "netIncomeFromContinuingOperations": "310000000", "comprehensiveIncomeNetOfTax": "None", "ebit": "390700000", "ebitda": "510400000", "netIncome": "308100000"}, {"fiscalDateEnding": "2024-02-29", "reportedCurrency": "USD", "grossProfit": "527700000", "totalRevenue": "2974800000", "costOfRevenue": "2447100000", "costofGoodsAndServicesSold": "2447100000", "operatingIncome": "387800000", "sellingGeneralAndAdministrative": "108200000", "researchAndDevelopment": "None", "operatingExpenses": "139900000", "investmentIncomeNet": "None", "netInterestIncome": "-36500000", "interestIncome": "None", "interestExpense": "36500000", "nonInterestIncome": "None", "otherNonOperatingIncome": "None", "depreciation": "None", "depreciationAndAmortization": "117900000", "incomeBeforeTax": "350900000", "incomeTaxExpense": "37500000", "interestAndDebtExpense": "None", "netIncomeFromContinuingOperations": "313400000", "comprehensiveIncomeNetOfTax": "None", "ebit": "387800000", "ebitda": "505700000", "netIncome": "312900000"}, {"fiscalDateEnding": "2023-11-30", "reportedCurrency": "USD", "grossProfit": "550200000", "totalRevenue": "2727300000", "costOfRevenue": "2177100000", "costofGoodsAndServicesSold": "2177100000", "operatingIncome": "278500000", "sellingGeneralAndAdministrative": "114800000", "researchAndDevelopment": "None", "operatingExpenses": "264200000", "investmentIncomeNet": "None", "netInterestIncome": "-37100000", "interestIncome": "None", "interestExpense": "37500000", "nonInterestIncome": "None", "otherNonOperatingIncome": "None", "depreciation": "None", "depreciationAndAmortization": "112500000", "incomeBeforeTax": "241400000", "incomeTaxExpense": "29100000", "interestAndDebtExpense": "None", "netIncomeFromContinuingOperations": "212300000", "comprehensiveIncomeNetOfTax": "None", "ebit": "286000000", "ebitda": "398500000", "netIncome": "212100000"}, {"fiscalDateEnding": "2023-08-31", "reportedCurrency": "USD", "grossProfit": "557700000", "totalRevenue": "2730600000", "costOfRevenue": "2172900000", "costofGoodsAndServicesSold": "2172900000", "operatingIncome": "252900000", "sellingGeneralAndAdministrative": "153300000", "researchAndDevelopment": "None", "operatingExpenses": "301700000", "investmentIncomeNet": "None", "netInterestIncome": "-29700000", "interestIncome": "29700000", "interestExpense": "29700000", "nonInterestIncome": "None", "otherNonOperatingIncome": "None", "depreciation": "None", "depreciationAndAmortization": "109800000", "incomeBeforeTax": "223200000", "incomeTaxExpense": "28400000", "interestAndDebtExpense": "None", "netIncomeFromContinuingOperations": "194800000", "comprehensiveIncomeNetOfTax": "None", "ebit": "252900000", "ebitda": "362700000", "netIncome": "194500000"}, {"fiscalDateEnding": "2023-05-31", "reportedCurrency": "USD", "grossProfit": "602500000", "totalRevenue": "2769000000", "costOfRevenue": "2166500000", "costofGoodsAndServicesSold": "2166500000", "operatingIncome": "374500000", "sellingGeneralAndAdministrative": "100400000", "researchAndDevelopment": "None", "operatingExpenses": "226200000", "investmentIncomeNet": "None", "netInterestIncome": "-22100000", "interestIncome": "22100000", "interestExpense": "18200000", "nonInterestIncome": "None", "otherNonOperatingIncome": "None", "depreciation": "None", "depreciationAndAmortization": "97100000", "incomeBeforeTax": "352400000", "incomeTaxExpense": "36800000", "interestAndDebtExpense": "None", "netIncomeFromContinuingOperations": "315600000", "comprehensiveIncomeNetOfTax": "None", "ebit": "370600000", "ebitda": "467700000", "netIncome": "315100000"}, {"fiscalDateEnding": "2023-02-28", "reportedCurrency": "USD", "grossProfit": "584700000", "totalRevenue": "2786200000", "costOfRevenue": "2201500000", "costofGoodsAndServicesSold": "2201500000", "operatingIncome": "349900000", "sellingGeneralAndAdministrative": "107000000", "researchAndDevelopment": "None", "operatingExpenses": "234800000", "investmentIncomeNet": "None", "netInterestIncome": "-19600000", "interestIncome": "19600000", "interestExpense": "19600000", "nonInterestIncome": "None", "otherNonOperatingIncome": "None", "depreciation": "None", "depreciationAndAmortization": "98300000", "incomeBeforeTax": "330300000", "incomeTaxExpense": "43500000", "interestAndDebtExpense": "None", "netIncomeFromContinuingOperations": "286800000", "comprehensiveIncomeNetOfTax": "None", "ebit": "351200000", "ebitda": "449500000", "netIncome": "286600000"}, {"fiscalDateEnding": "2022-11-30", "reportedCurrency": "USD", "grossProfit": "442700000", "totalRevenue": "2486500000", "costOfRevenue": "2043800000", "costofGoodsAndServicesSold": "2043800000", "operatingIncome": "233200000", "sellingGeneralAndAdministrative": "90400000", "researchAndDevelopment": "None", "operatingExpenses": "218300000", "investmentIncomeNet": "None", "netInterestIncome": "-19800000", "interestIncome": "19800000", "interestExpense": "19700000", "nonInterestIncome": "None", "otherNonOperatingIncome": "None", "depreciation": "None", "depreciationAndAmortization": "96800000", "incomeBeforeTax": "213400000", "incomeTaxExpense": "25900000", "interestAndDebtExpense": "None", "netIncomeFromContinuingOperations": "187500000", "comprehensiveIncomeNetOfTax": "None", "ebit": "224400000", "ebitda": "321200000", "netIncome": "187200000"}, {"fiscalDateEnding": "2022-08-31", "reportedCurrency": "USD", "grossProfit": "357800000", "totalRevenue": "2446100000", "costOfRevenue": "2088300000", "costofGoodsAndServicesSold": "2088300000", "operatingIncome": "241100000", "sellingGeneralAndAdministrative": "88300000", "researchAndDevelopment": "None", "operatingExpenses": "116700000", "investmentIncomeNet": "None", "netInterestIncome": "-19800000", "interestIncome": "19800000", "interestExpense": "19800000", "nonInterestIncome": "None", "otherNonOperatingIncome": "None", "depreciation": "None", "depreciationAndAmortization": "95600000", "incomeBeforeTax": "224400000", "incomeTaxExpense": "30800000", "interestAndDebtExpense": "None", "netIncomeFromContinuingOperations": "193600000", "comprehensiveIncomeNetOfTax": "None", "ebit": "239300000", "ebitda": "334900000", "netIncome": "193000000"}, {"fiscalDateEnding": "2022-05-31", "reportedCurrency": "USD", "grossProfit": "445500000", "totalRevenue": "2602900000", "costOfRevenue": "2157400000", "costofGoodsAndServicesSold": "2157400000", "operatingIncome": "347600000", "sellingGeneralAndAdministrative": "83500000", "researchAndDevelopment": "None", "operatingExpenses": "97900000", "investmentIncomeNet": "None", "netInterestIncome": "-18900000", "interestIncome": "18900000", "interestExpense": "49800000", "nonInterestIncome": "None", "otherNonOperatingIncome": "None", "depreciation": "None", "depreciationAndAmortization": "93000000", "incomeBeforeTax": "319300000", "incomeTaxExpense": "37600000", "interestAndDebtExpense": "None", "netIncomeFromContinuingOperations": "281700000", "comprehensiveIncomeNetOfTax": "None", "ebit": "340900000", "ebitda": "433900000", "netIncome": "281700000"}, {"fiscalDateEnding": "2022-02-28", "reportedCurrency": "USD", "grossProfit": "501800000", "totalRevenue": "2448900000", "costOfRevenue": "1947100000", "costofGoodsAndServicesSold": "1947100000", "operatingIncome": "301000000", "sellingGeneralAndAdministrative": "83100000", "researchAndDevelopment": "None", "operatingExpenses": "204600000", "investmentIncomeNet": "None", "netInterestIncome": "-17500000", "interestIncome": "17500000", "interestExpense": "17500000", "nonInterestIncome": "None", "otherNonOperatingIncome": "-200000", "depreciation": "None", "depreciationAndAmortization": "94300000", "incomeBeforeTax": "283300000", "incomeTaxExpense": "35400000", "interestAndDebtExpense": "None", "netIncomeFromContinuingOperations": "247900000", "comprehensiveIncomeNetOfTax": "None", "ebit": "297000000", "ebitda": "391300000", "netIncome": "247000000"}, {"fiscalDateEnding": "2021-11-30", "reportedCurrency": "USD", "grossProfit": "448300000", "totalRevenue": "2272200000", "costOfRevenue": "1823900000", "costofGoodsAndServicesSold": "1823900000", "operatingIncome": "242900000", "sellingGeneralAndAdministrative": "91400000", "researchAndDevelopment": "None", "operatingExpenses": "205400000", "investmentIncomeNet": "None", "netInterestIncome": "-16700000", "interestIncome": "16700000", "interestExpense": "16700000", "nonInterestIncome": "None", "otherNonOperatingIncome": "-300000", "depreciation": "None", "depreciationAndAmortization": "92100000", "incomeBeforeTax": "225900000", "incomeTaxExpense": "32500000", "interestAndDebtExpense": "None", "netIncomeFromContinuingOperations": "193400000", "comprehensiveIncomeNetOfTax": "None", "ebit": "242600000", "ebitda": "334700000", "netIncome": "193200000"}, {"fiscalDateEnding": "2021-08-31", "reportedCurrency": "USD", "grossProfit": "506500000", "totalRevenue": "2306000000", "costOfRevenue": "1799500000", "costofGoodsAndServicesSold": "1799500000", "operatingIncome": "280800000", "sellingGeneralAndAdministrative": "112800000", "researchAndDevelopment": "None", "operatingExpenses": "225700000", "investmentIncomeNet": "None", "netInterestIncome": "-15600000", "interestIncome": "15600000", "interestExpense": "15600000", "nonInterestIncome": "None", "otherNonOperatingIncome": "-200000", "depreciation": "None", "depreciationAndAmortization": "89000000", "incomeBeforeTax": "265000000", "incomeTaxExpense": "33300000", "interestAndDebtExpense": "None", "netIncomeFromContinuingOperations": "231700000", "comprehensiveIncomeNetOfTax": "None", "ebit": "280600000", "ebitda": "369600000", "netIncome": "230900000"}, {"fiscalDateEnding": "2021-05-31", "reportedCurrency": "USD", "grossProfit": "539400000", "totalRevenue": "2279200000", "costOfRevenue": "1739800000", "costofGoodsAndServicesSold": "1739800000", "operatingIncome": "323400000", "sellingGeneralAndAdministrative": "97400000", "researchAndDevelopment": "None", "operatingExpenses": "210800000", "investmentIncomeNet": "None", "netInterestIncome": "-17100000", "interestIncome": "17100000", "interestExpense": "17100000", "nonInterestIncome": "None", "otherNonOperatingIncome": "-300000", "depreciation": "None", "depreciationAndAmortization": "89100000", "incomeBeforeTax": "306000000", "incomeTaxExpense": "-63000000", "interestAndDebtExpense": "None", "netIncomeFromContinuingOperations": "369000000", "comprehensiveIncomeNetOfTax": "None", "ebit": "323100000", "ebitda": "412200000", "netIncome": "368500000"}, {"fiscalDateEnding": "2021-02-28", "reportedCurrency": "USD", "grossProfit": "337400000", "totalRevenue": "1733000000", "costOfRevenue": "1395600000", "costofGoodsAndServicesSold": "1395600000", "operatingIncome": "148000000", "sellingGeneralAndAdministrative": "78900000", "researchAndDevelopment": "None", "operatingExpenses": "186300000", "investmentIncomeNet": "None", "netInterestIncome": "-15200000", "interestIncome": "15200000", "interestExpense": "15200000", "nonInterestIncome": "None", "otherNonOperatingIncome": "-500000", "depreciation": "None", "depreciationAndAmortization": "88200000", "incomeBeforeTax": "132300000", "incomeTaxExpense": "3100000", "interestAndDebtExpense": "None", "netIncomeFromContinuingOperations": "129200000", "comprehensiveIncomeNetOfTax": "None", "ebit": "151100000", "ebitda": "239300000", "netIncome": "128700000"}, {"fiscalDateEnding": "2020-11-30", "reportedCurrency": "USD", "grossProfit": "315400000", "totalRevenue": "1656500000", "costOfRevenue": "1341100000", "costofGoodsAndServicesSold": "1341100000", "operatingIncome": "120700000", "sellingGeneralAndAdministrative": "89900000", "researchAndDevelopment": "None", "operatingExpenses": "194700000", "investmentIncomeNet": "None", "netInterestIncome": "-14600000", "interestIncome": "14600000", "interestExpense": "14600000", "nonInterestIncome": "None", "otherNonOperatingIncome": "-400000", "depreciation": "None", "depreciationAndAmortization": "86000000", "incomeBeforeTax": "105700000", "incomeTaxExpense": "8800000", "interestAndDebtExpense": "None", "netIncomeFromContinuingOperations": "96900000", "comprehensiveIncomeNetOfTax": "None", "ebit": "120700000", "ebitda": "206700000", "netIncome": "96000000"}, {"fiscalDateEnding": "2020-08-31", "reportedCurrency": "USD", "grossProfit": "301300000", "totalRevenue": "1527400000", "costOfRevenue": "1226100000", "costofGoodsAndServicesSold": "1226100000", "operatingIncome": "56600000", "sellingGeneralAndAdministrative": "128300000", "researchAndDevelopment": "None", "operatingExpenses": "244700000", "investmentIncomeNet": "None", "netInterestIncome": "-16600000", "interestIncome": "16600000", "interestExpense": "16600000", "nonInterestIncome": "None", "otherNonOperatingIncome": "-7500000", "depreciation": "None", "depreciationAndAmortization": "87600000", "incomeBeforeTax": "32500000", "incomeTaxExpense": "-4800000", "interestAndDebtExpense": "None", "netIncomeFromContinuingOperations": "37300000", "comprehensiveIncomeNetOfTax": "None", "ebit": "56600000", "ebitda": "144200000", "netIncome": "36100000"}, {"fiscalDateEnding": "2020-05-31", "reportedCurrency": "USD", "grossProfit": "10500000", "totalRevenue": "1270100000", "costOfRevenue": "1259600000", "costofGoodsAndServicesSold": "1259600000", "operatingIncome": "-592100000", "sellingGeneralAndAdministrative": "86800000", "researchAndDevelopment": "None", "operatingExpenses": "212600000", "investmentIncomeNet": "None", "netInterestIncome": "-19900000", "interestIncome": "19900000", "interestExpense": "19900000", "nonInterestIncome": "None", "otherNonOperatingIncome": "1700000", "depreciation": "None", "depreciationAndAmortization": "94400000", "incomeBeforeTax": "-610300000", "incomeTaxExpense": "-130600000", "interestAndDebtExpense": "None", "netIncomeFromContinuingOperations": "-479700000", "comprehensiveIncomeNetOfTax": "None", "ebit": "-590400000", "ebitda": "-496000000", "netIncome": "-480000000"}, {"fiscalDateEnding": "2020-02-29", "reportedCurrency": "USD", "grossProfit": "538000000", "totalRevenue": "2346500000", "costOfRevenue": "1808500000", "costofGoodsAndServicesSold": "1808500000", "operatingIncome": "278300000", "sellingGeneralAndAdministrative": "100300000", "researchAndDevelopment": "None", "operatingExpenses": "259600000", "investmentIncomeNet": "None", "netInterestIncome": "-13200000", "interestIncome": "13200000", "interestExpense": "13200000", "nonInterestIncome": "None", "otherNonOperatingIncome": "None", "depreciation": "None", "depreciationAndAmortization": "87700000", "incomeBeforeTax": "265100000", "incomeTaxExpense": "31800000", "interestAndDebtExpense": "None", "netIncomeFromContinuingOperations": "233300000", "comprehensiveIncomeNetOfTax": "None", "ebit": "278400000", "ebitda": "366100000", "netIncome": "232300000"}, {"fiscalDateEnding": "2019-11-30", "reportedCurrency": "USD", "grossProfit": "405500000", "totalRevenue": "2056400000", "costOfRevenue": "1650900000", "costofGoodsAndServicesSold": "1650900000", "operatingIncome": "160200000", "sellingGeneralAndAdministrative": "91300000", "researchAndDevelopment": "None", "operatingExpenses": "245200000", "investmentIncomeNet": "None", "netInterestIncome": "-13100000", "interestIncome": "13100000", "interestExpense": "13100000", "nonInterestIncome": "None", "otherNonOperatingIncome": "-153300000", "depreciation": "None", "depreciationAndAmortization": "87600000", "incomeBeforeTax": "-6200000", "incomeTaxExpense": "-31600000", "interestAndDebtExpense": "None", "netIncomeFromContinuingOperations": "25400000", "comprehensiveIncomeNetOfTax": "None", "ebit": "160200000", "ebitda": "247800000", "netIncome": "24700000"}, {"fiscalDateEnding": "2019-08-31", "reportedCurrency": "USD", "grossProfit": "454400000", "totalRevenue": "2133900000", "costOfRevenue": "1679500000", "costofGoodsAndServicesSold": "1679500000", "operatingIncome": "201500000", "sellingGeneralAndAdministrative": "98000000", "researchAndDevelopment": "None", "operatingExpenses": "252900000", "investmentIncomeNet": "None", "netInterestIncome": "-11100000", "interestIncome": "11100000", "interestExpense": "11100000", "nonInterestIncome": "None", "otherNonOperatingIncome": "None", "depreciation": "None", "depreciationAndAmortization": "86200000", "incomeBeforeTax": "190400000", "incomeTaxExpense": "18600000", "interestAndDebtExpense": "None", "netIncomeFromContinuingOperations": "171800000", "comprehensiveIncomeNetOfTax": "None", "ebit": "201500000", "ebitda": "287700000", "netIncome": "170600000"}, {"fiscalDateEnding": "2019-05-31", "reportedCurrency": "USD", "grossProfit": "503800000", "totalRevenue": "2229100000", "costOfRevenue": "1725300000", "costofGoodsAndServicesSold": "1725300000", "operatingIncome": "229800000", "sellingGeneralAndAdministrative": "103100000", "researchAndDevelopment": "None", "operatingExpenses": "259400000", "investmentIncomeNet": "None", "netInterestIncome": "-11900000", "interestIncome": "11900000", "interestExpense": "11900000", "nonInterestIncome": "None", "otherNonOperatingIncome": "None", "depreciation": "None", "depreciationAndAmortization": "87900000", "incomeBeforeTax": "217900000", "incomeTaxExpense": "9200000", "interestAndDebtExpense": "None", "netIncomeFromContinuingOperations": "208700000", "comprehensiveIncomeNetOfTax": "None", "ebit": "229800000", "ebitda": "317700000", "netIncome": "208000000"}, {"fiscalDateEnding": "2019-02-28", "reportedCurrency": "USD", "grossProfit": "517600000", "totalRevenue": "2246500000", "costOfRevenue": "1728900000", "costofGoodsAndServicesSold": "1728900000", "operatingIncome": "265500000", "sellingGeneralAndAdministrative": "102800000", "researchAndDevelopment": "0", "operatingExpenses": "250500000", "investmentIncomeNet": "None", "netInterestIncome": "-12400000", "interestIncome": "None", "interestExpense": "12400000", "nonInterestIncome": "None", "otherNonOperatingIncome": "None", "depreciation": "None", "depreciationAndAmortization": "85300000", "incomeBeforeTax": "253100000", "incomeTaxExpense": "28000000", "interestAndDebtExpense": "None", "netIncomeFromContinuingOperations": "225100000", "comprehensiveIncomeNetOfTax": "None", "ebit": "267100000", "ebitda": "352400000", "netIncome": "223600000"}, {"fiscalDateEnding": "2018-11-30", "reportedCurrency": "USD", "grossProfit": "386700000", "totalRevenue": "1973400000", "costOfRevenue": "1586700000", "costofGoodsAndServicesSold": "1586700000", "operatingIncome": "148100000", "sellingGeneralAndAdministrative": "95100000", "researchAndDevelopment": "0", "operatingExpenses": "235900000", "investmentIncomeNet": "None", "netInterestIncome": "None", "interestIncome": "None", "interestExpense": "12800000", "nonInterestIncome": "None", "otherNonOperatingIncome": "None", "depreciation": "None", "depreciationAndAmortization": "82800000", "incomeBeforeTax": "135300000", "incomeTaxExpense": "19400000", "interestAndDebtExpense": "None", "netIncomeFromContinuingOperations": "115900000", "comprehensiveIncomeNetOfTax": "None", "ebit": "150800000", "ebitda": "233600000", "netIncome": "115600000"}, {"fiscalDateEnding": "2018-08-31", "reportedCurrency": "USD", "grossProfit": "440900000", "totalRevenue": "2061400000", "costOfRevenue": "1620500000", "costofGoodsAndServicesSold": "1620500000", "operatingIncome": "189100000", "sellingGeneralAndAdministrative": "104500000", "researchAndDevelopment": "0", "operatingExpenses": "251700000", "investmentIncomeNet": "None", "netInterestIncome": "None", "interestIncome": "None", "interestExpense": "13100000", "nonInterestIncome": "None", "otherNonOperatingIncome": "None", "depreciation": "None", "depreciationAndAmortization": "80700000", "incomeBeforeTax": "176000000", "incomeTaxExpense": "7100000", "interestAndDebtExpense": "None", "netIncomeFromContinuingOperations": "168900000", "comprehensiveIncomeNetOfTax": "None", "ebit": "189200000", "ebitda": "269900000", "netIncome": "166200000"}, {"fiscalDateEnding": "2018-05-31", "reportedCurrency": "USD", "grossProfit": "485600000", "totalRevenue": "2134100000", "costOfRevenue": "1648500000", "costofGoodsAndServicesSold": "1648500000", "operatingIncome": "230000000", "sellingGeneralAndAdministrative": "102800000", "researchAndDevelopment": "0", "operatingExpenses": "251100000", "investmentIncomeNet": "None", "netInterestIncome": "None", "interestIncome": "None", "interestExpense": "13200000", "nonInterestIncome": "None", "otherNonOperatingIncome": "None", "depreciation": "None", "depreciationAndAmortization": "79000000", "incomeBeforeTax": "216800000", "incomeTaxExpense": "41400000", "interestAndDebtExpense": "None", "netIncomeFromContinuingOperations": "175400000", "comprehensiveIncomeNetOfTax": "None", "ebit": "230000000", "ebitda": "309000000", "netIncome": "174500000"}, {"fiscalDateEnding": "2018-02-28", "reportedCurrency": "USD", "grossProfit": "481300000", "totalRevenue": "2128400000", "costOfRevenue": "1647100000", "costofGoodsAndServicesSold": "1647100000", "operatingIncome": "233400000", "sellingGeneralAndAdministrative": "110100000", "researchAndDevelopment": "0", "operatingExpenses": "248200000", "investmentIncomeNet": "None", "netInterestIncome": "None", "interestIncome": "None", "interestExpense": "117400000", "nonInterestIncome": "None", "otherNonOperatingIncome": "None", "depreciation": "None", "depreciationAndAmortization": "79200000", "incomeBeforeTax": "116000000", "incomeTaxExpense": "-102500000", "interestAndDebtExpense": "None", "netIncomeFromContinuingOperations": "218500000", "comprehensiveIncomeNetOfTax": "None", "ebit": "233100000", "ebitda": "312300000", "netIncome": "217800000"}, {"fiscalDateEnding": "2017-11-30", "reportedCurrency": "USD", "grossProfit": "364700000", "totalRevenue": "1881500000", "costOfRevenue": "1516800000", "costofGoodsAndServicesSold": "1516800000", "operatingIncome": "128900000", "sellingGeneralAndAdministrative": "98900000", "researchAndDevelopment": "0", "operatingExpenses": "235800000", "investmentIncomeNet": "None", "netInterestIncome": "None", "interestIncome": "None", "interestExpense": "15500000", "nonInterestIncome": "None", "otherNonOperatingIncome": "None", "depreciation": "None", "depreciationAndAmortization": "78800000", "incomeBeforeTax": "113400000", "incomeTaxExpense": "24800000", "interestAndDebtExpense": "None", "netIncomeFromContinuingOperations": "88600000", "comprehensiveIncomeNetOfTax": "None", "ebit": "128900000", "ebitda": "207700000", "netIncome": "84700000"}, {"fiscalDateEnding": "2017-08-31", "reportedCurrency": "USD", "grossProfit": "413800000", "totalRevenue": "1936100000", "costOfRevenue": "1522300000", "costofGoodsAndServicesSold": "1522300000", "operatingIncome": "174500000", "sellingGeneralAndAdministrative": "98000000", "researchAndDevelopment": "0", "operatingExpenses": "240100000", "investmentIncomeNet": "None", "netInterestIncome": "None", "interestIncome": "None", "interestExpense": "15000000", "nonInterestIncome": "None", "otherNonOperatingIncome": "None", "depreciation": "None", "depreciationAndAmortization": "76100000", "incomeBeforeTax": "159500000", "incomeTaxExpense": "38200000", "interestAndDebtExpense": "None", "netIncomeFromContinuingOperations": "121300000", "comprehensiveIncomeNetOfTax": "None", "ebit": "173700000", "ebitda": "249800000", "netIncome": "119000000"}, {"fiscalDateEnding": "2017-05-31", "reportedCurrency": "USD", "grossProfit": "438200000", "totalRevenue": "1934600000", "costOfRevenue": "1496400000", "costofGoodsAndServicesSold": "1496400000", "operatingIncome": "170200000", "sellingGeneralAndAdministrative": "133300000", "researchAndDevelopment": "0", "operatingExpenses": "268000000", "investmentIncomeNet": "None", "netInterestIncome": "None", "interestIncome": "None", "interestExpense": "11500000", "nonInterestIncome": "None", "otherNonOperatingIncome": "None", "depreciation": "None", "depreciationAndAmortization": "70400000", "incomeBeforeTax": "158700000", "incomeTaxExpense": "33300000", "interestAndDebtExpense": "None", "netIncomeFromContinuingOperations": "-31600000", "comprehensiveIncomeNetOfTax": "None", "ebit": "170200000", "ebitda": "240600000", "netIncome": "123800000"}, {"fiscalDateEnding": "2017-02-28", "reportedCurrency": "USD", "grossProfit": "438500000", "totalRevenue": "1878700000", "costOfRevenue": "1440200000", "costofGoodsAndServicesSold": "1440200000", "operatingIncome": "229500000", "sellingGeneralAndAdministrative": "87200000", "researchAndDevelopment": "0", "operatingExpenses": "209700000", "investmentIncomeNet": "None", "netInterestIncome": "None", "interestIncome": "None", "interestExpense": "9300000", "nonInterestIncome": "None", "otherNonOperatingIncome": "-700000", "depreciation": "None", "depreciationAndAmortization": "67900000", "incomeBeforeTax": "220200000", "incomeTaxExpense": "53900000", "interestAndDebtExpense": "None", "netIncomeFromContinuingOperations": "166300000", "comprehensiveIncomeNetOfTax": "None", "ebit": "228800000", "ebitda": "296700000", "netIncome": "165600000"}, {"fiscalDateEnding": "2016-11-30", "reportedCurrency": "USD", "grossProfit": "321000000", "totalRevenue": "1642500000", "costOfRevenue": "1321500000", "costofGoodsAndServicesSold": "1321500000", "operatingIncome": "116500000", "sellingGeneralAndAdministrative": "79500000", "researchAndDevelopment": "0", "operatingExpenses": "204400000", "investmentIncomeNet": "None", "netInterestIncome": "None", "interestIncome": "None", "interestExpense": "9500000", "nonInterestIncome": "None", "otherNonOperatingIncome": "100000", "depreciation": "None", "depreciationAndAmortization": "67800000", "incomeBeforeTax": "107000000", "incomeTaxExpense": "27300000", "interestAndDebtExpense": "None", "netIncomeFromContinuingOperations": "79700000", "comprehensiveIncomeNetOfTax": "None", "ebit": "116600000", "ebitda": "184400000", "netIncome": "79500000"}, {"fiscalDateEnding": "2016-08-31", "reportedCurrency": "USD", "grossProfit": "371700000", "totalRevenue": "1714400000", "costOfRevenue": "1342700000", "costofGoodsAndServicesSold": "1342700000", "operatingIncome": "161300000", "sellingGeneralAndAdministrative": "87700000", "researchAndDevelopment": "0", "operatingExpenses": "218200000", "investmentIncomeNet": "None", "netInterestIncome": "None", "interestIncome": "None", "interestExpense": "9900000", "nonInterestIncome": "None", "otherNonOperatingIncome": "-7800000", "depreciation": "None", "depreciationAndAmortization": "66800000", "incomeBeforeTax": "151400000", "incomeTaxExpense": "40300000", "interestAndDebtExpense": "None", "netIncomeFromContinuingOperations": "111100000", "comprehensiveIncomeNetOfTax": "None", "ebit": "153500000", "ebitda": "220300000", "netIncome": "110200000"}, {"fiscalDateEnding": "2016-05-31", "reportedCurrency": "USD", "grossProfit": "407900000", "totalRevenue": "1790200000", "costOfRevenue": "1382300000", "costofGoodsAndServicesSold": "1382300000", "operatingIncome": "185100000", "sellingGeneralAndAdministrative": "90700000", "researchAndDevelopment": "0", "operatingExpenses": "220900000", "investmentIncomeNet": "None", "netInterestIncome": "None", "interestIncome": "None", "interestExpense": "9700000", "nonInterestIncome": "None", "otherNonOperatingIncome": "None", "depreciation": "None", "depreciationAndAmortization": "66800000", "incomeBeforeTax": "175400000", "incomeTaxExpense": "35000000", "interestAndDebtExpense": "None", "netIncomeFromContinuingOperations": "359700000", "comprehensiveIncomeNetOfTax": "None", "ebit": "182300000", "ebitda": "249100000", "netIncome": "139600000"}, {"fiscalDateEnding": "2016-02-29", "reportedCurrency": "USD", "grossProfit": "432000000", "totalRevenue": "1847500000", "costOfRevenue": "1415500000", "costofGoodsAndServicesSold": "1415500000", "operatingIncome": "221200000", "sellingGeneralAndAdministrative": "95200000", "researchAndDevelopment": "0", "operatingExpenses": "212900000", "investmentIncomeNet": "None", "netInterestIncome": "None", "interestIncome": "None", "interestExpense": "83100000", "nonInterestIncome": "None", "otherNonOperatingIncome": "None", "depreciation": "None", "depreciationAndAmortization": "67000000", "incomeBeforeTax": "138100000", "incomeTaxExpense": "29900000", "interestAndDebtExpense": "None", "netIncomeFromContinuingOperations": "108200000", "comprehensiveIncomeNetOfTax": "None", "ebit": "219100000", "ebitda": "286100000", "netIncome": "105800000"}, {"fiscalDateEnding": "2015-11-30", "reportedCurrency": "USD", "grossProfit": "324900000", "totalRevenue": "1608800000", "costOfRevenue": "1283900000", "costofGoodsAndServicesSold": "1283900000", "operatingIncome": "81700000", "sellingGeneralAndAdministrative": "101900000", "researchAndDevelopment": "0", "operatingExpenses": "235500000", "investmentIncomeNet": "None", "netInterestIncome": "None", "interestIncome": "None", "interestExpense": "57300000", "nonInterestIncome": "None", "otherNonOperatingIncome": "None", "depreciation": "None", "depreciationAndAmortization": "75300000", "incomeBeforeTax": "24400000", "incomeTaxExpense": "-5700000", "interestAndDebtExpense": "None", "netIncomeFromContinuingOperations": "0", "comprehensiveIncomeNetOfTax": "None", "ebit": "89400000", "ebitda": "164700000", "netIncome": "43200000"}, {"fiscalDateEnding": "2015-08-31", "reportedCurrency": "USD", "grossProfit": "376300000", "totalRevenue": "1687000000", "costOfRevenue": "1310700000", "costofGoodsAndServicesSold": "1310700000", "operatingIncome": "134200000", "sellingGeneralAndAdministrative": "97100000", "researchAndDevelopment": "0", "operatingExpenses": "243800000", "investmentIncomeNet": "None", "netInterestIncome": "None", "interestIncome": "None", "interestExpense": "22400000", "nonInterestIncome": "None", "otherNonOperatingIncome": "None", "depreciation": "None", "depreciationAndAmortization": "81100000", "incomeBeforeTax": "111800000", "incomeTaxExpense": "30800000", "interestAndDebtExpense": "None", "netIncomeFromContinuingOperations": "81000000", "comprehensiveIncomeNetOfTax": "None", "ebit": "132500000", "ebitda": "213600000", "netIncome": "86400000"}, {"fiscalDateEnding": "2015-05-31", "reportedCurrency": "USD", "grossProfit": "431400000", "totalRevenue": "1878300000", "costOfRevenue": "1446900000", "costofGoodsAndServicesSold": "1446900000", "operatingIncome": "150500000", "sellingGeneralAndAdministrative": "119500000", "researchAndDevelopment": "0", "operatingExpenses": "265900000", "investmentIncomeNet": "None", "netInterestIncome": "None", "interestIncome": "None", "interestExpense": "24000000", "nonInterestIncome": "None", "otherNonOperatingIncome": "None", "depreciation": "None", "depreciationAndAmortization": "80900000", "incomeBeforeTax": "126500000", "incomeTaxExpense": "8400000", "interestAndDebtExpense": "None", "netIncomeFromContinuingOperations": "118100000", "comprehensiveIncomeNetOfTax": "None", "ebit": "180500000", "ebitda": "261400000", "netIncome": "105300000"}, {"fiscalDateEnding": "2015-02-28", "reportedCurrency": "USD", "grossProfit": "388600000", "totalRevenue": "1730900000", "costOfRevenue": "1342300000", "costofGoodsAndServicesSold": "1342300000", "operatingIncome": "174800000", "sellingGeneralAndAdministrative": "134200000", "researchAndDevelopment": "0", "operatingExpenses": "213800000", "investmentIncomeNet": "None", "netInterestIncome": "None", "interestIncome": "None", "interestExpense": "23300000", "nonInterestIncome": "None", "otherNonOperatingIncome": "None", "depreciation": "None", "depreciationAndAmortization": "79600000", "incomeBeforeTax": "147100000", "incomeTaxExpense": "18700000", "interestAndDebtExpense": "None", "netIncomeFromContinuingOperations": "128400000", "comprehensiveIncomeNetOfTax": "None", "ebit": "171200000", "ebitda": "250800000", "netIncome": "133800000"}, {"fiscalDateEnding": "2014-11-30", "reportedCurrency": "USD", "grossProfit": "289300000", "totalRevenue": "1559000000", "costOfRevenue": "1269700000", "costofGoodsAndServicesSold": "1269700000", "operatingIncome": "18800000", "sellingGeneralAndAdministrative": "190400000", "researchAndDevelopment": "0", "operatingExpenses": "270500000", "investmentIncomeNet": "None", "netInterestIncome": "None", "interestIncome": "None", "interestExpense": "33700000", "nonInterestIncome": "None", "otherNonOperatingIncome": "None", "depreciation": "None", "depreciationAndAmortization": "80100000", "incomeBeforeTax": "-54600000", "incomeTaxExpense": "-23800000", "interestAndDebtExpense": "None", "netIncomeFromContinuingOperations": "-30800000", "comprehensiveIncomeNetOfTax": "None", "ebit": "18400000", "ebitda": "98500000", "netIncome": "-32800000"}, {"fiscalDateEnding": "2014-08-31", "reportedCurrency": "USD", "grossProfit": "313200000", "totalRevenue": "1595800000", "costOfRevenue": "1282600000", "costofGoodsAndServicesSold": "1282600000", "operatingIncome": "74500000", "sellingGeneralAndAdministrative": "160000000", "researchAndDevelopment": "0", "operatingExpenses": "238700000", "investmentIncomeNet": "None", "netInterestIncome": "None", "interestIncome": "None", "interestExpense": "111300000", "nonInterestIncome": "None", "otherNonOperatingIncome": "None", "depreciation": "None", "depreciationAndAmortization": "78700000", "incomeBeforeTax": "-43700000", "incomeTaxExpense": "-24400000", "interestAndDebtExpense": "None", "netIncomeFromContinuingOperations": "-19300000", "comprehensiveIncomeNetOfTax": "None", "ebit": "74600000", "ebitda": "153300000", "netIncome": "-19300000"}, {"fiscalDateEnding": "2014-05-31", "reportedCurrency": "USD", "grossProfit": "334100000", "totalRevenue": "1650100000", "costOfRevenue": "1316000000", "costofGoodsAndServicesSold": "1316000000", "operatingIncome": "400000", "sellingGeneralAndAdministrative": "171500000", "researchAndDevelopment": "13500000", "operatingExpenses": "249800000", "investmentIncomeNet": "None", "netInterestIncome": "None", "interestIncome": "None", "interestExpense": "35600000", "nonInterestIncome": "None", "otherNonOperatingIncome": "None", "depreciation": "None", "depreciationAndAmortization": "-17500000", "incomeBeforeTax": "33900000", "incomeTaxExpense": "-14500000", "interestAndDebtExpense": "None", "netIncomeFromContinuingOperations": "183200000", "comprehensiveIncomeNetOfTax": "None", "ebit": "-17300000", "ebitda": "-34800000", "netIncome": "86500000"}, {"fiscalDateEnding": "2014-02-28", "reportedCurrency": "USD", "grossProfit": "472200000", "totalRevenue": "2233100000", "costOfRevenue": "1760900000", "costofGoodsAndServicesSold": "1760900000", "operatingIncome": "154400000", "sellingGeneralAndAdministrative": "209300000", "researchAndDevelopment": "0", "operatingExpenses": "317800000", "investmentIncomeNet": "None", "netInterestIncome": "None", "interestIncome": "None", "interestExpense": "33100000", "nonInterestIncome": "None", "otherNonOperatingIncome": "None", "depreciation": "None", "depreciationAndAmortization": "108500000", "incomeBeforeTax": "121300000", "incomeTaxExpense": "11800000", "interestAndDebtExpense": "None", "netIncomeFromContinuingOperations": "109500000", "comprehensiveIncomeNetOfTax": "None", "ebit": "154400000", "ebitda": "262900000", "netIncome": "109700000"}, {"fiscalDateEnding": "2013-11-30", "reportedCurrency": "USD", "grossProfit": "379800000", "totalRevenue": "2049900000", "costOfRevenue": "1670100000", "costofGoodsAndServicesSold": "1670100000", "operatingIncome": "51000000", "sellingGeneralAndAdministrative": "221100000", "researchAndDevelopment": "0", "operatingExpenses": "328800000", "investmentIncomeNet": "None", "netInterestIncome": "None", "interestIncome": "None", "interestExpense": "32900000", "nonInterestIncome": "None", "otherNonOperatingIncome": "None", "depreciation": "None", "depreciationAndAmortization": "107600000", "incomeBeforeTax": "18100000", "incomeTaxExpense": "-1700000", "interestAndDebtExpense": "None", "netIncomeFromContinuingOperations": "19800000", "comprehensiveIncomeNetOfTax": "None", "ebit": "14500000", "ebitda": "122100000", "netIncome": "19800000"}, {"fiscalDateEnding": "2013-08-31", "reportedCurrency": "USD", "grossProfit": "457200000", "totalRevenue": "2158500000", "costOfRevenue": "1701300000", "costofGoodsAndServicesSold": "1701300000", "operatingIncome": "121400000", "sellingGeneralAndAdministrative": "230000000", "researchAndDevelopment": "0", "operatingExpenses": "335800000", "investmentIncomeNet": "None", "netInterestIncome": "None", "interestIncome": "None", "interestExpense": "32700000", "nonInterestIncome": "None", "otherNonOperatingIncome": "None", "depreciation": "None", "depreciationAndAmortization": "105800000", "incomeBeforeTax": "88700000", "incomeTaxExpense": "18400000", "interestAndDebtExpense": "None", "netIncomeFromContinuingOperations": "0", "comprehensiveIncomeNetOfTax": "None", "ebit": "121400000", "ebitda": "227200000", "netIncome": "70200000"}, {"fiscalDateEnding": "2013-05-31", "reportedCurrency": "USD", "grossProfit": "508800000", "totalRevenue": "2299000000", "costOfRevenue": "1790200000", "costofGoodsAndServicesSold": "1790200000", "operatingIncome": "193000000", "sellingGeneralAndAdministrative": "213800000", "researchAndDevelopment": "6300000", "operatingExpenses": "315800000", "investmentIncomeNet": "None", "netInterestIncome": "None", "interestIncome": "None", "interestExpense": "33200000", "nonInterestIncome": "None", "otherNonOperatingIncome": "None", "depreciation": "None", "depreciationAndAmortization": "102000000", "incomeBeforeTax": "159800000", "incomeTaxExpense": "26500000", "interestAndDebtExpense": "None", "netIncomeFromContinuingOperations": "0", "comprehensiveIncomeNetOfTax": "None", "ebit": "193900000", "ebitda": "295900000", "netIncome": "133200000"}, {"fiscalDateEnding": "2013-02-28", "reportedCurrency": "USD", "grossProfit": "505900000", "totalRevenue": "2258200000", "costOfRevenue": "1752300000", "costofGoodsAndServicesSold": "1752300000", "operatingIncome": "205100000", "sellingGeneralAndAdministrative": "199800000", "researchAndDevelopment": "0", "operatingExpenses": "300800000", "investmentIncomeNet": "None", "netInterestIncome": "None", "interestIncome": "None", "interestExpense": "31900000", "nonInterestIncome": "None", "otherNonOperatingIncome": "None", "depreciation": "None", "depreciationAndAmortization": "101000000", "incomeBeforeTax": "173200000", "incomeTaxExpense": "38700000", "interestAndDebtExpense": "None", "netIncomeFromContinuingOperations": "0", "comprehensiveIncomeNetOfTax": "None", "ebit": "205100000", "ebitda": "306100000", "netIncome": "134400000"}, {"fiscalDateEnding": "2012-11-30", "reportedCurrency": "USD", "grossProfit": "391300000", "totalRevenue": "1960000000", "costOfRevenue": "1568700000", "costofGoodsAndServicesSold": "1568700000", "operatingIncome": "76000000", "sellingGeneralAndAdministrative": "216100000", "researchAndDevelopment": "0", "operatingExpenses": "315300000", "investmentIncomeNet": "None", "netInterestIncome": "None", "interestIncome": "None", "interestExpense": "32900000", "nonInterestIncome": "None", "otherNonOperatingIncome": "None", "depreciation": "None", "depreciationAndAmortization": "99200000", "incomeBeforeTax": "43100000", "incomeTaxExpense": "9400000", "interestAndDebtExpense": "None", "netIncomeFromContinuingOperations": "33700000", "comprehensiveIncomeNetOfTax": "None", "ebit": "76000000", "ebitda": "175200000", "netIncome": "33600000"}, {"fiscalDateEnding": "2012-08-31", "reportedCurrency": "USD", "grossProfit": "485000000", "totalRevenue": "2034800000", "costOfRevenue": "1549800000", "costofGoodsAndServicesSold": "1549800000", "operatingIncome": "174200000", "sellingGeneralAndAdministrative": "218200000", "researchAndDevelopment": "0", "operatingExpenses": "310800000", "investmentIncomeNet": "None", "netInterestIncome": "None", "interestIncome": "None", "interestExpense": "27900000", "nonInterestIncome": "None", "otherNonOperatingIncome": "None", "depreciation": "None", "depreciationAndAmortization": "92600000", "incomeBeforeTax": "146300000", "incomeTaxExpense": "35300000", "interestAndDebtExpense": "None", "netIncomeFromContinuingOperations": "0", "comprehensiveIncomeNetOfTax": "None", "ebit": "174200000", "ebitda": "266800000", "netIncome": "110800000"}, {"fiscalDateEnding": "2012-05-31", "reportedCurrency": "USD", "grossProfit": "496800000", "totalRevenue": "2065600000", "costOfRevenue": "1568800000", "costofGoodsAndServicesSold": "1568800000", "operatingIncome": "227800000", "sellingGeneralAndAdministrative": "178500000", "researchAndDevelopment": "0", "operatingExpenses": "269000000", "investmentIncomeNet": "None", "netInterestIncome": "None", "interestIncome": "None", "interestExpense": "27100000", "nonInterestIncome": "None", "otherNonOperatingIncome": "None", "depreciation": "None", "depreciationAndAmortization": "90300000", "incomeBeforeTax": "200700000", "incomeTaxExpense": "49100000", "interestAndDebtExpense": "None", "netIncomeFromContinuingOperations": "0", "comprehensiveIncomeNetOfTax": "None", "ebit": "227800000", "ebitda": "318100000", "netIncome": "151200000"}, {"fiscalDateEnding": "2012-02-29", "reportedCurrency": "USD", "grossProfit": "532400000", "totalRevenue": "2159700000", "costOfRevenue": "1627300000", "costofGoodsAndServicesSold": "1627300000", "operatingIncome": "245500000", "sellingGeneralAndAdministrative": "198000000", "researchAndDevelopment": "0", "operatingExpenses": "286900000", "investmentIncomeNet": "None", "netInterestIncome": "None", "interestIncome": "None", "interestExpense": "27700000", "nonInterestIncome": "None", "otherNonOperatingIncome": "None", "depreciation": "None", "depreciationAndAmortization": "89000000", "incomeBeforeTax": "217800000", "incomeTaxExpense": "53700000", "interestAndDebtExpense": "None", "netIncomeFromContinuingOperations": "0", "comprehensiveIncomeNetOfTax": "None", "ebit": "245500000", "ebitda": "334500000", "netIncome": "164100000"}, {"fiscalDateEnding": "2011-11-30", "reportedCurrency": "USD", "grossProfit": "370900000", "totalRevenue": "1831500000", "costOfRevenue": "1460600000", "costofGoodsAndServicesSold": "1460600000", "operatingIncome": "97700000", "sellingGeneralAndAdministrative": "187400000", "researchAndDevelopment": "0", "operatingExpenses": "273200000", "investmentIncomeNet": "None", "netInterestIncome": "None", "interestIncome": "None", "interestExpense": "25200000", "nonInterestIncome": "None", "otherNonOperatingIncome": "None", "depreciation": "None", "depreciationAndAmortization": "85700000", "incomeBeforeTax": "72500000", "incomeTaxExpense": "18400000", "interestAndDebtExpense": "None", "netIncomeFromContinuingOperations": "0", "comprehensiveIncomeNetOfTax": "None", "ebit": "97800000", "ebitda": "183500000", "netIncome": "53700000"}, {"fiscalDateEnding": "2011-08-31", "reportedCurrency": "USD", "grossProfit": "435600000", "totalRevenue": "1942000000", "costOfRevenue": "1506400000", "costofGoodsAndServicesSold": "1506400000", "operatingIncome": "168700000", "sellingGeneralAndAdministrative": "182800000", "researchAndDevelopment": "0", "operatingExpenses": "266900000", "investmentIncomeNet": "None", "netInterestIncome": "None", "interestIncome": "None", "interestExpense": "21700000", "nonInterestIncome": "None", "otherNonOperatingIncome": "None", "depreciation": "None", "depreciationAndAmortization": "84100000", "incomeBeforeTax": "147000000", "incomeTaxExpense": "40200000", "interestAndDebtExpense": "None", "netIncomeFromContinuingOperations": "106800000", "comprehensiveIncomeNetOfTax": "None", "ebit": "168700000", "ebitda": "252800000", "netIncome": "106600000"}, {"fiscalDateEnding": "2011-05-31", "reportedCurrency": "USD", "grossProfit": "476200000", "totalRevenue": "1990400000", "costOfRevenue": "1514200000", "costofGoodsAndServicesSold": "1514200000", "operatingIncome": "212500000", "sellingGeneralAndAdministrative": "182100000", "researchAndDevelopment": "0", "operatingExpenses": "263700000", "investmentIncomeNet": "None", "netInterestIncome": "None", "interestIncome": "None", "interestExpense": "21500000", "nonInterestIncome": "None", "otherNonOperatingIncome": "None", "depreciation": "None", "depreciationAndAmortization": "81600000", "incomeBeforeTax": "186300000", "incomeTaxExpense": "48400000", "interestAndDebtExpense": "None", "netIncomeFromContinuingOperations": "0", "comprehensiveIncomeNetOfTax": "None", "ebit": "208700000", "ebitda": "290300000", "netIncome": "137500000"}, {"fiscalDateEnding": "2011-02-28", "reportedCurrency": "USD", "grossProfit": "498400000", "totalRevenue": "1976800000", "costOfRevenue": "1478400000", "costofGoodsAndServicesSold": "1478400000", "operatingIncome": "223100000", "sellingGeneralAndAdministrative": "194800000", "researchAndDevelopment": "0", "operatingExpenses": "275300000", "investmentIncomeNet": "None", "netInterestIncome": "None", "interestIncome": "None", "interestExpense": "24000000", "nonInterestIncome": "None", "otherNonOperatingIncome": "None", "depreciation": "None", "depreciationAndAmortization": "80500000", "incomeBeforeTax": "199100000", "incomeTaxExpense": "47400000", "interestAndDebtExpense": "None", "netIncomeFromContinuingOperations": "151700000", "comprehensiveIncomeNetOfTax": "None", "ebit": "223100000", "ebitda": "303600000", "netIncome": "151200000"}, {"fiscalDateEnding": "2010-11-30", "reportedCurrency": "USD", "grossProfit": "384700000", "totalRevenue": "1726200000", "costOfRevenue": "1341500000", "costofGoodsAndServicesSold": "1341500000", "operatingIncome": "126700000", "sellingGeneralAndAdministrative": "180000000", "researchAndDevelopment": "0", "operatingExpenses": "258000000", "investmentIncomeNet": "None", "netInterestIncome": "None", "interestIncome": "None", "interestExpense": "23500000", "nonInterestIncome": "None", "otherNonOperatingIncome": "None", "depreciation": "None", "depreciationAndAmortization": "78000000", "incomeBeforeTax": "103200000", "incomeTaxExpense": "27400000", "interestAndDebtExpense": "None", "netIncomeFromContinuingOperations": "75800000", "comprehensiveIncomeNetOfTax": "None", "ebit": "126700000", "ebitda": "204700000", "netIncome": "74500000"}, {"fiscalDateEnding": "2010-08-31", "reportedCurrency": "USD", "grossProfit": "441300000", "totalRevenue": "1806700000", "costOfRevenue": "1365400000", "costofGoodsAndServicesSold": "1365400000", "operatingIncome": "183700000", "sellingGeneralAndAdministrative": "180900000", "researchAndDevelopment": "0", "operatingExpenses": "257600000", "investmentIncomeNet": "None", "netInterestIncome": "None", "interestIncome": "None", "interestExpense": "24600000", "nonInterestIncome": "None", "otherNonOperatingIncome": "None", "depreciation": "None", "depreciationAndAmortization": "76700000", "incomeBeforeTax": "159100000", "incomeTaxExpense": "45800000", "interestAndDebtExpense": "None", "netIncomeFromContinuingOperations": "0", "comprehensiveIncomeNetOfTax": "None", "ebit": "183700000", "ebitda": "260400000", "netIncome": "113100000"}, {"fiscalDateEnding": "2010-05-31", "reportedCurrency": "USD", "grossProfit": "438200000", "totalRevenue": "1863800000", "costOfRevenue": "1425600000", "costofGoodsAndServicesSold": "1425600000", "operatingIncome": "188300000", "sellingGeneralAndAdministrative": "173800000", "researchAndDevelopment": "0", "operatingExpenses": "249900000", "investmentIncomeNet": "None", "netInterestIncome": "None", "interestIncome": "None", "interestExpense": "24900000", "nonInterestIncome": "None", "otherNonOperatingIncome": "None", "depreciation": "None", "depreciationAndAmortization": "76100000", "incomeBeforeTax": "157200000", "incomeTaxExpense": "41200000", "interestAndDebtExpense": "None", "netIncomeFromContinuingOperations": "0", "comprehensiveIncomeNetOfTax": "None", "ebit": "183400000", "ebitda": "259500000", "netIncome": "115600000"}, {"fiscalDateEnding": "2010-02-28", "reportedCurrency": "USD", "grossProfit": "443800000", "totalRevenue": "1874000000", "costOfRevenue": "1430200000", "costofGoodsAndServicesSold": "1430200000", "operatingIncome": "196200000", "sellingGeneralAndAdministrative": "169500000", "researchAndDevelopment": "0", "operatingExpenses": "247600000", "investmentIncomeNet": "None", "netInterestIncome": "None", "interestIncome": "None", "interestExpense": "20800000", "nonInterestIncome": "None", "otherNonOperatingIncome": "None", "depreciation": "None", "depreciationAndAmortization": "78100000", "incomeBeforeTax": "175400000", "incomeTaxExpense": "40600000", "interestAndDebtExpense": "None", "netIncomeFromContinuingOperations": "0", "comprehensiveIncomeNetOfTax": "None", "ebit": "196200000", "ebitda": "274300000", "netIncome": "134300000"}, {"fiscalDateEnding": "2009-11-30", "reportedCurrency": "USD", "grossProfit": "348900000", "totalRevenue": "1641300000", "costOfRevenue": "1292400000", "costofGoodsAndServicesSold": "1292400000", "operatingIncome": "105200000", "sellingGeneralAndAdministrative": "169800000", "researchAndDevelopment": "0", "operatingExpenses": "243700000", "investmentIncomeNet": "None", "netInterestIncome": "None", "interestIncome": "None", "interestExpense": "24500000", "nonInterestIncome": "None", "otherNonOperatingIncome": "None", "depreciation": "None", "depreciationAndAmortization": "73800000", "incomeBeforeTax": "80700000", "incomeTaxExpense": "19500000", "interestAndDebtExpense": "None", "netIncomeFromContinuingOperations": "0", "comprehensiveIncomeNetOfTax": "None", "ebit": "105200000", "ebitda": "179000000", "netIncome": "60300000"}, {"fiscalDateEnding": "2009-08-31", "reportedCurrency": "USD", "grossProfit": "398300000", "totalRevenue": "1734000000", "costOfRevenue": "1335700000", "costofGoodsAndServicesSold": "1335700000", "operatingIncome": "154000000", "sellingGeneralAndAdministrative": "171400000", "researchAndDevelopment": "0", "operatingExpenses": "244300000", "investmentIncomeNet": "None", "netInterestIncome": "None", "interestIncome": "None", "interestExpense": "23700000", "nonInterestIncome": "None", "otherNonOperatingIncome": "None", "depreciation": "None", "depreciationAndAmortization": "72900000", "incomeBeforeTax": "130300000", "incomeTaxExpense": "35300000", "interestAndDebtExpense": "None", "netIncomeFromContinuingOperations": "0", "comprehensiveIncomeNetOfTax": "None", "ebit": "154000000", "ebitda": "226900000", "netIncome": "94300000"}, {"fiscalDateEnding": "2009-05-31", "reportedCurrency": "USD", "grossProfit": "467100000", "totalRevenue": "1975600000", "costOfRevenue": "1508500000", "costofGoodsAndServicesSold": "1508500000", "operatingIncome": "193800000", "sellingGeneralAndAdministrative": "188700000", "researchAndDevelopment": "0", "operatingExpenses": "261300000", "investmentIncomeNet": "None", "netInterestIncome": "None", "interestIncome": "None", "interestExpense": "26700000", "nonInterestIncome": "None", "otherNonOperatingIncome": "None", "depreciation": "None", "depreciationAndAmortization": "69900000", "incomeBeforeTax": "167100000", "incomeTaxExpense": "44400000", "interestAndDebtExpense": "None", "netIncomeFromContinuingOperations": "0", "comprehensiveIncomeNetOfTax": "None", "ebit": "197400000", "ebitda": "267300000", "netIncome": "123000000"}, {"fiscalDateEnding": "2009-02-28", "reportedCurrency": "USD", "grossProfit": "404900000", "totalRevenue": "1798900000", "costOfRevenue": "1394000000", "costofGoodsAndServicesSold": "1394000000", "operatingIncome": "174000000", "sellingGeneralAndAdministrative": "159700000", "researchAndDevelopment": "0", "operatingExpenses": "230900000", "investmentIncomeNet": "None", "netInterestIncome": "None", "interestIncome": "None", "interestExpense": "25500000", "nonInterestIncome": "None", "otherNonOperatingIncome": "None", "depreciation": "None", "depreciationAndAmortization": "73900000", "incomeBeforeTax": "148500000", "incomeTaxExpense": "40400000", "interestAndDebtExpense": "None", "netIncomeFromContinuingOperations": "0", "comprehensiveIncomeNetOfTax": "None", "ebit": "174000000", "ebitda": "247900000", "netIncome": "107500000"}, {"fiscalDateEnding": "2008-11-30", "reportedCurrency": "USD", "grossProfit": "327600000", "totalRevenue": "1668900000", "costOfRevenue": "1341300000", "costofGoodsAndServicesSold": "1341300000", "operatingIncome": "110300000", "sellingGeneralAndAdministrative": "146700000", "researchAndDevelopment": "0", "operatingExpenses": "217300000", "investmentIncomeNet": "None", "netInterestIncome": "None", "interestIncome": "None", "interestExpense": "27800000", "nonInterestIncome": "None", "otherNonOperatingIncome": "None", "depreciation": "None", "depreciationAndAmortization": "69400000", "incomeBeforeTax": "82500000", "incomeTaxExpense": "24000000", "interestAndDebtExpense": "None", "netIncomeFromContinuingOperations": "0", "comprehensiveIncomeNetOfTax": "None", "ebit": "111500000", "ebitda": "180900000", "netIncome": "59700000"}, {"fiscalDateEnding": "2008-08-31", "reportedCurrency": "USD", "grossProfit": "381100000", "totalRevenue": "1774200000", "costOfRevenue": "1393100000", "costofGoodsAndServicesSold": "1393100000", "operatingIncome": "141800000", "sellingGeneralAndAdministrative": "170500000", "researchAndDevelopment": "0", "operatingExpenses": "239300000", "investmentIncomeNet": "None", "netInterestIncome": "None", "interestIncome": "None", "interestExpense": "27400000", "nonInterestIncome": "None", "otherNonOperatingIncome": "None", "depreciation": "None", "depreciationAndAmortization": "69900000", "incomeBeforeTax": "114400000", "incomeTaxExpense": "32000000", "interestAndDebtExpense": "None", "netIncomeFromContinuingOperations": "0", "comprehensiveIncomeNetOfTax": "None", "ebit": "141800000", "ebitda": "211700000", "netIncome": "82100000"}, {"fiscalDateEnding": "2008-05-31", "reportedCurrency": "USD", "grossProfit": "407000000", "totalRevenue": "1825600000", "costOfRevenue": "1418600000", "costofGoodsAndServicesSold": "1418600000", "operatingIncome": "173400000", "sellingGeneralAndAdministrative": "165500000", "researchAndDevelopment": "0", "operatingExpenses": "233600000", "investmentIncomeNet": "None", "netInterestIncome": "None", "interestIncome": "None", "interestExpense": "27800000", "nonInterestIncome": "None", "otherNonOperatingIncome": "None", "depreciation": "None", "depreciationAndAmortization": "68300000", "incomeBeforeTax": "146700000", "incomeTaxExpense": "43400000", "interestAndDebtExpense": "None", "netIncomeFromContinuingOperations": "0", "comprehensiveIncomeNetOfTax": "None", "ebit": "173400000", "ebitda": "241700000", "netIncome": "101800000"}, {"fiscalDateEnding": "2008-02-29", "reportedCurrency": "USD", "grossProfit": "413200000", "totalRevenue": "1811400000", "costOfRevenue": "1398200000", "costofGoodsAndServicesSold": "1398200000", "operatingIncome": "183700000", "sellingGeneralAndAdministrative": "162800000", "researchAndDevelopment": "0", "operatingExpenses": "229500000", "investmentIncomeNet": "None", "netInterestIncome": "None", "interestIncome": "None", "interestExpense": "28900000", "nonInterestIncome": "None", "otherNonOperatingIncome": "None", "depreciation": "None", "depreciationAndAmortization": "68200000", "incomeBeforeTax": "156900000", "incomeTaxExpense": "41300000", "interestAndDebtExpense": "None", "netIncomeFromContinuingOperations": "0", "comprehensiveIncomeNetOfTax": "None", "ebit": "183700000", "ebitda": "251900000", "netIncome": "126000000"}, {"fiscalDateEnding": "2007-11-30", "reportedCurrency": "USD", "grossProfit": "312500000", "totalRevenue": "1522000000", "costOfRevenue": "1209500000", "costofGoodsAndServicesSold": "1209500000", "operatingIncome": "81800000", "sellingGeneralAndAdministrative": "170400000", "researchAndDevelopment": "0", "operatingExpenses": "230700000", "investmentIncomeNet": "None", "netInterestIncome": "None", "interestIncome": "None", "interestExpense": "24200000", "nonInterestIncome": "None", "otherNonOperatingIncome": "None", "depreciation": "None", "depreciationAndAmortization": "60500000", "incomeBeforeTax": "59200000", "incomeTaxExpense": "15100000", "interestAndDebtExpense": "None", "netIncomeFromContinuingOperations": "0", "comprehensiveIncomeNetOfTax": "None", "ebit": "81800000", "ebitda": "142300000", "netIncome": "43500000"}, {"fiscalDateEnding": "2007-08-31", "reportedCurrency": "USD", "grossProfit": "355200000", "totalRevenue": "1467500000", "costOfRevenue": "1112300000", "costofGoodsAndServicesSold": "1112300000", "operatingIncome": "161600000", "sellingGeneralAndAdministrative": "143000000", "researchAndDevelopment": "0", "operatingExpenses": "193600000", "investmentIncomeNet": "None", "netInterestIncome": "None", "interestIncome": "None", "interestExpense": "10900000", "nonInterestIncome": "None", "otherNonOperatingIncome": "None", "depreciation": "None", "depreciationAndAmortization": "51000000", "incomeBeforeTax": "151900000", "incomeTaxExpense": "45300000", "interestAndDebtExpense": "None", "netIncomeFromContinuingOperations": "0", "comprehensiveIncomeNetOfTax": "None", "ebit": "161600000", "ebitda": "212600000", "netIncome": "105900000"}, {"fiscalDateEnding": "2007-05-31", "reportedCurrency": "USD", "grossProfit": "307500000", "totalRevenue": "1183000000", "costOfRevenue": "875500000", "costofGoodsAndServicesSold": "875500000", "operatingIncome": "167200000", "sellingGeneralAndAdministrative": "135100000", "researchAndDevelopment": "0", "operatingExpenses": "140300000", "investmentIncomeNet": "None", "netInterestIncome": "None", "interestIncome": "None", "interestExpense": "10500000", "nonInterestIncome": "None", "otherNonOperatingIncome": "None", "depreciation": "None", "depreciationAndAmortization": "30500000", "incomeBeforeTax": "176700000", "incomeTaxExpense": "56200000", "interestAndDebtExpense": "None", "netIncomeFromContinuingOperations": "0", "comprehensiveIncomeNetOfTax": "None", "ebit": "167200000", "ebitda": "197700000", "netIncome": "-55200000"}, {"fiscalDateEnding": "2007-02-28", "reportedCurrency": "USD", "grossProfit": "361300000", "totalRevenue": "1542900000", "costOfRevenue": "1181600000", "costofGoodsAndServicesSold": "1181600000", "operatingIncome": "164300000", "sellingGeneralAndAdministrative": "132600000", "researchAndDevelopment": "0", "operatingExpenses": "197000000", "investmentIncomeNet": "None", "netInterestIncome": "None", "interestIncome": "None", "interestExpense": "11300000", "nonInterestIncome": "None", "otherNonOperatingIncome": "None", "depreciation": "None", "depreciationAndAmortization": "57336000", "incomeBeforeTax": "137800000", "incomeTaxExpense": "31400000", "interestAndDebtExpense": "None", "netIncomeFromContinuingOperations": "0", "comprehensiveIncomeNetOfTax": "None", "ebit": "181264000", "ebitda": "238600000", "netIncome": "106400000"}, {"fiscalDateEnding": "2006-11-30", "reportedCurrency": "USD", "grossProfit": "294954000", "totalRevenue": "1385299000", "costOfRevenue": "1090345000", "costofGoodsAndServicesSold": "1090345000", "operatingIncome": "96276000", "sellingGeneralAndAdministrative": "133600000", "researchAndDevelopment": "0", "operatingExpenses": "198678000", "investmentIncomeNet": "None", "netInterestIncome": "None", "interestIncome": "None", "interestExpense": "10900000", "nonInterestIncome": "None", "otherNonOperatingIncome": "None", "depreciation": "None", "depreciationAndAmortization": "57077000", "incomeBeforeTax": "85732000", "incomeTaxExpense": "24070000", "interestAndDebtExpense": "None", "netIncomeFromContinuingOperations": "0", "comprehensiveIncomeNetOfTax": "None", "ebit": "100123000", "ebitda": "157200000", "netIncome": "61662000"}, {"fiscalDateEnding": "2006-08-31", "reportedCurrency": "USD", "grossProfit": "344550000", "totalRevenue": "1455874000", "costOfRevenue": "1111324000", "costofGoodsAndServicesSold": "1111324000", "operatingIncome": "145495000", "sellingGeneralAndAdministrative": "133300000", "researchAndDevelopment": "0", "operatingExpenses": "199055000", "investmentIncomeNet": "None", "netInterestIncome": "None", "interestIncome": "None", "interestExpense": "10900000", "nonInterestIncome": "None", "otherNonOperatingIncome": "None", "depreciation": "None", "depreciationAndAmortization": "57187000", "incomeBeforeTax": "130577000", "incomeTaxExpense": "42034000", "interestAndDebtExpense": "None", "netIncomeFromContinuingOperations": "0", "comprehensiveIncomeNetOfTax": "None", "ebit": "142813000", "ebitda": "200000000", "netIncome": "88543000"}, {"fiscalDateEnding": "2006-05-31", "reportedCurrency": "USD", "grossProfit": "343015000", "totalRevenue": "1512199000", "costOfRevenue": "1169184000", "costofGoodsAndServicesSold": "1169184000", "operatingIncome": "144691000", "sellingGeneralAndAdministrative": "132900000", "researchAndDevelopment": "0", "operatingExpenses": "188650000", "investmentIncomeNet": "None", "netInterestIncome": "None", "interestIncome": "None", "interestExpense": "22387000", "nonInterestIncome": "None", "otherNonOperatingIncome": "None", "depreciation": "None", "depreciationAndAmortization": "60375000", "incomeBeforeTax": "134516000", "incomeTaxExpense": "42210000", "interestAndDebtExpense": "None", "netIncomeFromContinuingOperations": "0", "comprehensiveIncomeNetOfTax": "None", "ebit": "154365000", "ebitda": "214740000", "netIncome": "92306000"}, {"fiscalDateEnding": "2006-02-28", "reportedCurrency": "USD", "grossProfit": "344517000", "totalRevenue": "1474181000", "costOfRevenue": "1129664000", "costofGoodsAndServicesSold": "1129664000", "operatingIncome": "149448000", "sellingGeneralAndAdministrative": "123000000", "researchAndDevelopment": "0", "operatingExpenses": "195069000", "investmentIncomeNet": "None", "netInterestIncome": "None", "interestIncome": "None", "interestExpense": "12746000", "nonInterestIncome": "None", "otherNonOperatingIncome": "None", "depreciation": "None", "depreciationAndAmortization": "59067000", "incomeBeforeTax": "139136000", "incomeTaxExpense": "33818000", "interestAndDebtExpense": "None", "netIncomeFromContinuingOperations": "0", "comprehensiveIncomeNetOfTax": "None", "ebit": "149448000", "ebitda": "208515000", "netIncome": "105318000"}, {"fiscalDateEnding": "2005-11-30", "reportedCurrency": "USD", "grossProfit": "279481000", "totalRevenue": "1325093000", "costOfRevenue": "1045612000", "costofGoodsAndServicesSold": "1045612000", "operatingIncome": "92539000", "sellingGeneralAndAdministrative": "123200000", "researchAndDevelopment": "0", "operatingExpenses": "186942000", "investmentIncomeNet": "None", "netInterestIncome": "None", "interestIncome": "None", "interestExpense": "12746000", "nonInterestIncome": "None", "otherNonOperatingIncome": "None", "depreciation": "None", "depreciationAndAmortization": "57285000", "incomeBeforeTax": "80869000", "incomeTaxExpense": "25812000", "interestAndDebtExpense": "None", "netIncomeFromContinuingOperations": "0", "comprehensiveIncomeNetOfTax": "None", "ebit": "92539000", "ebitda": "149824000", "netIncome": "55057000"}, {"fiscalDateEnding": "2005-08-31", "reportedCurrency": "USD", "grossProfit": "326119000", "totalRevenue": "1409167000", "costOfRevenue": "1083048000", "costofGoodsAndServicesSold": "1083048000", "operatingIncome": "138946000", "sellingGeneralAndAdministrative": "125700000", "researchAndDevelopment": "0", "operatingExpenses": "187173000", "investmentIncomeNet": "None", "netInterestIncome": "None", "interestIncome": "None", "interestExpense": "11867000", "nonInterestIncome": "None", "otherNonOperatingIncome": "None", "depreciation": "None", "depreciationAndAmortization": "56360000", "incomeBeforeTax": "127998000", "incomeTaxExpense": "42484000", "interestAndDebtExpense": "None", "netIncomeFromContinuingOperations": "0", "comprehensiveIncomeNetOfTax": "None", "ebit": "138946000", "ebitda": "195306000", "netIncome": "85514000"}, {"fiscalDateEnding": "2005-05-31", "reportedCurrency": "USD", "grossProfit": "317118000", "totalRevenue": "1394214000", "costOfRevenue": "1077096000", "costofGoodsAndServicesSold": "1077096000", "operatingIncome": "132382000", "sellingGeneralAndAdministrative": "125600000", "researchAndDevelopment": "0", "operatingExpenses": "180187000", "investmentIncomeNet": "None", "netInterestIncome": "None", "interestIncome": "None", "interestExpense": "10841000", "nonInterestIncome": "None", "otherNonOperatingIncome": "None", "depreciation": "None", "depreciationAndAmortization": "57460000", "incomeBeforeTax": "121639000", "incomeTaxExpense": "37650000", "interestAndDebtExpense": "None", "netIncomeFromContinuingOperations": "0", "comprehensiveIncomeNetOfTax": "None", "ebit": "136931000", "ebitda": "194391000", "netIncome": "83989000"}, {"fiscalDateEnding": "2005-02-28", "reportedCurrency": "USD", "grossProfit": "320438000", "totalRevenue": "1375879000", "costOfRevenue": "1055441000", "costofGoodsAndServicesSold": "1055441000", "operatingIncome": "141229000", "sellingGeneralAndAdministrative": "126500000", "researchAndDevelopment": "0", "operatingExpenses": "179209000", "investmentIncomeNet": "None", "netInterestIncome": "None", "interestIncome": "None", "interestExpense": "11125000", "nonInterestIncome": "None", "otherNonOperatingIncome": "None", "depreciation": "None", "depreciationAndAmortization": "55665000", "incomeBeforeTax": "130824000", "incomeTaxExpense": "38194000", "interestAndDebtExpense": "None", "netIncomeFromContinuingOperations": "0", "comprehensiveIncomeNetOfTax": "None", "ebit": "141229000", "ebitda": "196894000", "netIncome": "92630000"}]}