{"symbol": "LIN", "annualReports": [{"fiscalDateEnding": "2024-12-31", "reportedCurrency": "USD", "grossProfit": "15862000000", "totalRevenue": "33005000000", "costOfRevenue": "17143000000", "costofGoodsAndServicesSold": "17143000000", "operatingIncome": "8635000000", "sellingGeneralAndAdministrative": "3337000000", "researchAndDevelopment": "150000000", "operatingExpenses": "7227000000", "investmentIncomeNet": "None", "netInterestIncome": "-256000000", "interestIncome": "231000000", "interestExpense": "256000000", "nonInterestIncome": "None", "otherNonOperatingIncome": "None", "depreciation": "None", "depreciationAndAmortization": "3780000000", "incomeBeforeTax": "8739000000", "incomeTaxExpense": "2002000000", "interestAndDebtExpense": "None", "netIncomeFromContinuingOperations": "6737000000", "comprehensiveIncomeNetOfTax": "None", "ebit": "8970000000", "ebitda": "12750000000", "netIncome": "6565000000"}, {"fiscalDateEnding": "2023-12-31", "reportedCurrency": "USD", "grossProfit": "15362000000", "totalRevenue": "32854000000", "costOfRevenue": "17492000000", "costofGoodsAndServicesSold": "17492000000", "operatingIncome": "8024000000", "sellingGeneralAndAdministrative": "1801000000", "researchAndDevelopment": "146000000", "operatingExpenses": "7338000000", "investmentIncomeNet": "None", "netInterestIncome": "-200000000", "interestIncome": "213000000", "interestExpense": "413000000", "nonInterestIncome": "None", "otherNonOperatingIncome": "None", "depreciation": "None", "depreciationAndAmortization": "3816000000", "incomeBeforeTax": "7988000000", "incomeTaxExpense": "1814000000", "interestAndDebtExpense": "None", "netIncomeFromContinuingOperations": "6341000000", "comprehensiveIncomeNetOfTax": "None", "ebit": "8401000000", "ebitda": "12217000000", "netIncome": "6199000000"}, {"fiscalDateEnding": "2022-12-31", "reportedCurrency": "USD", "grossProfit": "13914000000", "totalRevenue": "33364000000", "costOfRevenue": "19450000000", "costofGoodsAndServicesSold": "19450000000", "operatingIncome": "5369000000", "sellingGeneralAndAdministrative": "1812000000", "researchAndDevelopment": "143000000", "operatingExpenses": "7454000000", "investmentIncomeNet": "None", "netInterestIncome": "-63000000", "interestIncome": "63000000", "interestExpense": "63000000", "nonInterestIncome": "None", "otherNonOperatingIncome": "None", "depreciation": "None", "depreciationAndAmortization": "4204000000", "incomeBeforeTax": "5543000000", "incomeTaxExpense": "1434000000", "interestAndDebtExpense": "None", "netIncomeFromContinuingOperations": "4281000000", "comprehensiveIncomeNetOfTax": "None", "ebit": "6657000000", "ebitda": "10861000000", "netIncome": "4147000000"}, {"fiscalDateEnding": "2021-12-31", "reportedCurrency": "USD", "grossProfit": "13250000000", "totalRevenue": "30793000000", "costOfRevenue": "17543000000", "costofGoodsAndServicesSold": "17543000000", "operatingIncome": "4984000000", "sellingGeneralAndAdministrative": "1847000000", "researchAndDevelopment": "143000000", "operatingExpenses": "7967000000", "investmentIncomeNet": "None", "netInterestIncome": "-77000000", "interestIncome": "77000000", "interestExpense": "77000000", "nonInterestIncome": "None", "otherNonOperatingIncome": "119000000", "depreciation": "None", "depreciationAndAmortization": "4635000000", "incomeBeforeTax": "5099000000", "incomeTaxExpense": "1262000000", "interestAndDebtExpense": "None", "netIncomeFromContinuingOperations": "3956000000", "comprehensiveIncomeNetOfTax": "None", "ebit": "5501000000", "ebitda": "10136000000", "netIncome": "3826000000"}, {"fiscalDateEnding": "2020-12-31", "reportedCurrency": "USD", "grossProfit": "11860000000", "totalRevenue": "27243000000", "costOfRevenue": "15383000000", "costofGoodsAndServicesSold": "15383000000", "operatingIncome": "3322000000", "sellingGeneralAndAdministrative": "1890000000", "researchAndDevelopment": "152000000", "operatingExpenses": "7971000000", "investmentIncomeNet": "None", "netInterestIncome": "-115000000", "interestIncome": "200000000", "interestExpense": "115000000", "nonInterestIncome": "None", "otherNonOperatingIncome": "85000000", "depreciation": "None", "depreciationAndAmortization": "4626000000", "incomeBeforeTax": "3384000000", "incomeTaxExpense": "847000000", "interestAndDebtExpense": "None", "netIncomeFromContinuingOperations": "2622000000", "comprehensiveIncomeNetOfTax": "None", "ebit": "4106000000", "ebitda": "8732000000", "netIncome": "2501000000"}, {"fiscalDateEnding": "2019-12-31", "reportedCurrency": "USD", "grossProfit": "11584000000", "totalRevenue": "28228000000", "costOfRevenue": "16644000000", "costofGoodsAndServicesSold": "16644000000", "operatingIncome": "2933000000", "sellingGeneralAndAdministrative": "1857000000", "researchAndDevelopment": "184000000", "operatingExpenses": "8316000000", "investmentIncomeNet": "None", "netInterestIncome": "-38000000", "interestIncome": "134000000", "interestExpense": "38000000", "nonInterestIncome": "None", "otherNonOperatingIncome": "114000000", "depreciation": "None", "depreciationAndAmortization": "4675000000", "incomeBeforeTax": "2927000000", "incomeTaxExpense": "769000000", "interestAndDebtExpense": "None", "netIncomeFromContinuingOperations": "2272000000", "comprehensiveIncomeNetOfTax": "None", "ebit": "3368000000", "ebitda": "8043000000", "netIncome": "2285000000"}, {"fiscalDateEnding": "2018-12-31", "reportedCurrency": "USD", "grossProfit": "5816000000", "totalRevenue": "14900000000", "costOfRevenue": "9084000000", "costofGoodsAndServicesSold": "9084000000", "operatingIncome": "5247000000", "sellingGeneralAndAdministrative": "872000000", "researchAndDevelopment": "113000000", "operatingExpenses": "3572000000", "investmentIncomeNet": "None", "netInterestIncome": "-202000000", "interestIncome": "222000000", "interestExpense": "202000000", "nonInterestIncome": "None", "otherNonOperatingIncome": "56000000", "depreciation": "None", "depreciationAndAmortization": "1830000000", "incomeBeforeTax": "5049000000", "incomeTaxExpense": "817000000", "interestAndDebtExpense": "None", "netIncomeFromContinuingOperations": "4288000000", "comprehensiveIncomeNetOfTax": "None", "ebit": "2215000000", "ebitda": "4045000000", "netIncome": "4381000000"}, {"fiscalDateEnding": "2017-12-31", "reportedCurrency": "USD", "grossProfit": "4982000000", "totalRevenue": "11437000000", "costOfRevenue": "6455000000", "costofGoodsAndServicesSold": "6455000000", "operatingIncome": "2448000000", "sellingGeneralAndAdministrative": "696000000", "researchAndDevelopment": "93000000", "operatingExpenses": "2484000000", "investmentIncomeNet": "None", "netInterestIncome": "-161000000", "interestIncome": "161000000", "interestExpense": "161000000", "nonInterestIncome": "None", "otherNonOperatingIncome": "None", "depreciation": "None", "depreciationAndAmortization": "1184000000", "incomeBeforeTax": "2287000000", "incomeTaxExpense": "1026000000", "interestAndDebtExpense": "None", "netIncomeFromContinuingOperations": "1308000000", "comprehensiveIncomeNetOfTax": "None", "ebit": "2499000000", "ebitda": "3683000000", "netIncome": "1247000000"}, {"fiscalDateEnding": "2016-12-31", "reportedCurrency": "USD", "grossProfit": "4674000000", "totalRevenue": "10534000000", "costOfRevenue": "5860000000", "costofGoodsAndServicesSold": "5860000000", "operatingIncome": "2238000000", "sellingGeneralAndAdministrative": "652000000", "researchAndDevelopment": "92000000", "operatingExpenses": "2359000000", "investmentIncomeNet": "None", "netInterestIncome": "-190000000", "interestIncome": "190000000", "interestExpense": "190000000", "nonInterestIncome": "None", "otherNonOperatingIncome": "None", "depreciation": "None", "depreciationAndAmortization": "1122000000", "incomeBeforeTax": "2048000000", "incomeTaxExpense": "551000000", "interestAndDebtExpense": "None", "netIncomeFromContinuingOperations": "1538000000", "comprehensiveIncomeNetOfTax": "None", "ebit": "2319000000", "ebitda": "3441000000", "netIncome": "1500000000"}, {"fiscalDateEnding": "2015-12-31", "reportedCurrency": "USD", "grossProfit": "4816000000", "totalRevenue": "10776000000", "costOfRevenue": "5960000000", "costofGoodsAndServicesSold": "5960000000", "operatingIncome": "2321000000", "sellingGeneralAndAdministrative": "645000000", "researchAndDevelopment": "93000000", "operatingExpenses": "2351000000", "investmentIncomeNet": "None", "netInterestIncome": "None", "interestIncome": "161000000", "interestExpense": "161000000", "nonInterestIncome": "None", "otherNonOperatingIncome": "None", "depreciation": "None", "depreciationAndAmortization": "1106000000", "incomeBeforeTax": "2160000000", "incomeTaxExpense": "612000000", "interestAndDebtExpense": "None", "netIncomeFromContinuingOperations": "1591000000", "comprehensiveIncomeNetOfTax": "None", "ebit": "2321000000", "ebitda": "3427000000", "netIncome": "1547000000"}, {"fiscalDateEnding": "2014-12-31", "reportedCurrency": "USD", "grossProfit": "5311000000", "totalRevenue": "12273000000", "costOfRevenue": "6962000000", "costofGoodsAndServicesSold": "6962000000", "operatingIncome": "2608000000", "sellingGeneralAndAdministrative": "736000000", "researchAndDevelopment": "96000000", "operatingExpenses": "2574000000", "investmentIncomeNet": "None", "netInterestIncome": "None", "interestIncome": "None", "interestExpense": "213000000", "nonInterestIncome": "None", "otherNonOperatingIncome": "None", "depreciation": "None", "depreciationAndAmortization": "1170000000", "incomeBeforeTax": "2395000000", "incomeTaxExpense": "691000000", "interestAndDebtExpense": "None", "netIncomeFromContinuingOperations": "1746000000", "comprehensiveIncomeNetOfTax": "None", "ebit": "2608000000", "ebitda": "3778000000", "netIncome": "1694000000"}, {"fiscalDateEnding": "2013-12-31", "reportedCurrency": "USD", "grossProfit": "5181000000", "totalRevenue": "11925000000", "costOfRevenue": "6744000000", "costofGoodsAndServicesSold": "6744000000", "operatingIncome": "2625000000", "sellingGeneralAndAdministrative": "782000000", "researchAndDevelopment": "98000000", "operatingExpenses": "2556000000", "investmentIncomeNet": "None", "netInterestIncome": "None", "interestIncome": "None", "interestExpense": "178000000", "nonInterestIncome": "None", "otherNonOperatingIncome": "None", "depreciation": "None", "depreciationAndAmortization": "1109000000", "incomeBeforeTax": "2447000000", "incomeTaxExpense": "649000000", "interestAndDebtExpense": "None", "netIncomeFromContinuingOperations": "None", "comprehensiveIncomeNetOfTax": "None", "ebit": "2608000000", "ebitda": "3717000000", "netIncome": "1755000000"}, {"fiscalDateEnding": "2012-12-31", "reportedCurrency": "USD", "grossProfit": "4828000000", "totalRevenue": "11224000000", "costOfRevenue": "6396000000", "costofGoodsAndServicesSold": "6396000000", "operatingIncome": "2437000000", "sellingGeneralAndAdministrative": "723000000", "researchAndDevelopment": "98000000", "operatingExpenses": "2369000000", "investmentIncomeNet": "None", "netInterestIncome": "None", "interestIncome": "None", "interestExpense": "141000000", "nonInterestIncome": "None", "otherNonOperatingIncome": "None", "depreciation": "None", "depreciationAndAmortization": "1001000000", "incomeBeforeTax": "2296000000", "incomeTaxExpense": "586000000", "interestAndDebtExpense": "None", "netIncomeFromContinuingOperations": "None", "comprehensiveIncomeNetOfTax": "None", "ebit": "2470000000", "ebitda": "3471000000", "netIncome": "1692000000"}, {"fiscalDateEnding": "2011-12-31", "reportedCurrency": "USD", "grossProfit": "4794000000", "totalRevenue": "11252000000", "costOfRevenue": "6458000000", "costofGoodsAndServicesSold": "6458000000", "operatingIncome": "2468000000", "sellingGeneralAndAdministrative": "1329000000", "researchAndDevelopment": "90000000", "operatingExpenses": "2340000000", "investmentIncomeNet": "None", "netInterestIncome": "None", "interestIncome": "None", "interestExpense": "145000000", "nonInterestIncome": "None", "otherNonOperatingIncome": "None", "depreciation": "None", "depreciationAndAmortization": "1003000000", "incomeBeforeTax": "2323000000", "incomeTaxExpense": "641000000", "interestAndDebtExpense": "None", "netIncomeFromContinuingOperations": "None", "comprehensiveIncomeNetOfTax": "None", "ebit": "2443000000", "ebitda": "3446000000", "netIncome": "1672000000"}, {"fiscalDateEnding": "2010-12-31", "reportedCurrency": "USD", "grossProfit": "4362000000", "totalRevenue": "10116000000", "costOfRevenue": "5754000000", "costofGoodsAndServicesSold": "5754000000", "operatingIncome": "2082000000", "sellingGeneralAndAdministrative": "1275000000", "researchAndDevelopment": "79000000", "operatingExpenses": "2195000000", "investmentIncomeNet": "None", "netInterestIncome": "None", "interestIncome": "None", "interestExpense": "118000000", "nonInterestIncome": "None", "otherNonOperatingIncome": "None", "depreciation": "None", "depreciationAndAmortization": "925000000", "incomeBeforeTax": "1964000000", "incomeTaxExpense": "768000000", "interestAndDebtExpense": "None", "netIncomeFromContinuingOperations": "None", "comprehensiveIncomeNetOfTax": "None", "ebit": "2072000000", "ebitda": "2997000000", "netIncome": "1195000000"}, {"fiscalDateEnding": "2009-12-31", "reportedCurrency": "USD", "grossProfit": "3924000000", "totalRevenue": "8956000000", "costOfRevenue": "5032000000", "costofGoodsAndServicesSold": "5032000000", "operatingIncome": "1610000000", "sellingGeneralAndAdministrative": "1162000000", "researchAndDevelopment": "74000000", "operatingExpenses": "2008000000", "investmentIncomeNet": "None", "netInterestIncome": "None", "interestIncome": "None", "interestExpense": "133000000", "nonInterestIncome": "None", "otherNonOperatingIncome": "None", "depreciation": "None", "depreciationAndAmortization": "846000000", "incomeBeforeTax": "1442000000", "incomeTaxExpense": "169000000", "interestAndDebtExpense": "None", "netIncomeFromContinuingOperations": "None", "comprehensiveIncomeNetOfTax": "None", "ebit": "1575000000", "ebitda": "2421000000", "netIncome": "1254000000"}, {"fiscalDateEnding": "2008-12-31", "reportedCurrency": "USD", "grossProfit": "4301000000", "totalRevenue": "10796000000", "costOfRevenue": "6495000000", "costofGoodsAndServicesSold": "6495000000", "operatingIncome": "1883000000", "sellingGeneralAndAdministrative": "1409000000", "researchAndDevelopment": "97000000", "operatingExpenses": "2401000000", "investmentIncomeNet": "None", "netInterestIncome": "None", "interestIncome": "None", "interestExpense": "0", "nonInterestIncome": "None", "otherNonOperatingIncome": "None", "depreciation": "None", "depreciationAndAmortization": "850000000", "incomeBeforeTax": "1685000000", "incomeTaxExpense": "465000000", "interestAndDebtExpense": "None", "netIncomeFromContinuingOperations": "None", "comprehensiveIncomeNetOfTax": "None", "ebit": "1883000000", "ebitda": "2733000000", "netIncome": "1211000000"}, {"fiscalDateEnding": "2007-12-31", "reportedCurrency": "USD", "grossProfit": "3845000000", "totalRevenue": "9402000000", "costOfRevenue": "5557000000", "costofGoodsAndServicesSold": "5557000000", "operatingIncome": "1786000000", "sellingGeneralAndAdministrative": "1288000000", "researchAndDevelopment": "98000000", "operatingExpenses": "2059000000", "investmentIncomeNet": "None", "netInterestIncome": "None", "interestIncome": "None", "interestExpense": "0", "nonInterestIncome": "None", "otherNonOperatingIncome": "None", "depreciation": "None", "depreciationAndAmortization": "774000000", "incomeBeforeTax": "1613000000", "incomeTaxExpense": "419000000", "interestAndDebtExpense": "None", "netIncomeFromContinuingOperations": "None", "comprehensiveIncomeNetOfTax": "None", "ebit": "1783000000", "ebitda": "2557000000", "netIncome": "1177000000"}, {"fiscalDateEnding": "2006-12-31", "reportedCurrency": "USD", "grossProfit": "3356000000", "totalRevenue": "8324000000", "costOfRevenue": "4968000000", "costofGoodsAndServicesSold": "4968000000", "operatingIncome": "1519000000", "sellingGeneralAndAdministrative": "1173000000", "researchAndDevelopment": "87000000", "operatingExpenses": "1837000000", "investmentIncomeNet": "None", "netInterestIncome": "None", "interestIncome": "None", "interestExpense": "0", "nonInterestIncome": "None", "otherNonOperatingIncome": "None", "depreciation": "None", "depreciationAndAmortization": "696000000", "incomeBeforeTax": "1364000000", "incomeTaxExpense": "355000000", "interestAndDebtExpense": "None", "netIncomeFromContinuingOperations": "None", "comprehensiveIncomeNetOfTax": "None", "ebit": "1519000000", "ebitda": "2215000000", "netIncome": "988000000"}, {"fiscalDateEnding": "2005-12-31", "reportedCurrency": "USD", "grossProfit": "3015000000", "totalRevenue": "7656000000", "costOfRevenue": "4641000000", "costofGoodsAndServicesSold": "4641000000", "operatingIncome": "1293000000", "sellingGeneralAndAdministrative": "1067000000", "researchAndDevelopment": "80000000", "operatingExpenses": "1722000000", "investmentIncomeNet": "None", "netInterestIncome": "None", "interestIncome": "None", "interestExpense": "0", "nonInterestIncome": "None", "otherNonOperatingIncome": "None", "depreciation": "None", "depreciationAndAmortization": "665000000", "incomeBeforeTax": "1130000000", "incomeTaxExpense": "376000000", "interestAndDebtExpense": "None", "netIncomeFromContinuingOperations": "None", "comprehensiveIncomeNetOfTax": "None", "ebit": "1293000000", "ebitda": "1958000000", "netIncome": "726000000"}], "quarterlyReports": [{"fiscalDateEnding": "2024-12-31", "reportedCurrency": "USD", "grossProfit": "3962000000", "totalRevenue": "8282000000", "costOfRevenue": "4320000000", "costofGoodsAndServicesSold": "4320000000", "operatingIncome": "2270000000", "sellingGeneralAndAdministrative": "814000000", "researchAndDevelopment": "39000000", "operatingExpenses": "1692000000", "investmentIncomeNet": "None", "netInterestIncome": "-53000000", "interestIncome": "None", "interestExpense": "284000000", "nonInterestIncome": "None", "otherNonOperatingIncome": "None", "depreciation": "None", "depreciationAndAmortization": "913000000", "incomeBeforeTax": "2302000000", "incomeTaxExpense": "533000000", "interestAndDebtExpense": "None", "netIncomeFromContinuingOperations": "1769000000", "comprehensiveIncomeNetOfTax": "None", "ebit": "2316000000", "ebitda": "3229000000", "netIncome": "1725000000"}, {"fiscalDateEnding": "2024-09-30", "reportedCurrency": "USD", "grossProfit": "3040000000", "totalRevenue": "8356000000", "costOfRevenue": "5316000000", "costofGoodsAndServicesSold": "5316000000", "operatingIncome": "2086000000", "sellingGeneralAndAdministrative": "823000000", "researchAndDevelopment": "37000000", "operatingExpenses": "860000000", "investmentIncomeNet": "None", "netInterestIncome": "-68000000", "interestIncome": "None", "interestExpense": "68000000", "nonInterestIncome": "None", "otherNonOperatingIncome": "None", "depreciation": "None", "depreciationAndAmortization": "960000000", "incomeBeforeTax": "2063000000", "incomeTaxExpense": "498000000", "interestAndDebtExpense": "None", "netIncomeFromContinuingOperations": "1603000000", "comprehensiveIncomeNetOfTax": "None", "ebit": "2063000000", "ebitda": "3023000000", "netIncome": "1550000000"}, {"fiscalDateEnding": "2024-06-30", "reportedCurrency": "USD", "grossProfit": "3058000000", "totalRevenue": "8267000000", "costOfRevenue": "5209000000", "costofGoodsAndServicesSold": "5209000000", "operatingIncome": "2182000000", "sellingGeneralAndAdministrative": "791000000", "researchAndDevelopment": "36000000", "operatingExpenses": "876000000", "investmentIncomeNet": "None", "netInterestIncome": "-70000000", "interestIncome": "None", "interestExpense": "70000000", "nonInterestIncome": "None", "otherNonOperatingIncome": "None", "depreciation": "None", "depreciationAndAmortization": "958000000", "incomeBeforeTax": "2163000000", "incomeTaxExpense": "508000000", "interestAndDebtExpense": "None", "netIncomeFromContinuingOperations": "1700000000", "comprehensiveIncomeNetOfTax": "None", "ebit": "2231000000", "ebitda": "3189000000", "netIncome": "1663000000"}, {"fiscalDateEnding": "2024-03-31", "reportedCurrency": "USD", "grossProfit": "3884000000", "totalRevenue": "8100000000", "costOfRevenue": "4216000000", "costofGoodsAndServicesSold": "4216000000", "operatingIncome": "2095000000", "sellingGeneralAndAdministrative": "810000000", "researchAndDevelopment": "38000000", "operatingExpenses": "1797000000", "investmentIncomeNet": "None", "netInterestIncome": "-65000000", "interestIncome": "None", "interestExpense": "65000000", "nonInterestIncome": "None", "otherNonOperatingIncome": "None", "depreciation": "None", "depreciationAndAmortization": "949000000", "incomeBeforeTax": "2080000000", "incomeTaxExpense": "463000000", "interestAndDebtExpense": "None", "netIncomeFromContinuingOperations": "1665000000", "comprehensiveIncomeNetOfTax": "None", "ebit": "2102000000", "ebitda": "3051000000", "netIncome": "1627000000"}, {"fiscalDateEnding": "2023-12-31", "reportedCurrency": "USD", "grossProfit": "8302000000", "totalRevenue": "12733000000", "costOfRevenue": "4431000000", "costofGoodsAndServicesSold": "4431000000", "operatingIncome": "2028000000", "sellingGeneralAndAdministrative": "668000000", "researchAndDevelopment": "39000000", "operatingExpenses": "871000000", "investmentIncomeNet": "None", "netInterestIncome": "-71000000", "interestIncome": "None", "interestExpense": "71000000", "nonInterestIncome": "None", "otherNonOperatingIncome": "None", "depreciation": "None", "depreciationAndAmortization": "949000000", "incomeBeforeTax": "1996000000", "incomeTaxExpense": "453000000", "interestAndDebtExpense": "None", "netIncomeFromContinuingOperations": "1576000000", "comprehensiveIncomeNetOfTax": "None", "ebit": "2111000000", "ebitda": "3060000000", "netIncome": "1543000000"}, {"fiscalDateEnding": "2023-09-30", "reportedCurrency": "USD", "grossProfit": "3841000000", "totalRevenue": "8155000000", "costOfRevenue": "4314000000", "costofGoodsAndServicesSold": "4314000000", "operatingIncome": "2052000000", "sellingGeneralAndAdministrative": "808000000", "researchAndDevelopment": "36000000", "operatingExpenses": "1803000000", "investmentIncomeNet": "None", "netInterestIncome": "-40000000", "interestIncome": "None", "interestExpense": "40000000", "nonInterestIncome": "None", "otherNonOperatingIncome": "None", "depreciation": "None", "depreciationAndAmortization": "959000000", "incomeBeforeTax": "2047000000", "incomeTaxExpense": "487000000", "interestAndDebtExpense": "None", "netIncomeFromContinuingOperations": "1601000000", "comprehensiveIncomeNetOfTax": "None", "ebit": "2092000000", "ebitda": "3051000000", "netIncome": "1565000000"}, {"fiscalDateEnding": "2023-06-30", "reportedCurrency": "USD", "grossProfit": "3888000000", "totalRevenue": "8204000000", "costOfRevenue": "4316000000", "costofGoodsAndServicesSold": "4316000000", "operatingIncome": "2011000000", "sellingGeneralAndAdministrative": "833000000", "researchAndDevelopment": "35000000", "operatingExpenses": "1828000000", "investmentIncomeNet": "None", "netInterestIncome": "-52000000", "interestIncome": "52000000", "interestExpense": "52000000", "nonInterestIncome": "None", "otherNonOperatingIncome": "46000000", "depreciation": "None", "depreciationAndAmortization": "960000000", "incomeBeforeTax": "2004000000", "incomeTaxExpense": "438000000", "interestAndDebtExpense": "None", "netIncomeFromContinuingOperations": "1612000000", "comprehensiveIncomeNetOfTax": "None", "ebit": "2057000000", "ebitda": "3017000000", "netIncome": "1575000000"}, {"fiscalDateEnding": "2023-03-31", "reportedCurrency": "USD", "grossProfit": "3762000000", "totalRevenue": "8193000000", "costOfRevenue": "4431000000", "costofGoodsAndServicesSold": "4431000000", "operatingIncome": "1933000000", "sellingGeneralAndAdministrative": "777000000", "researchAndDevelopment": "36000000", "operatingExpenses": "1806000000", "investmentIncomeNet": "None", "netInterestIncome": "-37000000", "interestIncome": "37000000", "interestExpense": "37000000", "nonInterestIncome": "None", "otherNonOperatingIncome": "41000000", "depreciation": "None", "depreciationAndAmortization": "948000000", "incomeBeforeTax": "1941000000", "incomeTaxExpense": "430000000", "interestAndDebtExpense": "None", "netIncomeFromContinuingOperations": "1511000000", "comprehensiveIncomeNetOfTax": "None", "ebit": "1996000000", "ebitda": "2944000000", "netIncome": "1516000000"}, {"fiscalDateEnding": "2022-12-31", "reportedCurrency": "USD", "grossProfit": "3472000000", "totalRevenue": "7899000000", "costOfRevenue": "4427000000", "costofGoodsAndServicesSold": "4427000000", "operatingIncome": "1687000000", "sellingGeneralAndAdministrative": "764000000", "researchAndDevelopment": "36000000", "operatingExpenses": "1756000000", "investmentIncomeNet": "None", "netInterestIncome": "-31000000", "interestIncome": "31000000", "interestExpense": "31000000", "nonInterestIncome": "None", "otherNonOperatingIncome": "None", "depreciation": "None", "depreciationAndAmortization": "956000000", "incomeBeforeTax": "1714000000", "incomeTaxExpense": "388000000", "interestAndDebtExpense": "None", "netIncomeFromContinuingOperations": "1361000000", "comprehensiveIncomeNetOfTax": "None", "ebit": "1803000000", "ebitda": "2759000000", "netIncome": "1328000000"}, {"fiscalDateEnding": "2022-09-30", "reportedCurrency": "USD", "grossProfit": "3512000000", "totalRevenue": "8797000000", "costOfRevenue": "5285000000", "costofGoodsAndServicesSold": "5285000000", "operatingIncome": "1613000000", "sellingGeneralAndAdministrative": "770000000", "researchAndDevelopment": "35000000", "operatingExpenses": "1850000000", "investmentIncomeNet": "None", "netInterestIncome": "-18000000", "interestIncome": "18000000", "interestExpense": "18000000", "nonInterestIncome": "None", "otherNonOperatingIncome": "43000000", "depreciation": "None", "depreciationAndAmortization": "668000000", "incomeBeforeTax": "1648000000", "incomeTaxExpense": "391000000", "interestAndDebtExpense": "None", "netIncomeFromContinuingOperations": "1300000000", "comprehensiveIncomeNetOfTax": "None", "ebit": "6283000000", "ebitda": "6951000000", "netIncome": "1273000000"}, {"fiscalDateEnding": "2022-06-30", "reportedCurrency": "USD", "grossProfit": "3517000000", "totalRevenue": "8457000000", "costOfRevenue": "4940000000", "costofGoodsAndServicesSold": "4940000000", "operatingIncome": "589000000", "sellingGeneralAndAdministrative": "771000000", "researchAndDevelopment": "37000000", "operatingExpenses": "1899000000", "investmentIncomeNet": "None", "netInterestIncome": "-5000000", "interestIncome": "5000000", "interestExpense": "5000000", "nonInterestIncome": "None", "otherNonOperatingIncome": "50000000", "depreciation": "None", "depreciationAndAmortization": "690000000", "incomeBeforeTax": "646000000", "incomeTaxExpense": "286000000", "interestAndDebtExpense": "None", "netIncomeFromContinuingOperations": "410000000", "comprehensiveIncomeNetOfTax": "None", "ebit": "4901000000", "ebitda": "5591000000", "netIncome": "372000000"}, {"fiscalDateEnding": "2022-03-31", "reportedCurrency": "USD", "grossProfit": "3413000000", "totalRevenue": "8211000000", "costOfRevenue": "4798000000", "costofGoodsAndServicesSold": "4798000000", "operatingIncome": "1480000000", "sellingGeneralAndAdministrative": "802000000", "researchAndDevelopment": "35000000", "operatingExpenses": "1949000000", "investmentIncomeNet": "None", "netInterestIncome": "-9000000", "interestIncome": "9000000", "interestExpense": "9000000", "nonInterestIncome": "None", "otherNonOperatingIncome": "44000000", "depreciation": "None", "depreciationAndAmortization": "694000000", "incomeBeforeTax": "1535000000", "incomeTaxExpense": "369000000", "interestAndDebtExpense": "None", "netIncomeFromContinuingOperations": "1210000000", "comprehensiveIncomeNetOfTax": "None", "ebit": "5648000000", "ebitda": "6342000000", "netIncome": "1174000000"}, {"fiscalDateEnding": "2021-12-31", "reportedCurrency": "USD", "grossProfit": "3371000000", "totalRevenue": "8298000000", "costOfRevenue": "4927000000", "costofGoodsAndServicesSold": "4927000000", "operatingIncome": "1337000000", "sellingGeneralAndAdministrative": "787000000", "researchAndDevelopment": "38000000", "operatingExpenses": "1960000000", "investmentIncomeNet": "None", "netInterestIncome": "-31000000", "interestIncome": "31000000", "interestExpense": "31000000", "nonInterestIncome": "None", "otherNonOperatingIncome": "38000000", "depreciation": "None", "depreciationAndAmortization": "1135000000", "incomeBeforeTax": "1355000000", "incomeTaxExpense": "339000000", "interestAndDebtExpense": "None", "netIncomeFromContinuingOperations": "1054000000", "comprehensiveIncomeNetOfTax": "None", "ebit": "1498000000", "ebitda": "2633000000", "netIncome": "1026000000"}, {"fiscalDateEnding": "2021-09-30", "reportedCurrency": "USD", "grossProfit": "3300000000", "totalRevenue": "7668000000", "costOfRevenue": "4368000000", "costofGoodsAndServicesSold": "4368000000", "operatingIncome": "1292000000", "sellingGeneralAndAdministrative": "793000000", "researchAndDevelopment": "36000000", "operatingExpenses": "1992000000", "investmentIncomeNet": "None", "netInterestIncome": "-8000000", "interestIncome": "8000000", "interestExpense": "8000000", "nonInterestIncome": "None", "otherNonOperatingIncome": "1000000", "depreciation": "None", "depreciationAndAmortization": "1163000000", "incomeBeforeTax": "1329000000", "incomeTaxExpense": "321000000", "interestAndDebtExpense": "None", "netIncomeFromContinuingOperations": "1009000000", "comprehensiveIncomeNetOfTax": "None", "ebit": "1361000000", "ebitda": "2524000000", "netIncome": "979000000"}, {"fiscalDateEnding": "2021-06-30", "reportedCurrency": "USD", "grossProfit": "3390000000", "totalRevenue": "7584000000", "costOfRevenue": "4194000000", "costofGoodsAndServicesSold": "4194000000", "operatingIncome": "1142000000", "sellingGeneralAndAdministrative": "822000000", "researchAndDevelopment": "34000000", "operatingExpenses": "2027000000", "investmentIncomeNet": "None", "netInterestIncome": "-18000000", "interestIncome": "18000000", "interestExpense": "18000000", "nonInterestIncome": "None", "otherNonOperatingIncome": "37000000", "depreciation": "None", "depreciationAndAmortization": "1171000000", "incomeBeforeTax": "1173000000", "incomeTaxExpense": "334000000", "interestAndDebtExpense": "None", "netIncomeFromContinuingOperations": "876000000", "comprehensiveIncomeNetOfTax": "None", "ebit": "1392000000", "ebitda": "2563000000", "netIncome": "841000000"}, {"fiscalDateEnding": "2021-03-31", "reportedCurrency": "USD", "grossProfit": "3189000000", "totalRevenue": "7243000000", "costOfRevenue": "4054000000", "costofGoodsAndServicesSold": "4054000000", "operatingIncome": "1213000000", "sellingGeneralAndAdministrative": "802000000", "researchAndDevelopment": "35000000", "operatingExpenses": "1988000000", "investmentIncomeNet": "None", "netInterestIncome": "-20000000", "interestIncome": "20000000", "interestExpense": "20000000", "nonInterestIncome": "None", "otherNonOperatingIncome": "43000000", "depreciation": "None", "depreciationAndAmortization": "1166000000", "incomeBeforeTax": "1242000000", "incomeTaxExpense": "268000000", "interestAndDebtExpense": "None", "netIncomeFromContinuingOperations": "1017000000", "comprehensiveIncomeNetOfTax": "None", "ebit": "1254000000", "ebitda": "2420000000", "netIncome": "980000000"}, {"fiscalDateEnding": "2020-12-31", "reportedCurrency": "USD", "grossProfit": "3186000000", "totalRevenue": "7272000000", "costOfRevenue": "4086000000", "costofGoodsAndServicesSold": "4086000000", "operatingIncome": "1029000000", "sellingGeneralAndAdministrative": "802000000", "researchAndDevelopment": "38000000", "operatingExpenses": "2032000000", "investmentIncomeNet": "None", "netInterestIncome": "-35000000", "interestIncome": "35000000", "interestExpense": "35000000", "nonInterestIncome": "None", "otherNonOperatingIncome": "16000000", "depreciation": "None", "depreciationAndAmortization": "1192000000", "incomeBeforeTax": "1040000000", "incomeTaxExpense": "253000000", "interestAndDebtExpense": "None", "netIncomeFromContinuingOperations": "803000000", "comprehensiveIncomeNetOfTax": "None", "ebit": "1206000000", "ebitda": "2398000000", "netIncome": "770000000"}, {"fiscalDateEnding": "2020-09-30", "reportedCurrency": "USD", "grossProfit": "3020000000", "totalRevenue": "6855000000", "costOfRevenue": "3835000000", "costofGoodsAndServicesSold": "3835000000", "operatingIncome": "969000000", "sellingGeneralAndAdministrative": "2391000000", "researchAndDevelopment": "36000000", "operatingExpenses": "1974000000", "investmentIncomeNet": "None", "netInterestIncome": "-38000000", "interestIncome": "38000000", "interestExpense": "38000000", "nonInterestIncome": "None", "otherNonOperatingIncome": "23000000", "depreciation": "None", "depreciationAndAmortization": "1168000000", "incomeBeforeTax": "972000000", "incomeTaxExpense": "265000000", "interestAndDebtExpense": "None", "netIncomeFromContinuingOperations": "730000000", "comprehensiveIncomeNetOfTax": "None", "ebit": "1055000000", "ebitda": "2223000000", "netIncome": "700000000"}, {"fiscalDateEnding": "2020-06-30", "reportedCurrency": "USD", "grossProfit": "2758000000", "totalRevenue": "6377000000", "costOfRevenue": "3619000000", "costofGoodsAndServicesSold": "3619000000", "operatingIncome": "591000000", "sellingGeneralAndAdministrative": "760000000", "researchAndDevelopment": "34000000", "operatingExpenses": "1918000000", "investmentIncomeNet": "None", "netInterestIncome": "-18000000", "interestIncome": "18000000", "interestExpense": "18000000", "nonInterestIncome": "None", "otherNonOperatingIncome": "29000000", "depreciation": "None", "depreciationAndAmortization": "1124000000", "incomeBeforeTax": "618000000", "incomeTaxExpense": "164000000", "interestAndDebtExpense": "None", "netIncomeFromContinuingOperations": "483000000", "comprehensiveIncomeNetOfTax": "None", "ebit": "893000000", "ebitda": "2017000000", "netIncome": "458000000"}, {"fiscalDateEnding": "2020-03-31", "reportedCurrency": "USD", "grossProfit": "2896000000", "totalRevenue": "6739000000", "costOfRevenue": "3843000000", "costofGoodsAndServicesSold": "3843000000", "operatingIncome": "733000000", "sellingGeneralAndAdministrative": "861000000", "researchAndDevelopment": "44000000", "operatingExpenses": "2047000000", "investmentIncomeNet": "None", "netInterestIncome": "-24000000", "interestIncome": "24000000", "interestExpense": "24000000", "nonInterestIncome": "None", "otherNonOperatingIncome": "17000000", "depreciation": "None", "depreciationAndAmortization": "1142000000", "incomeBeforeTax": "754000000", "incomeTaxExpense": "165000000", "interestAndDebtExpense": "None", "netIncomeFromContinuingOperations": "606000000", "comprehensiveIncomeNetOfTax": "None", "ebit": "950000000", "ebitda": "2092000000", "netIncome": "573000000"}, {"fiscalDateEnding": "2019-12-31", "reportedCurrency": "USD", "grossProfit": "2893000000", "totalRevenue": "7080000000", "costOfRevenue": "4187000000", "costofGoodsAndServicesSold": "4187000000", "operatingIncome": "655000000", "sellingGeneralAndAdministrative": "844000000", "researchAndDevelopment": "49000000", "operatingExpenses": "2055000000", "investmentIncomeNet": "None", "netInterestIncome": "-8000000", "interestIncome": "8000000", "interestExpense": "8000000", "nonInterestIncome": "None", "otherNonOperatingIncome": "None", "depreciation": "None", "depreciationAndAmortization": "1162000000", "incomeBeforeTax": "672000000", "incomeTaxExpense": "162000000", "interestAndDebtExpense": "None", "netIncomeFromContinuingOperations": "534000000", "comprehensiveIncomeNetOfTax": "None", "ebit": "910000000", "ebitda": "2072000000", "netIncome": "511000000"}, {"fiscalDateEnding": "2019-09-30", "reportedCurrency": "USD", "grossProfit": "2939000000", "totalRevenue": "7000000000", "costOfRevenue": "4061000000", "costofGoodsAndServicesSold": "4061000000", "operatingIncome": "1000000000", "sellingGeneralAndAdministrative": "850000000", "researchAndDevelopment": "44000000", "operatingExpenses": "1989000000", "investmentIncomeNet": "None", "netInterestIncome": "3000000", "interestIncome": "3000000", "interestExpense": "3000000", "nonInterestIncome": "None", "otherNonOperatingIncome": "28000000", "depreciation": "None", "depreciationAndAmortization": "1095000000", "incomeBeforeTax": "1001000000", "incomeTaxExpense": "298000000", "interestAndDebtExpense": "None", "netIncomeFromContinuingOperations": "731000000", "comprehensiveIncomeNetOfTax": "None", "ebit": "931000000", "ebitda": "2026000000", "netIncome": "735000000"}, {"fiscalDateEnding": "2019-06-30", "reportedCurrency": "USD", "grossProfit": "2924000000", "totalRevenue": "7204000000", "costOfRevenue": "4280000000", "costofGoodsAndServicesSold": "4280000000", "operatingIncome": "669000000", "sellingGeneralAndAdministrative": "884000000", "researchAndDevelopment": "45000000", "operatingExpenses": "2124000000", "investmentIncomeNet": "None", "netInterestIncome": "-10000000", "interestIncome": "10000000", "interestExpense": "10000000", "nonInterestIncome": "None", "otherNonOperatingIncome": "28000000", "depreciation": "None", "depreciationAndAmortization": "1195000000", "incomeBeforeTax": "683000000", "incomeTaxExpense": "169000000", "interestAndDebtExpense": "None", "netIncomeFromContinuingOperations": "542000000", "comprehensiveIncomeNetOfTax": "None", "ebit": "830000000", "ebitda": "2025000000", "netIncome": "522000000"}, {"fiscalDateEnding": "2019-03-31", "reportedCurrency": "USD", "grossProfit": "2828000000", "totalRevenue": "6944000000", "costOfRevenue": "4116000000", "costofGoodsAndServicesSold": "4116000000", "operatingIncome": "609000000", "sellingGeneralAndAdministrative": "879000000", "researchAndDevelopment": "46000000", "operatingExpenses": "2148000000", "investmentIncomeNet": "None", "netInterestIncome": "-23000000", "interestIncome": "23000000", "interestExpense": "23000000", "nonInterestIncome": "None", "otherNonOperatingIncome": "34000000", "depreciation": "None", "depreciationAndAmortization": "1223000000", "incomeBeforeTax": "571000000", "incomeTaxExpense": "140000000", "interestAndDebtExpense": "None", "netIncomeFromContinuingOperations": "465000000", "comprehensiveIncomeNetOfTax": "None", "ebit": "685000000", "ebitda": "1908000000", "netIncome": "517000000"}, {"fiscalDateEnding": "2018-12-31", "reportedCurrency": "USD", "grossProfit": "1846000000", "totalRevenue": "5816000000", "costOfRevenue": "3970000000", "costofGoodsAndServicesSold": "3970000000", "operatingIncome": "3236000000", "sellingGeneralAndAdministrative": "718000000", "researchAndDevelopment": "42000000", "operatingExpenses": "1662000000", "investmentIncomeNet": "None", "netInterestIncome": "None", "interestIncome": "None", "interestExpense": "72000000", "nonInterestIncome": "None", "otherNonOperatingIncome": "None", "depreciation": "None", "depreciationAndAmortization": "902000000", "incomeBeforeTax": "3178000000", "incomeTaxExpense": "355000000", "interestAndDebtExpense": "None", "netIncomeFromContinuingOperations": "465000000", "comprehensiveIncomeNetOfTax": "None", "ebit": "144000000", "ebitda": "1046000000", "netIncome": "2978000000"}, {"fiscalDateEnding": "2018-09-30", "reportedCurrency": "USD", "grossProfit": "1310000000", "totalRevenue": "3024000000", "costOfRevenue": "1714000000", "costofGoodsAndServicesSold": "1714000000", "operatingIncome": "669000000", "sellingGeneralAndAdministrative": "294000000", "researchAndDevelopment": "23000000", "operatingExpenses": "623000000", "investmentIncomeNet": "None", "netInterestIncome": "None", "interestIncome": "None", "interestExpense": "40000000", "nonInterestIncome": "None", "otherNonOperatingIncome": "None", "depreciation": "None", "depreciationAndAmortization": "306000000", "incomeBeforeTax": "623000000", "incomeTaxExpense": "156000000", "interestAndDebtExpense": "None", "netIncomeFromContinuingOperations": "-4553926", "comprehensiveIncomeNetOfTax": "None", "ebit": "691000000", "ebitda": "997000000", "netIncome": "461000000"}, {"fiscalDateEnding": "2018-06-30", "reportedCurrency": "USD", "grossProfit": "1338000000", "totalRevenue": "3061000000", "costOfRevenue": "1723000000", "costofGoodsAndServicesSold": "1723000000", "operatingIncome": "689000000", "sellingGeneralAndAdministrative": "307000000", "researchAndDevelopment": "24000000", "operatingExpenses": "642000000", "investmentIncomeNet": "None", "netInterestIncome": "None", "interestIncome": "None", "interestExpense": "44000000", "nonInterestIncome": "None", "otherNonOperatingIncome": "None", "depreciation": "None", "depreciationAndAmortization": "311000000", "incomeBeforeTax": "643000000", "incomeTaxExpense": "158000000", "interestAndDebtExpense": "None", "netIncomeFromContinuingOperations": "499000000", "comprehensiveIncomeNetOfTax": "None", "ebit": "712000000", "ebitda": "1023000000", "netIncome": "480000000"}, {"fiscalDateEnding": "2018-03-31", "reportedCurrency": "USD", "grossProfit": "1322000000", "totalRevenue": "2999000000", "costOfRevenue": "1677000000", "costofGoodsAndServicesSold": "1677000000", "operatingIncome": "653000000", "sellingGeneralAndAdministrative": "310000000", "researchAndDevelopment": "24000000", "operatingExpenses": "645000000", "investmentIncomeNet": "None", "netInterestIncome": "None", "interestIncome": "None", "interestExpense": "46000000", "nonInterestIncome": "None", "otherNonOperatingIncome": "None", "depreciation": "None", "depreciationAndAmortization": "311000000", "incomeBeforeTax": "605000000", "incomeTaxExpense": "148000000", "interestAndDebtExpense": "None", "netIncomeFromContinuingOperations": "472000000", "comprehensiveIncomeNetOfTax": "None", "ebit": "668000000", "ebitda": "979000000", "netIncome": "462000000"}, {"fiscalDateEnding": "2017-12-31", "reportedCurrency": "USD", "grossProfit": "1293000000", "totalRevenue": "2953000000", "costOfRevenue": "1660000000", "costofGoodsAndServicesSold": "1660000000", "operatingIncome": "636000000", "sellingGeneralAndAdministrative": "312000000", "researchAndDevelopment": "24000000", "operatingExpenses": "647000000", "investmentIncomeNet": "None", "netInterestIncome": "None", "interestIncome": "None", "interestExpense": "41000000", "nonInterestIncome": "None", "otherNonOperatingIncome": "None", "depreciation": "None", "depreciationAndAmortization": "307000000", "incomeBeforeTax": "595000000", "incomeTaxExpense": "558000000", "interestAndDebtExpense": "None", "netIncomeFromContinuingOperations": "4259000000", "comprehensiveIncomeNetOfTax": "None", "ebit": "653000000", "ebitda": "960000000", "netIncome": "33000000"}, {"fiscalDateEnding": "2017-09-30", "reportedCurrency": "USD", "grossProfit": "1270000000", "totalRevenue": "2922000000", "costOfRevenue": "1652000000", "costofGoodsAndServicesSold": "1652000000", "operatingIncome": "626000000", "sellingGeneralAndAdministrative": "290825", "researchAndDevelopment": "23000000", "operatingExpenses": "625000000", "investmentIncomeNet": "None", "netInterestIncome": "None", "interestIncome": "None", "interestExpense": "41000000", "nonInterestIncome": "None", "otherNonOperatingIncome": "None", "depreciation": "None", "depreciationAndAmortization": "298000000", "incomeBeforeTax": "585000000", "incomeTaxExpense": "162000000", "interestAndDebtExpense": "None", "netIncomeFromContinuingOperations": "-290825", "comprehensiveIncomeNetOfTax": "None", "ebit": "626000000", "ebitda": "924000000", "netIncome": "419000000"}, {"fiscalDateEnding": "2017-06-30", "reportedCurrency": "USD", "grossProfit": "1236000000", "totalRevenue": "2834000000", "costOfRevenue": "1598000000", "costofGoodsAndServicesSold": "1598000000", "operatingIncome": "604000000", "sellingGeneralAndAdministrative": "328000000", "researchAndDevelopment": "23000000", "operatingExpenses": "623000000", "investmentIncomeNet": "None", "netInterestIncome": "None", "interestIncome": "None", "interestExpense": "38000000", "nonInterestIncome": "None", "otherNonOperatingIncome": "None", "depreciation": "None", "depreciationAndAmortization": "292000000", "incomeBeforeTax": "566000000", "incomeTaxExpense": "157000000", "interestAndDebtExpense": "None", "netIncomeFromContinuingOperations": "0", "comprehensiveIncomeNetOfTax": "None", "ebit": "618000000", "ebitda": "910000000", "netIncome": "406000000"}, {"fiscalDateEnding": "2017-03-31", "reportedCurrency": "USD", "grossProfit": "1183000000", "totalRevenue": "2728000000", "costOfRevenue": "1545000000", "costofGoodsAndServicesSold": "1545000000", "operatingIncome": "582000000", "sellingGeneralAndAdministrative": "313000000", "researchAndDevelopment": "23000000", "operatingExpenses": "589000000", "investmentIncomeNet": "None", "netInterestIncome": "None", "interestIncome": "None", "interestExpense": "41000000", "nonInterestIncome": "None", "otherNonOperatingIncome": "None", "depreciation": "None", "depreciationAndAmortization": "287000000", "incomeBeforeTax": "541000000", "incomeTaxExpense": "149000000", "interestAndDebtExpense": "None", "netIncomeFromContinuingOperations": "0", "comprehensiveIncomeNetOfTax": "None", "ebit": "587000000", "ebitda": "874000000", "netIncome": "389000000"}, {"fiscalDateEnding": "2016-12-31", "reportedCurrency": "USD", "grossProfit": "1166000000", "totalRevenue": "2644000000", "costOfRevenue": "1478000000", "costofGoodsAndServicesSold": "1478000000", "operatingIncome": "599000000", "sellingGeneralAndAdministrative": "295000000", "researchAndDevelopment": "23000000", "operatingExpenses": "580000000", "investmentIncomeNet": "None", "netInterestIncome": "None", "interestIncome": "None", "interestExpense": "38000000", "nonInterestIncome": "None", "otherNonOperatingIncome": "None", "depreciation": "None", "depreciationAndAmortization": "285000000", "incomeBeforeTax": "561000000", "incomeTaxExpense": "152000000", "interestAndDebtExpense": "None", "netIncomeFromContinuingOperations": "1538000000", "comprehensiveIncomeNetOfTax": "None", "ebit": "599000000", "ebitda": "884000000", "netIncome": "406000000"}, {"fiscalDateEnding": "2016-09-30", "reportedCurrency": "USD", "grossProfit": "1183000000", "totalRevenue": "2716000000", "costOfRevenue": "1533000000", "costofGoodsAndServicesSold": "1533000000", "operatingIncome": "497000000", "sellingGeneralAndAdministrative": "317000000", "researchAndDevelopment": "22000000", "operatingExpenses": "597000000", "investmentIncomeNet": "None", "netInterestIncome": "None", "interestIncome": "None", "interestExpense": "43000000", "nonInterestIncome": "None", "otherNonOperatingIncome": "None", "depreciation": "None", "depreciationAndAmortization": "284000000", "incomeBeforeTax": "454000000", "incomeTaxExpense": "120000000", "interestAndDebtExpense": "None", "netIncomeFromContinuingOperations": "0", "comprehensiveIncomeNetOfTax": "None", "ebit": "497000000", "ebitda": "781000000", "netIncome": "339000000"}, {"fiscalDateEnding": "2016-06-30", "reportedCurrency": "USD", "grossProfit": "1197000000", "totalRevenue": "2665000000", "costOfRevenue": "1468000000", "costofGoodsAndServicesSold": "1468000000", "operatingIncome": "588000000", "sellingGeneralAndAdministrative": "332000000", "researchAndDevelopment": "24000000", "operatingExpenses": "613000000", "investmentIncomeNet": "None", "netInterestIncome": "None", "interestIncome": "None", "interestExpense": "44000000", "nonInterestIncome": "None", "otherNonOperatingIncome": "None", "depreciation": "None", "depreciationAndAmortization": "281000000", "incomeBeforeTax": "544000000", "incomeTaxExpense": "146000000", "interestAndDebtExpense": "None", "netIncomeFromContinuingOperations": "0", "comprehensiveIncomeNetOfTax": "None", "ebit": "588000000", "ebitda": "869000000", "netIncome": "399000000"}, {"fiscalDateEnding": "2016-03-31", "reportedCurrency": "USD", "grossProfit": "1128000000", "totalRevenue": "2509000000", "costOfRevenue": "1381000000", "costofGoodsAndServicesSold": "1381000000", "operatingIncome": "554000000", "sellingGeneralAndAdministrative": "297000000", "researchAndDevelopment": "23000000", "operatingExpenses": "569000000", "investmentIncomeNet": "None", "netInterestIncome": "None", "interestIncome": "None", "interestExpense": "65000000", "nonInterestIncome": "None", "otherNonOperatingIncome": "None", "depreciation": "None", "depreciationAndAmortization": "272000000", "incomeBeforeTax": "489000000", "incomeTaxExpense": "133000000", "interestAndDebtExpense": "None", "netIncomeFromContinuingOperations": "0", "comprehensiveIncomeNetOfTax": "None", "ebit": "554000000", "ebitda": "826000000", "netIncome": "356000000"}, {"fiscalDateEnding": "2015-12-31", "reportedCurrency": "USD", "grossProfit": "1169000000", "totalRevenue": "2595000000", "costOfRevenue": "1426000000", "costofGoodsAndServicesSold": "1426000000", "operatingIncome": "624000000", "sellingGeneralAndAdministrative": "298000000", "researchAndDevelopment": "23000000", "operatingExpenses": "573000000", "investmentIncomeNet": "None", "netInterestIncome": "None", "interestIncome": "None", "interestExpense": "42000000", "nonInterestIncome": "None", "otherNonOperatingIncome": "None", "depreciation": "None", "depreciationAndAmortization": "275000000", "incomeBeforeTax": "582000000", "incomeTaxExpense": "163000000", "interestAndDebtExpense": "None", "netIncomeFromContinuingOperations": "1591000000", "comprehensiveIncomeNetOfTax": "None", "ebit": "624000000", "ebitda": "899000000", "netIncome": "422000000"}, {"fiscalDateEnding": "2015-09-30", "reportedCurrency": "USD", "grossProfit": "1198000000", "totalRevenue": "2686000000", "costOfRevenue": "1488000000", "costofGoodsAndServicesSold": "1488000000", "operatingIncome": "594000000", "sellingGeneralAndAdministrative": "311000000", "researchAndDevelopment": "23000000", "operatingExpenses": "580000000", "investmentIncomeNet": "None", "netInterestIncome": "None", "interestIncome": "None", "interestExpense": "35000000", "nonInterestIncome": "None", "otherNonOperatingIncome": "None", "depreciation": "None", "depreciationAndAmortization": "276000000", "incomeBeforeTax": "559000000", "incomeTaxExpense": "156000000", "interestAndDebtExpense": "None", "netIncomeFromContinuingOperations": "0", "comprehensiveIncomeNetOfTax": "None", "ebit": "594000000", "ebitda": "870000000", "netIncome": "401000000"}, {"fiscalDateEnding": "2015-06-30", "reportedCurrency": "USD", "grossProfit": "1222000000", "totalRevenue": "2738000000", "costOfRevenue": "1516000000", "costofGoodsAndServicesSold": "1516000000", "operatingIncome": "480000000", "sellingGeneralAndAdministrative": "320000000", "researchAndDevelopment": "23000000", "operatingExpenses": "598000000", "investmentIncomeNet": "None", "netInterestIncome": "None", "interestIncome": "None", "interestExpense": "40000000", "nonInterestIncome": "None", "otherNonOperatingIncome": "None", "depreciation": "None", "depreciationAndAmortization": "278000000", "incomeBeforeTax": "440000000", "incomeTaxExpense": "131000000", "interestAndDebtExpense": "None", "netIncomeFromContinuingOperations": "0", "comprehensiveIncomeNetOfTax": "None", "ebit": "480000000", "ebitda": "758000000", "netIncome": "308000000"}, {"fiscalDateEnding": "2015-03-31", "reportedCurrency": "USD", "grossProfit": "1227000000", "totalRevenue": "2757000000", "costOfRevenue": "1530000000", "costofGoodsAndServicesSold": "1530000000", "operatingIncome": "623000000", "sellingGeneralAndAdministrative": "323000000", "researchAndDevelopment": "24000000", "operatingExpenses": "600000000", "investmentIncomeNet": "None", "netInterestIncome": "None", "interestIncome": "None", "interestExpense": "44000000", "nonInterestIncome": "None", "otherNonOperatingIncome": "None", "depreciation": "None", "depreciationAndAmortization": "277000000", "incomeBeforeTax": "579000000", "incomeTaxExpense": "162000000", "interestAndDebtExpense": "None", "netIncomeFromContinuingOperations": "0", "comprehensiveIncomeNetOfTax": "None", "ebit": "623000000", "ebitda": "900000000", "netIncome": "416000000"}, {"fiscalDateEnding": "2014-12-31", "reportedCurrency": "USD", "grossProfit": "1301000000", "totalRevenue": "2990000000", "costOfRevenue": "1689000000", "costofGoodsAndServicesSold": "1689000000", "operatingIncome": "525000000", "sellingGeneralAndAdministrative": "351000000", "researchAndDevelopment": "24000000", "operatingExpenses": "635000000", "investmentIncomeNet": "None", "netInterestIncome": "None", "interestIncome": "None", "interestExpense": "79000000", "nonInterestIncome": "None", "otherNonOperatingIncome": "None", "depreciation": "None", "depreciationAndAmortization": "291000000", "incomeBeforeTax": "446000000", "incomeTaxExpense": "145000000", "interestAndDebtExpense": "None", "netIncomeFromContinuingOperations": "1746000000", "comprehensiveIncomeNetOfTax": "None", "ebit": "525000000", "ebitda": "816000000", "netIncome": "302000000"}, {"fiscalDateEnding": "2014-09-30", "reportedCurrency": "USD", "grossProfit": "1364000000", "totalRevenue": "3144000000", "costOfRevenue": "1780000000", "costofGoodsAndServicesSold": "1780000000", "operatingIncome": "711000000", "sellingGeneralAndAdministrative": "352000000", "researchAndDevelopment": "25000000", "operatingExpenses": "653000000", "investmentIncomeNet": "None", "netInterestIncome": "None", "interestIncome": "None", "interestExpense": "45000000", "nonInterestIncome": "None", "otherNonOperatingIncome": "None", "depreciation": "None", "depreciationAndAmortization": "301000000", "incomeBeforeTax": "666000000", "incomeTaxExpense": "187000000", "interestAndDebtExpense": "None", "netIncomeFromContinuingOperations": "0", "comprehensiveIncomeNetOfTax": "None", "ebit": "711000000", "ebitda": "1012000000", "netIncome": "477000000"}, {"fiscalDateEnding": "2014-06-30", "reportedCurrency": "USD", "grossProfit": "1346000000", "totalRevenue": "3113000000", "costOfRevenue": "1767000000", "costofGoodsAndServicesSold": "1767000000", "operatingIncome": "697000000", "sellingGeneralAndAdministrative": "359000000", "researchAndDevelopment": "24000000", "operatingExpenses": "652000000", "investmentIncomeNet": "None", "netInterestIncome": "None", "interestIncome": "None", "interestExpense": "43000000", "nonInterestIncome": "None", "otherNonOperatingIncome": "None", "depreciation": "None", "depreciationAndAmortization": "293000000", "incomeBeforeTax": "654000000", "incomeTaxExpense": "183000000", "interestAndDebtExpense": "None", "netIncomeFromContinuingOperations": "0", "comprehensiveIncomeNetOfTax": "None", "ebit": "697000000", "ebitda": "990000000", "netIncome": "467000000"}, {"fiscalDateEnding": "2014-03-31", "reportedCurrency": "USD", "grossProfit": "1300000000", "totalRevenue": "3026000000", "costOfRevenue": "1726000000", "costofGoodsAndServicesSold": "1726000000", "operatingIncome": "675000000", "sellingGeneralAndAdministrative": "349000000", "researchAndDevelopment": "23000000", "operatingExpenses": "634000000", "investmentIncomeNet": "None", "netInterestIncome": "None", "interestIncome": "None", "interestExpense": "46000000", "nonInterestIncome": "None", "otherNonOperatingIncome": "None", "depreciation": "None", "depreciationAndAmortization": "285000000", "incomeBeforeTax": "629000000", "incomeTaxExpense": "176000000", "interestAndDebtExpense": "None", "netIncomeFromContinuingOperations": "0", "comprehensiveIncomeNetOfTax": "None", "ebit": "675000000", "ebitda": "960000000", "netIncome": "448000000"}, {"fiscalDateEnding": "2013-12-31", "reportedCurrency": "USD", "grossProfit": "1311000000", "totalRevenue": "3010000000", "costOfRevenue": "1699000000", "costofGoodsAndServicesSold": "1699000000", "operatingIncome": "690000000", "sellingGeneralAndAdministrative": "358000000", "researchAndDevelopment": "26000000", "operatingExpenses": "645000000", "investmentIncomeNet": "None", "netInterestIncome": "None", "interestIncome": "None", "interestExpense": "56000000", "nonInterestIncome": "None", "otherNonOperatingIncome": "None", "depreciation": "None", "depreciationAndAmortization": "287000000", "incomeBeforeTax": "634000000", "incomeTaxExpense": "136000000", "interestAndDebtExpense": "None", "netIncomeFromContinuingOperations": "0", "comprehensiveIncomeNetOfTax": "None", "ebit": "632000000", "ebitda": "919000000", "netIncome": "474000000"}, {"fiscalDateEnding": "2013-09-30", "reportedCurrency": "USD", "grossProfit": "1316000000", "totalRevenue": "3013000000", "costOfRevenue": "1697000000", "costofGoodsAndServicesSold": "1697000000", "operatingIncome": "670000000", "sellingGeneralAndAdministrative": "369000000", "researchAndDevelopment": "24000000", "operatingExpenses": "641000000", "investmentIncomeNet": "None", "netInterestIncome": "None", "interestIncome": "None", "interestExpense": "41000000", "nonInterestIncome": "None", "otherNonOperatingIncome": "None", "depreciation": "None", "depreciationAndAmortization": "281000000", "incomeBeforeTax": "629000000", "incomeTaxExpense": "175000000", "interestAndDebtExpense": "None", "netIncomeFromContinuingOperations": "0", "comprehensiveIncomeNetOfTax": "None", "ebit": "670000000", "ebitda": "951000000", "netIncome": "445000000"}, {"fiscalDateEnding": "2013-06-30", "reportedCurrency": "USD", "grossProfit": "1304000000", "totalRevenue": "3014000000", "costOfRevenue": "1710000000", "costofGoodsAndServicesSold": "1710000000", "operatingIncome": "665000000", "sellingGeneralAndAdministrative": "368000000", "researchAndDevelopment": "24000000", "operatingExpenses": "643000000", "investmentIncomeNet": "None", "netInterestIncome": "None", "interestIncome": "None", "interestExpense": "41000000", "nonInterestIncome": "None", "otherNonOperatingIncome": "None", "depreciation": "None", "depreciationAndAmortization": "275000000", "incomeBeforeTax": "624000000", "incomeTaxExpense": "174000000", "interestAndDebtExpense": "None", "netIncomeFromContinuingOperations": "0", "comprehensiveIncomeNetOfTax": "None", "ebit": "668000000", "ebitda": "943000000", "netIncome": "445000000"}, {"fiscalDateEnding": "2013-03-31", "reportedCurrency": "USD", "grossProfit": "1250000000", "totalRevenue": "2888000000", "costOfRevenue": "1638000000", "costofGoodsAndServicesSold": "1638000000", "operatingIncome": "600000000", "sellingGeneralAndAdministrative": "361000000", "researchAndDevelopment": "24000000", "operatingExpenses": "627000000", "investmentIncomeNet": "None", "netInterestIncome": "None", "interestIncome": "None", "interestExpense": "40000000", "nonInterestIncome": "None", "otherNonOperatingIncome": "None", "depreciation": "None", "depreciationAndAmortization": "266000000", "incomeBeforeTax": "560000000", "incomeTaxExpense": "164000000", "interestAndDebtExpense": "None", "netIncomeFromContinuingOperations": "0", "comprehensiveIncomeNetOfTax": "None", "ebit": "630000000", "ebitda": "896000000", "netIncome": "391000000"}, {"fiscalDateEnding": "2012-12-31", "reportedCurrency": "USD", "grossProfit": "1216000000", "totalRevenue": "2799000000", "costOfRevenue": "1583000000", "costofGoodsAndServicesSold": "1583000000", "operatingIncome": "616000000", "sellingGeneralAndAdministrative": "344000000", "researchAndDevelopment": "25000000", "operatingExpenses": "598000000", "investmentIncomeNet": "None", "netInterestIncome": "None", "interestIncome": "None", "interestExpense": "35000000", "nonInterestIncome": "None", "otherNonOperatingIncome": "None", "depreciation": "None", "depreciationAndAmortization": "254000000", "incomeBeforeTax": "581000000", "incomeTaxExpense": "162000000", "interestAndDebtExpense": "None", "netIncomeFromContinuingOperations": "0", "comprehensiveIncomeNetOfTax": "None", "ebit": "631000000", "ebitda": "885000000", "netIncome": "414000000"}, {"fiscalDateEnding": "2012-09-30", "reportedCurrency": "USD", "grossProfit": "1179000000", "totalRevenue": "2774000000", "costOfRevenue": "1595000000", "costofGoodsAndServicesSold": "1595000000", "operatingIncome": "558000000", "sellingGeneralAndAdministrative": "330000000", "researchAndDevelopment": "24000000", "operatingExpenses": "665000000", "investmentIncomeNet": "None", "netInterestIncome": "None", "interestIncome": "None", "interestExpense": "36000000", "nonInterestIncome": "None", "otherNonOperatingIncome": "None", "depreciation": "None", "depreciationAndAmortization": "248000000", "incomeBeforeTax": "522000000", "incomeTaxExpense": "90000000", "interestAndDebtExpense": "None", "netIncomeFromContinuingOperations": "0", "comprehensiveIncomeNetOfTax": "None", "ebit": "558000000", "ebitda": "806000000", "netIncome": "430000000"}, {"fiscalDateEnding": "2012-06-30", "reportedCurrency": "USD", "grossProfit": "1209000000", "totalRevenue": "2811000000", "costOfRevenue": "1602000000", "costofGoodsAndServicesSold": "1602000000", "operatingIncome": "636000000", "sellingGeneralAndAdministrative": "335000000", "researchAndDevelopment": "25000000", "operatingExpenses": "573000000", "investmentIncomeNet": "None", "netInterestIncome": "None", "interestIncome": "None", "interestExpense": "33000000", "nonInterestIncome": "None", "otherNonOperatingIncome": "None", "depreciation": "None", "depreciationAndAmortization": "247000000", "incomeBeforeTax": "603000000", "incomeTaxExpense": "169000000", "interestAndDebtExpense": "None", "netIncomeFromContinuingOperations": "0", "comprehensiveIncomeNetOfTax": "None", "ebit": "636000000", "ebitda": "883000000", "netIncome": "429000000"}, {"fiscalDateEnding": "2012-03-31", "reportedCurrency": "USD", "grossProfit": "1224000000", "totalRevenue": "2840000000", "costOfRevenue": "1616000000", "costofGoodsAndServicesSold": "1616000000", "operatingIncome": "627000000", "sellingGeneralAndAdministrative": "359000000", "researchAndDevelopment": "24000000", "operatingExpenses": "625000000", "investmentIncomeNet": "None", "netInterestIncome": "None", "interestIncome": "None", "interestExpense": "37000000", "nonInterestIncome": "None", "otherNonOperatingIncome": "None", "depreciation": "None", "depreciationAndAmortization": "252000000", "incomeBeforeTax": "597000000", "incomeTaxExpense": "165000000", "interestAndDebtExpense": "None", "netIncomeFromContinuingOperations": "0", "comprehensiveIncomeNetOfTax": "None", "ebit": "627000000", "ebitda": "879000000", "netIncome": "419000000"}, {"fiscalDateEnding": "2011-12-31", "reportedCurrency": "USD", "grossProfit": "1198000000", "totalRevenue": "2796000000", "costOfRevenue": "1598000000", "costofGoodsAndServicesSold": "1598000000", "operatingIncome": "618000000", "sellingGeneralAndAdministrative": "338000000", "researchAndDevelopment": "23000000", "operatingExpenses": "596000000", "investmentIncomeNet": "None", "netInterestIncome": "None", "interestIncome": "None", "interestExpense": "38000000", "nonInterestIncome": "None", "otherNonOperatingIncome": "None", "depreciation": "None", "depreciationAndAmortization": "249000000", "incomeBeforeTax": "580000000", "incomeTaxExpense": "-1126000000", "interestAndDebtExpense": "None", "netIncomeFromContinuingOperations": "0", "comprehensiveIncomeNetOfTax": "None", "ebit": "618000000", "ebitda": "867000000", "netIncome": "420000000"}, {"fiscalDateEnding": "2011-09-30", "reportedCurrency": "USD", "grossProfit": "1212000000", "totalRevenue": "2896000000", "costOfRevenue": "1684000000", "costofGoodsAndServicesSold": "1684000000", "operatingIncome": "632000000", "sellingGeneralAndAdministrative": "329000000", "researchAndDevelopment": "22000000", "operatingExpenses": "590000000", "investmentIncomeNet": "None", "netInterestIncome": "None", "interestIncome": "None", "interestExpense": "36000000", "nonInterestIncome": "None", "otherNonOperatingIncome": "None", "depreciation": "None", "depreciationAndAmortization": "256000000", "incomeBeforeTax": "596000000", "incomeTaxExpense": "166000000", "interestAndDebtExpense": "None", "netIncomeFromContinuingOperations": "0", "comprehensiveIncomeNetOfTax": "None", "ebit": "632000000", "ebitda": "888000000", "netIncome": "429000000"}, {"fiscalDateEnding": "2011-06-30", "reportedCurrency": "USD", "grossProfit": "1218000000", "totalRevenue": "2858000000", "costOfRevenue": "1640000000", "costofGoodsAndServicesSold": "1640000000", "operatingIncome": "627000000", "sellingGeneralAndAdministrative": "332000000", "researchAndDevelopment": "23000000", "operatingExpenses": "586000000", "investmentIncomeNet": "None", "netInterestIncome": "None", "interestIncome": "None", "interestExpense": "36000000", "nonInterestIncome": "None", "otherNonOperatingIncome": "None", "depreciation": "None", "depreciationAndAmortization": "254000000", "incomeBeforeTax": "591000000", "incomeTaxExpense": "163000000", "interestAndDebtExpense": "None", "netIncomeFromContinuingOperations": "0", "comprehensiveIncomeNetOfTax": "None", "ebit": "627000000", "ebitda": "881000000", "netIncome": "425000000"}, {"fiscalDateEnding": "2011-03-31", "reportedCurrency": "USD", "grossProfit": "1166000000", "totalRevenue": "2702000000", "costOfRevenue": "1536000000", "costofGoodsAndServicesSold": "1536000000", "operatingIncome": "591000000", "sellingGeneralAndAdministrative": "330000000", "researchAndDevelopment": "22000000", "operatingExpenses": "573000000", "investmentIncomeNet": "None", "netInterestIncome": "None", "interestIncome": "None", "interestExpense": "35000000", "nonInterestIncome": "None", "otherNonOperatingIncome": "None", "depreciation": "None", "depreciationAndAmortization": "244000000", "incomeBeforeTax": "556000000", "incomeTaxExpense": "156000000", "interestAndDebtExpense": "None", "netIncomeFromContinuingOperations": "0", "comprehensiveIncomeNetOfTax": "None", "ebit": "591000000", "ebitda": "835000000", "netIncome": "398000000"}, {"fiscalDateEnding": "2010-12-31", "reportedCurrency": "USD", "grossProfit": "1131000000", "totalRevenue": "2623000000", "costOfRevenue": "1492000000", "costofGoodsAndServicesSold": "1492000000", "operatingIncome": "505000000", "sellingGeneralAndAdministrative": "324000000", "researchAndDevelopment": "23000000", "operatingExpenses": "523000000", "investmentIncomeNet": "None", "netInterestIncome": "None", "interestIncome": "None", "interestExpense": "28000000", "nonInterestIncome": "None", "otherNonOperatingIncome": "None", "depreciation": "None", "depreciationAndAmortization": "240000000", "incomeBeforeTax": "477000000", "incomeTaxExpense": "346000000", "interestAndDebtExpense": "None", "netIncomeFromContinuingOperations": "0", "comprehensiveIncomeNetOfTax": "None", "ebit": "505000000", "ebitda": "745000000", "netIncome": "133000000"}, {"fiscalDateEnding": "2010-09-30", "reportedCurrency": "USD", "grossProfit": "1094000000", "totalRevenue": "2538000000", "costOfRevenue": "1444000000", "costofGoodsAndServicesSold": "1444000000", "operatingIncome": "551000000", "sellingGeneralAndAdministrative": "318000000", "researchAndDevelopment": "19000000", "operatingExpenses": "543000000", "investmentIncomeNet": "None", "netInterestIncome": "None", "interestIncome": "None", "interestExpense": "29000000", "nonInterestIncome": "None", "otherNonOperatingIncome": "None", "depreciation": "None", "depreciationAndAmortization": "227000000", "incomeBeforeTax": "522000000", "incomeTaxExpense": "146000000", "interestAndDebtExpense": "None", "netIncomeFromContinuingOperations": "0", "comprehensiveIncomeNetOfTax": "None", "ebit": "551000000", "ebitda": "778000000", "netIncome": "377000000"}, {"fiscalDateEnding": "2010-06-30", "reportedCurrency": "USD", "grossProfit": "1090000000", "totalRevenue": "2527000000", "costOfRevenue": "1437000000", "costofGoodsAndServicesSold": "1437000000", "operatingIncome": "547000000", "sellingGeneralAndAdministrative": "321000000", "researchAndDevelopment": "19000000", "operatingExpenses": "543000000", "investmentIncomeNet": "None", "netInterestIncome": "None", "interestIncome": "None", "interestExpense": "29000000", "nonInterestIncome": "None", "otherNonOperatingIncome": "None", "depreciation": "None", "depreciationAndAmortization": "230000000", "incomeBeforeTax": "518000000", "incomeTaxExpense": "145000000", "interestAndDebtExpense": "None", "netIncomeFromContinuingOperations": "0", "comprehensiveIncomeNetOfTax": "None", "ebit": "547000000", "ebitda": "777000000", "netIncome": "371000000"}, {"fiscalDateEnding": "2010-03-31", "reportedCurrency": "USD", "grossProfit": "1047000000", "totalRevenue": "2428000000", "costOfRevenue": "1381000000", "costofGoodsAndServicesSold": "1381000000", "operatingIncome": "479000000", "sellingGeneralAndAdministrative": "312000000", "researchAndDevelopment": "18000000", "operatingExpenses": "566000000", "investmentIncomeNet": "None", "netInterestIncome": "None", "interestIncome": "None", "interestExpense": "32000000", "nonInterestIncome": "None", "otherNonOperatingIncome": "None", "depreciation": "None", "depreciationAndAmortization": "228000000", "incomeBeforeTax": "447000000", "incomeTaxExpense": "131000000", "interestAndDebtExpense": "None", "netIncomeFromContinuingOperations": "0", "comprehensiveIncomeNetOfTax": "None", "ebit": "479000000", "ebitda": "707000000", "netIncome": "314000000"}, {"fiscalDateEnding": "2009-12-31", "reportedCurrency": "USD", "grossProfit": "1037000000", "totalRevenue": "2407000000", "costOfRevenue": "1370000000", "costofGoodsAndServicesSold": "1370000000", "operatingIncome": "512000000", "sellingGeneralAndAdministrative": "292000000", "researchAndDevelopment": "18000000", "operatingExpenses": "505000000", "investmentIncomeNet": "None", "netInterestIncome": "None", "interestIncome": "None", "interestExpense": "33000000", "nonInterestIncome": "None", "otherNonOperatingIncome": "None", "depreciation": "None", "depreciationAndAmortization": "223000000", "incomeBeforeTax": "479000000", "incomeTaxExpense": "133000000", "interestAndDebtExpense": "None", "netIncomeFromContinuingOperations": "0", "comprehensiveIncomeNetOfTax": "None", "ebit": "512000000", "ebitda": "735000000", "netIncome": "340000000"}, {"fiscalDateEnding": "2009-09-30", "reportedCurrency": "USD", "grossProfit": "1011000000", "totalRevenue": "2288000000", "costOfRevenue": "1277000000", "costofGoodsAndServicesSold": "1277000000", "operatingIncome": "174000000", "sellingGeneralAndAdministrative": "304000000", "researchAndDevelopment": "20000000", "operatingExpenses": "521000000", "investmentIncomeNet": "None", "netInterestIncome": "None", "interestIncome": "None", "interestExpense": "32000000", "nonInterestIncome": "None", "otherNonOperatingIncome": "None", "depreciation": "None", "depreciationAndAmortization": "217000000", "incomeBeforeTax": "142000000", "incomeTaxExpense": "-187000000", "interestAndDebtExpense": "None", "netIncomeFromContinuingOperations": "0", "comprehensiveIncomeNetOfTax": "None", "ebit": "174000000", "ebitda": "391000000", "netIncome": "325000000"}, {"fiscalDateEnding": "2009-06-30", "reportedCurrency": "USD", "grossProfit": "948000000", "totalRevenue": "2138000000", "costOfRevenue": "1190000000", "costofGoodsAndServicesSold": "1190000000", "operatingIncome": "447000000", "sellingGeneralAndAdministrative": "265000000", "researchAndDevelopment": "18000000", "operatingExpenses": "479000000", "investmentIncomeNet": "None", "netInterestIncome": "None", "interestIncome": "None", "interestExpense": "33000000", "nonInterestIncome": "None", "otherNonOperatingIncome": "None", "depreciation": "None", "depreciationAndAmortization": "207000000", "incomeBeforeTax": "414000000", "incomeTaxExpense": "109000000", "interestAndDebtExpense": "None", "netIncomeFromContinuingOperations": "0", "comprehensiveIncomeNetOfTax": "None", "ebit": "447000000", "ebitda": "654000000", "netIncome": "299000000"}, {"fiscalDateEnding": "2009-03-31", "reportedCurrency": "USD", "grossProfit": "928000000", "totalRevenue": "2123000000", "costOfRevenue": "1195000000", "costofGoodsAndServicesSold": "1195000000", "operatingIncome": "442000000", "sellingGeneralAndAdministrative": "265000000", "researchAndDevelopment": "18000000", "operatingExpenses": "478000000", "investmentIncomeNet": "None", "netInterestIncome": "None", "interestIncome": "None", "interestExpense": "35000000", "nonInterestIncome": "None", "otherNonOperatingIncome": "None", "depreciation": "None", "depreciationAndAmortization": "199000000", "incomeBeforeTax": "407000000", "incomeTaxExpense": "114000000", "interestAndDebtExpense": "None", "netIncomeFromContinuingOperations": "0", "comprehensiveIncomeNetOfTax": "None", "ebit": "442000000", "ebitda": "641000000", "netIncome": "290000000"}, {"fiscalDateEnding": "2008-12-31", "reportedCurrency": "USD", "grossProfit": "985000000", "totalRevenue": "2403000000", "costOfRevenue": "1418000000", "costofGoodsAndServicesSold": "1418000000", "operatingIncome": "314000000", "sellingGeneralAndAdministrative": "320000000", "researchAndDevelopment": "25000000", "operatingExpenses": "654000000", "investmentIncomeNet": "None", "netInterestIncome": "None", "interestIncome": "None", "interestExpense": "49000000", "nonInterestIncome": "None", "otherNonOperatingIncome": "None", "depreciation": "None", "depreciationAndAmortization": "206000000", "incomeBeforeTax": "265000000", "incomeTaxExpense": "67000000", "interestAndDebtExpense": "None", "netIncomeFromContinuingOperations": "0", "comprehensiveIncomeNetOfTax": "None", "ebit": "331000000", "ebitda": "537000000", "netIncome": "200000000"}, {"fiscalDateEnding": "2008-09-30", "reportedCurrency": "USD", "grossProfit": "1118000000", "totalRevenue": "2852000000", "costOfRevenue": "1734000000", "costofGoodsAndServicesSold": "1734000000", "operatingIncome": "544000000", "sellingGeneralAndAdministrative": "365000000", "researchAndDevelopment": "24000000", "operatingExpenses": "574000000", "investmentIncomeNet": "None", "netInterestIncome": "None", "interestIncome": "None", "interestExpense": "50000000", "nonInterestIncome": "None", "otherNonOperatingIncome": "None", "depreciation": "None", "depreciationAndAmortization": "218000000", "incomeBeforeTax": "494000000", "incomeTaxExpense": "139000000", "interestAndDebtExpense": "None", "netIncomeFromContinuingOperations": "0", "comprehensiveIncomeNetOfTax": "None", "ebit": "544000000", "ebitda": "762000000", "netIncome": "355000000"}, {"fiscalDateEnding": "2008-06-30", "reportedCurrency": "USD", "grossProfit": "1130000000", "totalRevenue": "2878000000", "costOfRevenue": "1748000000", "costofGoodsAndServicesSold": "1748000000", "operatingIncome": "543000000", "sellingGeneralAndAdministrative": "365000000", "researchAndDevelopment": "24000000", "operatingExpenses": "587000000", "investmentIncomeNet": "None", "netInterestIncome": "None", "interestIncome": "None", "interestExpense": "52000000", "nonInterestIncome": "None", "otherNonOperatingIncome": "None", "depreciation": "None", "depreciationAndAmortization": "216000000", "incomeBeforeTax": "491000000", "incomeTaxExpense": "137000000", "interestAndDebtExpense": "None", "netIncomeFromContinuingOperations": "0", "comprehensiveIncomeNetOfTax": "None", "ebit": "543000000", "ebitda": "759000000", "netIncome": "349000000"}, {"fiscalDateEnding": "2008-03-31", "reportedCurrency": "USD", "grossProfit": "1068000000", "totalRevenue": "2663000000", "costOfRevenue": "1595000000", "costofGoodsAndServicesSold": "1595000000", "operatingIncome": "482000000", "sellingGeneralAndAdministrative": "352000000", "researchAndDevelopment": "24000000", "operatingExpenses": "586000000", "investmentIncomeNet": "None", "netInterestIncome": "None", "interestIncome": "None", "interestExpense": "47000000", "nonInterestIncome": "None", "otherNonOperatingIncome": "None", "depreciation": "None", "depreciationAndAmortization": "210000000", "incomeBeforeTax": "435000000", "incomeTaxExpense": "122000000", "interestAndDebtExpense": "None", "netIncomeFromContinuingOperations": "0", "comprehensiveIncomeNetOfTax": "None", "ebit": "482000000", "ebitda": "692000000", "netIncome": "307000000"}, {"fiscalDateEnding": "2007-12-31", "reportedCurrency": "USD", "grossProfit": "1030000000", "totalRevenue": "2523000000", "costOfRevenue": "1493000000", "costofGoodsAndServicesSold": "1493000000", "operatingIncome": "484000000", "sellingGeneralAndAdministrative": "340000000", "researchAndDevelopment": "26000000", "operatingExpenses": "546000000", "investmentIncomeNet": "None", "netInterestIncome": "None", "interestIncome": "None", "interestExpense": "50000000", "nonInterestIncome": "None", "otherNonOperatingIncome": "None", "depreciation": "None", "depreciationAndAmortization": "207000000", "incomeBeforeTax": "434000000", "incomeTaxExpense": "115000000", "interestAndDebtExpense": "None", "netIncomeFromContinuingOperations": "0", "comprehensiveIncomeNetOfTax": "None", "ebit": "484000000", "ebitda": "691000000", "netIncome": "316000000"}, {"fiscalDateEnding": "2007-09-30", "reportedCurrency": "USD", "grossProfit": "978000000", "totalRevenue": "2372000000", "costOfRevenue": "1394000000", "costofGoodsAndServicesSold": "1394000000", "operatingIncome": "460000000", "sellingGeneralAndAdministrative": "318000000", "researchAndDevelopment": "24000000", "operatingExpenses": "518000000", "investmentIncomeNet": "None", "netInterestIncome": "None", "interestIncome": "None", "interestExpense": "44000000", "nonInterestIncome": "None", "otherNonOperatingIncome": "None", "depreciation": "None", "depreciationAndAmortization": "196000000", "incomeBeforeTax": "416000000", "incomeTaxExpense": "106000000", "interestAndDebtExpense": "None", "netIncomeFromContinuingOperations": "0", "comprehensiveIncomeNetOfTax": "None", "ebit": "460000000", "ebitda": "656000000", "netIncome": "305000000"}, {"fiscalDateEnding": "2007-06-30", "reportedCurrency": "USD", "grossProfit": "944000000", "totalRevenue": "2332000000", "costOfRevenue": "1388000000", "costofGoodsAndServicesSold": "1388000000", "operatingIncome": "439000000", "sellingGeneralAndAdministrative": "320000000", "researchAndDevelopment": "24000000", "operatingExpenses": "505000000", "investmentIncomeNet": "None", "netInterestIncome": "None", "interestIncome": "None", "interestExpense": "41000000", "nonInterestIncome": "None", "otherNonOperatingIncome": "None", "depreciation": "None", "depreciationAndAmortization": "189000000", "incomeBeforeTax": "398000000", "incomeTaxExpense": "103000000", "interestAndDebtExpense": "None", "netIncomeFromContinuingOperations": "0", "comprehensiveIncomeNetOfTax": "None", "ebit": "439000000", "ebitda": "628000000", "netIncome": "291000000"}, {"fiscalDateEnding": "2007-03-31", "reportedCurrency": "USD", "grossProfit": "893000000", "totalRevenue": "2175000000", "costOfRevenue": "1282000000", "costofGoodsAndServicesSold": "1282000000", "operatingIncome": "403000000", "sellingGeneralAndAdministrative": "310000000", "researchAndDevelopment": "24000000", "operatingExpenses": "490000000", "investmentIncomeNet": "None", "netInterestIncome": "None", "interestIncome": "None", "interestExpense": "38000000", "nonInterestIncome": "None", "otherNonOperatingIncome": "None", "depreciation": "None", "depreciationAndAmortization": "182000000", "incomeBeforeTax": "365000000", "incomeTaxExpense": "95000000", "interestAndDebtExpense": "None", "netIncomeFromContinuingOperations": "0", "comprehensiveIncomeNetOfTax": "None", "ebit": "403000000", "ebitda": "585000000", "netIncome": "265000000"}, {"fiscalDateEnding": "2006-12-31", "reportedCurrency": "USD", "grossProfit": "859000000", "totalRevenue": "2123000000", "costOfRevenue": "1264000000", "costofGoodsAndServicesSold": "1264000000", "operatingIncome": "393000000", "sellingGeneralAndAdministrative": "293000000", "researchAndDevelopment": "23000000", "operatingExpenses": "466000000", "investmentIncomeNet": "None", "netInterestIncome": "None", "interestIncome": "None", "interestExpense": "44000000", "nonInterestIncome": "None", "otherNonOperatingIncome": "None", "depreciation": "None", "depreciationAndAmortization": "178000000", "incomeBeforeTax": "355000000", "incomeTaxExpense": "81000000", "interestAndDebtExpense": "None", "netIncomeFromContinuingOperations": "0", "comprehensiveIncomeNetOfTax": "None", "ebit": "393000000", "ebitda": "571000000", "netIncome": "269000000"}, {"fiscalDateEnding": "2006-09-30", "reportedCurrency": "USD", "grossProfit": "840000000", "totalRevenue": "2099000000", "costOfRevenue": "1259000000", "costofGoodsAndServicesSold": "1259000000", "operatingIncome": "392000000", "sellingGeneralAndAdministrative": "293000000", "researchAndDevelopment": "21000000", "operatingExpenses": "448000000", "investmentIncomeNet": "None", "netInterestIncome": "None", "interestIncome": "None", "interestExpense": "43000000", "nonInterestIncome": "None", "otherNonOperatingIncome": "None", "depreciation": "None", "depreciationAndAmortization": "173000000", "incomeBeforeTax": "354000000", "incomeTaxExpense": "101000000", "interestAndDebtExpense": "None", "netIncomeFromContinuingOperations": "0", "comprehensiveIncomeNetOfTax": "None", "ebit": "392000000", "ebitda": "565000000", "netIncome": "247000000"}, {"fiscalDateEnding": "2006-06-30", "reportedCurrency": "USD", "grossProfit": "838000000", "totalRevenue": "2076000000", "costOfRevenue": "1238000000", "costofGoodsAndServicesSold": "1238000000", "operatingIncome": "382000000", "sellingGeneralAndAdministrative": "293000000", "researchAndDevelopment": "22000000", "operatingExpenses": "456000000", "investmentIncomeNet": "None", "netInterestIncome": "None", "interestIncome": "None", "interestExpense": "47000000", "nonInterestIncome": "None", "otherNonOperatingIncome": "None", "depreciation": "None", "depreciationAndAmortization": "174000000", "incomeBeforeTax": "341000000", "incomeTaxExpense": "90000000", "interestAndDebtExpense": "None", "netIncomeFromContinuingOperations": "0", "comprehensiveIncomeNetOfTax": "None", "ebit": "382000000", "ebitda": "556000000", "netIncome": "247000000"}, {"fiscalDateEnding": "2006-03-31", "reportedCurrency": "USD", "grossProfit": "819000000", "totalRevenue": "2026000000", "costOfRevenue": "1207000000", "costofGoodsAndServicesSold": "1207000000", "operatingIncome": "352000000", "sellingGeneralAndAdministrative": "294000000", "researchAndDevelopment": "21000000", "operatingExpenses": "467000000", "investmentIncomeNet": "None", "netInterestIncome": "None", "interestIncome": "None", "interestExpense": "42000000", "nonInterestIncome": "None", "otherNonOperatingIncome": "None", "depreciation": "None", "depreciationAndAmortization": "171000000", "incomeBeforeTax": "314000000", "incomeTaxExpense": "83000000", "interestAndDebtExpense": "None", "netIncomeFromContinuingOperations": "0", "comprehensiveIncomeNetOfTax": "None", "ebit": "352000000", "ebitda": "523000000", "netIncome": "225000000"}, {"fiscalDateEnding": "2005-12-31", "reportedCurrency": "USD", "grossProfit": "799000000", "totalRevenue": "2020000000", "costOfRevenue": "1221000000", "costofGoodsAndServicesSold": "1221000000", "operatingIncome": "345000000", "sellingGeneralAndAdministrative": "274000000", "researchAndDevelopment": "22000000", "operatingExpenses": "454000000", "investmentIncomeNet": "None", "netInterestIncome": "None", "interestIncome": "None", "interestExpense": "43000000", "nonInterestIncome": "None", "otherNonOperatingIncome": "None", "depreciation": "None", "depreciationAndAmortization": "175000000", "incomeBeforeTax": "305000000", "incomeTaxExpense": "80000000", "interestAndDebtExpense": "None", "netIncomeFromContinuingOperations": "0", "comprehensiveIncomeNetOfTax": "None", "ebit": "345000000", "ebitda": "520000000", "netIncome": "214000000"}, {"fiscalDateEnding": "2005-09-30", "reportedCurrency": "USD", "grossProfit": "746000000", "totalRevenue": "1890000000", "costOfRevenue": "1144000000", "costofGoodsAndServicesSold": "1144000000", "operatingIncome": "317000000", "sellingGeneralAndAdministrative": "262000000", "researchAndDevelopment": "19000000", "operatingExpenses": "429000000", "investmentIncomeNet": "None", "netInterestIncome": "None", "interestIncome": "None", "interestExpense": "43000000", "nonInterestIncome": "None", "otherNonOperatingIncome": "None", "depreciation": "None", "depreciationAndAmortization": "165000000", "incomeBeforeTax": "277000000", "incomeTaxExpense": "163000000", "interestAndDebtExpense": "None", "netIncomeFromContinuingOperations": "0", "comprehensiveIncomeNetOfTax": "None", "ebit": "317000000", "ebitda": "482000000", "netIncome": "108000000"}, {"fiscalDateEnding": "2005-06-30", "reportedCurrency": "USD", "grossProfit": "752000000", "totalRevenue": "1919000000", "costOfRevenue": "1167000000", "costofGoodsAndServicesSold": "1167000000", "operatingIncome": "322000000", "sellingGeneralAndAdministrative": "266000000", "researchAndDevelopment": "19000000", "operatingExpenses": "430000000", "investmentIncomeNet": "None", "netInterestIncome": "None", "interestIncome": "None", "interestExpense": "44000000", "nonInterestIncome": "None", "otherNonOperatingIncome": "None", "depreciation": "None", "depreciationAndAmortization": "163000000", "incomeBeforeTax": "281000000", "incomeTaxExpense": "64000000", "interestAndDebtExpense": "None", "netIncomeFromContinuingOperations": "0", "comprehensiveIncomeNetOfTax": "None", "ebit": "322000000", "ebitda": "485000000", "netIncome": "209000000"}, {"fiscalDateEnding": "2005-03-31", "reportedCurrency": "USD", "grossProfit": "718000000", "totalRevenue": "1827000000", "costOfRevenue": "1109000000", "costofGoodsAndServicesSold": "1109000000", "operatingIncome": "309000000", "sellingGeneralAndAdministrative": "265000000", "researchAndDevelopment": "20000000", "operatingExpenses": "409000000", "investmentIncomeNet": "None", "netInterestIncome": "None", "interestIncome": "None", "interestExpense": "44000000", "nonInterestIncome": "None", "otherNonOperatingIncome": "None", "depreciation": "None", "depreciationAndAmortization": "162000000", "incomeBeforeTax": "267000000", "incomeTaxExpense": "69000000", "interestAndDebtExpense": "None", "netIncomeFromContinuingOperations": "0", "comprehensiveIncomeNetOfTax": "None", "ebit": "309000000", "ebitda": "471000000", "netIncome": "195000000"}, {"fiscalDateEnding": "2004-12-31", "reportedCurrency": "USD", "grossProfit": "692000000", "totalRevenue": "1786000000", "costOfRevenue": "1094000000", "costofGoodsAndServicesSold": "1094000000", "operatingIncome": "289000000", "sellingGeneralAndAdministrative": "260000000", "researchAndDevelopment": "20000000", "operatingExpenses": "403000000", "investmentIncomeNet": "None", "netInterestIncome": "None", "interestIncome": "None", "interestExpense": "40000000", "nonInterestIncome": "None", "otherNonOperatingIncome": "None", "depreciation": "None", "depreciationAndAmortization": "154000000", "incomeBeforeTax": "249000000", "incomeTaxExpense": "60000000", "interestAndDebtExpense": "None", "netIncomeFromContinuingOperations": "0", "comprehensiveIncomeNetOfTax": "None", "ebit": "289000000", "ebitda": "443000000", "netIncome": "181000000"}]}