{"symbol": "BR", "annualReports": [{"fiscalDateEnding": "2024-06-30", "reportedCurrency": "USD", "grossProfit": "1933900000", "totalRevenue": "6506800000", "costOfRevenue": "4572900000", "costofGoodsAndServicesSold": "4572900000", "operatingIncome": "1017100000", "sellingGeneralAndAdministrative": "916800000", "researchAndDevelopment": "None", "operatingExpenses": "916800000", "investmentIncomeNet": "None", "netInterestIncome": "-138100000", "interestIncome": "12100000", "interestExpense": "150200000", "nonInterestIncome": "None", "otherNonOperatingIncome": "None", "depreciation": "None", "depreciationAndAmortization": "477900000", "incomeBeforeTax": "877400000", "incomeTaxExpense": "179300000", "interestAndDebtExpense": "None", "netIncomeFromContinuingOperations": "698100000", "comprehensiveIncomeNetOfTax": "None", "ebit": "1027600000", "ebitda": "1505500000", "netIncome": "698100000"}, {"fiscalDateEnding": "2023-06-30", "reportedCurrency": "USD", "grossProfit": "1785400000", "totalRevenue": "6060900000", "costOfRevenue": "4275500000", "costofGoodsAndServicesSold": "4275500000", "operatingIncome": "936400000", "sellingGeneralAndAdministrative": "849000000", "researchAndDevelopment": "None", "operatingExpenses": "849000000", "investmentIncomeNet": "None", "netInterestIncome": "-135500000", "interestIncome": "8200000", "interestExpense": "135500000", "nonInterestIncome": "None", "otherNonOperatingIncome": "-6000000", "depreciation": "None", "depreciationAndAmortization": "425000000", "incomeBeforeTax": "794900000", "incomeTaxExpense": "164300000", "interestAndDebtExpense": "None", "netIncomeFromContinuingOperations": "630600000", "comprehensiveIncomeNetOfTax": "None", "ebit": "936400000", "ebitda": "1361400000", "netIncome": "630600000"}, {"fiscalDateEnding": "2022-06-30", "reportedCurrency": "USD", "grossProfit": "1592200000", "totalRevenue": "5709100000", "costOfRevenue": "4116900000", "costofGoodsAndServicesSold": "4116900000", "operatingIncome": "759900000", "sellingGeneralAndAdministrative": "832300000", "researchAndDevelopment": "None", "operatingExpenses": "832300000", "investmentIncomeNet": "None", "netInterestIncome": "-84700000", "interestIncome": "3000000", "interestExpense": "84700000", "nonInterestIncome": "None", "otherNonOperatingIncome": "-3000000", "depreciation": "None", "depreciationAndAmortization": "464000000", "incomeBeforeTax": "672200000", "incomeTaxExpense": "133100000", "interestAndDebtExpense": "None", "netIncomeFromContinuingOperations": "539100000", "comprehensiveIncomeNetOfTax": "None", "ebit": "759900000", "ebitda": "1223900000", "netIncome": "539100000"}, {"fiscalDateEnding": "2021-06-30", "reportedCurrency": "USD", "grossProfit": "1422900000", "totalRevenue": "4993700000", "costOfRevenue": "3570800000", "costofGoodsAndServicesSold": "3570800000", "operatingIncome": "678700000", "sellingGeneralAndAdministrative": "744300000", "researchAndDevelopment": "None", "operatingExpenses": "744300000", "investmentIncomeNet": "None", "netInterestIncome": "-55300000", "interestIncome": "2200000", "interestExpense": "55200000", "nonInterestIncome": "None", "otherNonOperatingIncome": "72700000", "depreciation": "None", "depreciationAndAmortization": "334700000", "incomeBeforeTax": "696200000", "incomeTaxExpense": "148700000", "interestAndDebtExpense": "None", "netIncomeFromContinuingOperations": "547500000", "comprehensiveIncomeNetOfTax": "None", "ebit": "678600000", "ebitda": "1013300000", "netIncome": "547500000"}, {"fiscalDateEnding": "2020-06-30", "reportedCurrency": "USD", "grossProfit": "1263900000", "totalRevenue": "4529000000", "costOfRevenue": "3265100000", "costofGoodsAndServicesSold": "3265100000", "operatingIncome": "624900000", "sellingGeneralAndAdministrative": "639000000", "researchAndDevelopment": "None", "operatingExpenses": "639000000", "investmentIncomeNet": "None", "netInterestIncome": "-58800000", "interestIncome": "58800000", "interestExpense": "58800000", "nonInterestIncome": "None", "otherNonOperatingIncome": "None", "depreciation": "None", "depreciationAndAmortization": "299300000", "incomeBeforeTax": "579500000", "incomeTaxExpense": "117000000", "interestAndDebtExpense": "None", "netIncomeFromContinuingOperations": "462500000", "comprehensiveIncomeNetOfTax": "None", "ebit": "624900000", "ebitda": "924200000", "netIncome": "462500000"}, {"fiscalDateEnding": "2019-06-30", "reportedCurrency": "USD", "grossProfit": "1230300000", "totalRevenue": "4362200000", "costOfRevenue": "3131900000", "costofGoodsAndServicesSold": "3131900000", "operatingIncome": "652700000", "sellingGeneralAndAdministrative": "577500000", "researchAndDevelopment": "None", "operatingExpenses": "577500000", "investmentIncomeNet": "None", "netInterestIncome": "-41700000", "interestIncome": "4200000", "interestExpense": "45900000", "nonInterestIncome": "None", "otherNonOperatingIncome": "3700000", "depreciation": "None", "depreciationAndAmortization": "260000000", "incomeBeforeTax": "607300000", "incomeTaxExpense": "125200000", "interestAndDebtExpense": "None", "netIncomeFromContinuingOperations": "482100000", "comprehensiveIncomeNetOfTax": "None", "ebit": "652800000", "ebitda": "912800000", "netIncome": "482100000"}, {"fiscalDateEnding": "2018-06-30", "reportedCurrency": "USD", "grossProfit": "1160300000", "totalRevenue": "4329900000", "costOfRevenue": "3169600000", "costofGoodsAndServicesSold": "3169600000", "operatingIncome": "594900000", "sellingGeneralAndAdministrative": "565400000", "researchAndDevelopment": "0", "operatingExpenses": "565400000", "investmentIncomeNet": "None", "netInterestIncome": "-38600000", "interestIncome": "3800000", "interestExpense": "42400000", "nonInterestIncome": "None", "otherNonOperatingIncome": "4700000", "depreciation": "None", "depreciationAndAmortization": "212100000", "incomeBeforeTax": "561000000", "incomeTaxExpense": "133100000", "interestAndDebtExpense": "None", "netIncomeFromContinuingOperations": "427900000", "comprehensiveIncomeNetOfTax": "None", "ebit": "603400000", "ebitda": "815500000", "netIncome": "427900000"}, {"fiscalDateEnding": "2017-06-30", "reportedCurrency": "USD", "grossProfit": "1033000000", "totalRevenue": "4142600000", "costOfRevenue": "3109600000", "costofGoodsAndServicesSold": "3109600000", "operatingIncome": "531600000", "sellingGeneralAndAdministrative": "501400000", "researchAndDevelopment": "0", "operatingExpenses": "501400000", "investmentIncomeNet": "None", "netInterestIncome": "-42700000", "interestIncome": "2000000", "interestExpense": "44700000", "nonInterestIncome": "None", "otherNonOperatingIncome": "-800000", "depreciation": "None", "depreciationAndAmortization": "173100000", "incomeBeforeTax": "488100000", "incomeTaxExpense": "161400000", "interestAndDebtExpense": "None", "netIncomeFromContinuingOperations": "326700000", "comprehensiveIncomeNetOfTax": "None", "ebit": "532900000", "ebitda": "706000000", "netIncome": "326800000"}, {"fiscalDateEnding": "2016-06-30", "reportedCurrency": "USD", "grossProfit": "921100000", "totalRevenue": "2897000000", "costOfRevenue": "1975900000", "costofGoodsAndServicesSold": "1975900000", "operatingIncome": "500300000", "sellingGeneralAndAdministrative": "420900000", "researchAndDevelopment": "0", "operatingExpenses": "420900000", "investmentIncomeNet": "None", "netInterestIncome": "-25800000", "interestIncome": "31400000", "interestExpense": "28400000", "nonInterestIncome": "None", "otherNonOperatingIncome": "None", "depreciation": "None", "depreciationAndAmortization": "111100000", "incomeBeforeTax": "468900000", "incomeTaxExpense": "161400000", "interestAndDebtExpense": "None", "netIncomeFromContinuingOperations": "307500000", "comprehensiveIncomeNetOfTax": "None", "ebit": "497300000", "ebitda": "608400000", "netIncome": "307500000"}, {"fiscalDateEnding": "2015-06-30", "reportedCurrency": "USD", "grossProfit": "866000000", "totalRevenue": "2694200000", "costOfRevenue": "1828200000", "costofGoodsAndServicesSold": "1828200000", "operatingIncome": "469200000", "sellingGeneralAndAdministrative": "396800000", "researchAndDevelopment": "0", "operatingExpenses": "396800000", "investmentIncomeNet": "None", "netInterestIncome": "None", "interestIncome": "22500000", "interestExpense": "25400000", "nonInterestIncome": "None", "otherNonOperatingIncome": "-30300000", "depreciation": "None", "depreciationAndAmortization": "74600000", "incomeBeforeTax": "438900000", "incomeTaxExpense": "151800000", "interestAndDebtExpense": "None", "netIncomeFromContinuingOperations": "287100000", "comprehensiveIncomeNetOfTax": "None", "ebit": "496600000", "ebitda": "571200000", "netIncome": "287100000"}, {"fiscalDateEnding": "2014-06-30", "reportedCurrency": "USD", "grossProfit": "796600000", "totalRevenue": "2558000000", "costOfRevenue": "1761400000", "costofGoodsAndServicesSold": "1761400000", "operatingIncome": "420600000", "sellingGeneralAndAdministrative": "376000000", "researchAndDevelopment": "0", "operatingExpenses": "376000000", "investmentIncomeNet": "None", "netInterestIncome": "None", "interestIncome": "None", "interestExpense": "23700000", "nonInterestIncome": "None", "otherNonOperatingIncome": "-25100000", "depreciation": "None", "depreciationAndAmortization": "69400000", "incomeBeforeTax": "395500000", "incomeTaxExpense": "132500000", "interestAndDebtExpense": "None", "netIncomeFromContinuingOperations": "263000000", "comprehensiveIncomeNetOfTax": "None", "ebit": "446200000", "ebitda": "515600000", "netIncome": "263000000"}, {"fiscalDateEnding": "2013-06-30", "reportedCurrency": "USD", "grossProfit": "663000000", "totalRevenue": "2430800000", "costOfRevenue": "1767800000", "costofGoodsAndServicesSold": "1767800000", "operatingIncome": "339400000", "sellingGeneralAndAdministrative": "323600000", "researchAndDevelopment": "0", "operatingExpenses": "323600000", "investmentIncomeNet": "None", "netInterestIncome": "None", "interestIncome": "None", "interestExpense": "13700000", "nonInterestIncome": "None", "otherNonOperatingIncome": "-16200000", "depreciation": "None", "depreciationAndAmortization": "69400000", "incomeBeforeTax": "323200000", "incomeTaxExpense": "111100000", "interestAndDebtExpense": "None", "netIncomeFromContinuingOperations": "212100000", "comprehensiveIncomeNetOfTax": "None", "ebit": "339400000", "ebitda": "408800000", "netIncome": "212100000"}, {"fiscalDateEnding": "2012-06-30", "reportedCurrency": "USD", "grossProfit": "588400000", "totalRevenue": "2303500000", "costOfRevenue": "1715100000", "costofGoodsAndServicesSold": "1715100000", "operatingIncome": "288500000", "sellingGeneralAndAdministrative": "299900000", "researchAndDevelopment": "0", "operatingExpenses": "299900000", "investmentIncomeNet": "None", "netInterestIncome": "None", "interestIncome": "None", "interestExpense": "13300000", "nonInterestIncome": "None", "otherNonOperatingIncome": "-13400000", "depreciation": "None", "depreciationAndAmortization": "73200000", "incomeBeforeTax": "200900000", "incomeTaxExpense": "75900000", "interestAndDebtExpense": "None", "netIncomeFromContinuingOperations": "125000000", "comprehensiveIncomeNetOfTax": "None", "ebit": "233100000", "ebitda": "306300000", "netIncome": "123600000"}, {"fiscalDateEnding": "2011-06-30", "reportedCurrency": "USD", "grossProfit": "549800000", "totalRevenue": "2166900000", "costOfRevenue": "1617100000", "costofGoodsAndServicesSold": "1617100000", "operatingIncome": "279800000", "sellingGeneralAndAdministrative": "270000000", "researchAndDevelopment": "0", "operatingExpenses": "280100000", "investmentIncomeNet": "None", "netInterestIncome": "None", "interestIncome": "None", "interestExpense": "10100000", "nonInterestIncome": "None", "otherNonOperatingIncome": "-10100000", "depreciation": "None", "depreciationAndAmortization": "57400000", "incomeBeforeTax": "269700000", "incomeTaxExpense": "97900000", "interestAndDebtExpense": "None", "netIncomeFromContinuingOperations": "171800000", "comprehensiveIncomeNetOfTax": "None", "ebit": "295000000", "ebitda": "352400000", "netIncome": "169600000"}, {"fiscalDateEnding": "2010-06-30", "reportedCurrency": "USD", "grossProfit": "592800000", "totalRevenue": "2209200000", "costOfRevenue": "1616400000", "costofGoodsAndServicesSold": "1616400000", "operatingIncome": "351200000", "sellingGeneralAndAdministrative": "241600000", "researchAndDevelopment": "None", "operatingExpenses": "241600000", "investmentIncomeNet": "None", "netInterestIncome": "None", "interestIncome": "None", "interestExpense": "9800000", "nonInterestIncome": "None", "otherNonOperatingIncome": "None", "depreciation": "None", "depreciationAndAmortization": "57000000", "incomeBeforeTax": "342100000", "incomeTaxExpense": "117000000", "interestAndDebtExpense": "None", "netIncomeFromContinuingOperations": "None", "comprehensiveIncomeNetOfTax": "None", "ebit": "351900000", "ebitda": "408900000", "netIncome": "190000000"}, {"fiscalDateEnding": "2009-06-30", "reportedCurrency": "USD", "grossProfit": "575200000", "totalRevenue": "2149300000", "costOfRevenue": "1574100000", "costofGoodsAndServicesSold": "1574100000", "operatingIncome": "350300000", "sellingGeneralAndAdministrative": "224900000", "researchAndDevelopment": "None", "operatingExpenses": "224900000", "investmentIncomeNet": "None", "netInterestIncome": "None", "interestIncome": "None", "interestExpense": "19900000", "nonInterestIncome": "None", "otherNonOperatingIncome": "None", "depreciation": "None", "depreciationAndAmortization": "56300000", "incomeBeforeTax": "346300000", "incomeTaxExpense": "123000000", "interestAndDebtExpense": "None", "netIncomeFromContinuingOperations": "None", "comprehensiveIncomeNetOfTax": "None", "ebit": "360600000", "ebitda": "416900000", "netIncome": "223300000"}, {"fiscalDateEnding": "2008-06-30", "reportedCurrency": "USD", "grossProfit": "601100000", "totalRevenue": "2207500000", "costOfRevenue": "1606400000", "costofGoodsAndServicesSold": "1606400000", "operatingIncome": "356800000", "sellingGeneralAndAdministrative": "244300000", "researchAndDevelopment": "None", "operatingExpenses": "244300000", "investmentIncomeNet": "None", "netInterestIncome": "None", "interestIncome": "None", "interestExpense": "57900000", "nonInterestIncome": "None", "otherNonOperatingIncome": "None", "depreciation": "None", "depreciationAndAmortization": "51500000", "incomeBeforeTax": "325900000", "incomeTaxExpense": "133700000", "interestAndDebtExpense": "None", "netIncomeFromContinuingOperations": "None", "comprehensiveIncomeNetOfTax": "None", "ebit": "357200000", "ebitda": "408700000", "netIncome": "192200000"}, {"fiscalDateEnding": "2007-06-30", "reportedCurrency": "USD", "grossProfit": "549800000", "totalRevenue": "2137900000", "costOfRevenue": "1588100000", "costofGoodsAndServicesSold": "1588100000", "operatingIncome": "320800000", "sellingGeneralAndAdministrative": "216700000", "researchAndDevelopment": "None", "operatingExpenses": "229000000", "investmentIncomeNet": "None", "netInterestIncome": "None", "interestIncome": "None", "interestExpense": "24800000", "nonInterestIncome": "None", "otherNonOperatingIncome": "None", "depreciation": "None", "depreciationAndAmortization": "62500000", "incomeBeforeTax": "320800000", "incomeTaxExpense": "123700000", "interestAndDebtExpense": "None", "netIncomeFromContinuingOperations": "None", "comprehensiveIncomeNetOfTax": "None", "ebit": "358100000", "ebitda": "420600000", "netIncome": "197100000"}, {"fiscalDateEnding": "2006-06-30", "reportedCurrency": "USD", "grossProfit": "500300000", "totalRevenue": "1933300000", "costOfRevenue": "1433000000", "costofGoodsAndServicesSold": "1433000000", "operatingIncome": "302700000", "sellingGeneralAndAdministrative": "195900000", "researchAndDevelopment": "None", "operatingExpenses": "197600000", "investmentIncomeNet": "None", "netInterestIncome": "None", "interestIncome": "None", "interestExpense": "16200000", "nonInterestIncome": "None", "otherNonOperatingIncome": "None", "depreciation": "None", "depreciationAndAmortization": "48200000", "incomeBeforeTax": "302700000", "incomeTaxExpense": "122200000", "interestAndDebtExpense": "None", "netIncomeFromContinuingOperations": "None", "comprehensiveIncomeNetOfTax": "None", "ebit": "302700000", "ebitda": "350900000", "netIncome": "166700000"}], "quarterlyReports": [{"fiscalDateEnding": "2024-12-31", "reportedCurrency": "USD", "grossProfit": "443400000", "totalRevenue": "1589200000", "costOfRevenue": "1145800000", "costofGoodsAndServicesSold": "1145800000", "operatingIncome": "210700000", "sellingGeneralAndAdministrative": "232800000", "researchAndDevelopment": "None", "operatingExpenses": "232700000", "investmentIncomeNet": "None", "netInterestIncome": "-32800000", "interestIncome": "3800000", "interestExpense": "36600000", "nonInterestIncome": "None", "otherNonOperatingIncome": "None", "depreciation": "None", "depreciationAndAmortization": "-1900000", "incomeBeforeTax": "176000000", "incomeTaxExpense": "33600000", "interestAndDebtExpense": "None", "netIncomeFromContinuingOperations": "142400000", "comprehensiveIncomeNetOfTax": "None", "ebit": "212600000", "ebitda": "210700000", "netIncome": "142400000"}, {"fiscalDateEnding": "2024-09-30", "reportedCurrency": "USD", "grossProfit": "347900000", "totalRevenue": "1422900000", "costOfRevenue": "1075000000", "costofGoodsAndServicesSold": "1075000000", "operatingIncome": "134400000", "sellingGeneralAndAdministrative": "213400000", "researchAndDevelopment": "None", "operatingExpenses": "213400000", "investmentIncomeNet": "None", "netInterestIncome": "-32300000", "interestIncome": "3600000", "interestExpense": "35900000", "nonInterestIncome": "None", "otherNonOperatingIncome": "None", "depreciation": "None", "depreciationAndAmortization": "123300000", "incomeBeforeTax": "100300000", "incomeTaxExpense": "20500000", "interestAndDebtExpense": "None", "netIncomeFromContinuingOperations": "79800000", "comprehensiveIncomeNetOfTax": "None", "ebit": "136200000", "ebitda": "259500000", "netIncome": "79800000"}, {"fiscalDateEnding": "2024-06-30", "reportedCurrency": "USD", "grossProfit": "691300000", "totalRevenue": "1944300000", "costOfRevenue": "1253000000", "costofGoodsAndServicesSold": "1253000000", "operatingIncome": "489600000", "sellingGeneralAndAdministrative": "249800000", "researchAndDevelopment": "None", "operatingExpenses": "201700000", "investmentIncomeNet": "None", "netInterestIncome": "-33000000", "interestIncome": "2700000", "interestExpense": "35700000", "nonInterestIncome": "None", "otherNonOperatingIncome": "None", "depreciation": "None", "depreciationAndAmortization": "120100000", "incomeBeforeTax": "410200000", "incomeTaxExpense": "87000000", "interestAndDebtExpense": "None", "netIncomeFromContinuingOperations": "323200000", "comprehensiveIncomeNetOfTax": "None", "ebit": "502400000", "ebitda": "622500000", "netIncome": "323200000"}, {"fiscalDateEnding": "2024-03-31", "reportedCurrency": "USD", "grossProfit": "539200000", "totalRevenue": "1726500000", "costOfRevenue": "1187300000", "costofGoodsAndServicesSold": "1187300000", "operatingIncome": "303800000", "sellingGeneralAndAdministrative": "236200000", "researchAndDevelopment": "None", "operatingExpenses": "235400000", "investmentIncomeNet": "None", "netInterestIncome": "-35400000", "interestIncome": "2800000", "interestExpense": "38200000", "nonInterestIncome": "None", "otherNonOperatingIncome": "None", "depreciation": "None", "depreciationAndAmortization": "120300000", "incomeBeforeTax": "266600000", "incomeTaxExpense": "52900000", "interestAndDebtExpense": "None", "netIncomeFromContinuingOperations": "213800000", "comprehensiveIncomeNetOfTax": "None", "ebit": "303000000", "ebitda": "423300000", "netIncome": "213700000"}, {"fiscalDateEnding": "2023-12-31", "reportedCurrency": "USD", "grossProfit": "347800000", "totalRevenue": "1405000000", "costOfRevenue": "1057200000", "costofGoodsAndServicesSold": "1057200000", "operatingIncome": "124400000", "sellingGeneralAndAdministrative": "223400000", "researchAndDevelopment": "None", "operatingExpenses": "223400000", "investmentIncomeNet": "None", "netInterestIncome": "-36300000", "interestIncome": "3700000", "interestExpense": "40000000", "nonInterestIncome": "None", "otherNonOperatingIncome": "None", "depreciation": "None", "depreciationAndAmortization": "79600000", "incomeBeforeTax": "87600000", "incomeTaxExpense": "17400000", "interestAndDebtExpense": "None", "netIncomeFromContinuingOperations": "70300000", "comprehensiveIncomeNetOfTax": "None", "ebit": "162800000", "ebitda": "242400000", "netIncome": "70300000"}, {"fiscalDateEnding": "2023-09-30", "reportedCurrency": "USD", "grossProfit": "355800000", "totalRevenue": "1431100000", "costOfRevenue": "1075300000", "costofGoodsAndServicesSold": "1075300000", "operatingIncome": "148400000", "sellingGeneralAndAdministrative": "207300000", "researchAndDevelopment": "None", "operatingExpenses": "207300000", "investmentIncomeNet": "None", "netInterestIncome": "-33400000", "interestIncome": "33400000", "interestExpense": "33400000", "nonInterestIncome": "None", "otherNonOperatingIncome": "None", "depreciation": "None", "depreciationAndAmortization": "119500000", "incomeBeforeTax": "112900000", "incomeTaxExpense": "22000000", "interestAndDebtExpense": "None", "netIncomeFromContinuingOperations": "90900000", "comprehensiveIncomeNetOfTax": "None", "ebit": "148500000", "ebitda": "268000000", "netIncome": "90900000"}, {"fiscalDateEnding": "2023-06-30", "reportedCurrency": "USD", "grossProfit": "679900000", "totalRevenue": "1839000000", "costOfRevenue": "1159100000", "costofGoodsAndServicesSold": "1159100000", "operatingIncome": "454200000", "sellingGeneralAndAdministrative": "225700000", "researchAndDevelopment": "None", "operatingExpenses": "225700000", "investmentIncomeNet": "None", "netInterestIncome": "-36000000", "interestIncome": "3100000", "interestExpense": "36000000", "nonInterestIncome": "None", "otherNonOperatingIncome": "-700000", "depreciation": "None", "depreciationAndAmortization": "103200000", "incomeBeforeTax": "417500000", "incomeTaxExpense": "93400000", "interestAndDebtExpense": "None", "netIncomeFromContinuingOperations": "324200000", "comprehensiveIncomeNetOfTax": "None", "ebit": "454200000", "ebitda": "557400000", "netIncome": "324100000"}, {"fiscalDateEnding": "2023-03-31", "reportedCurrency": "USD", "grossProfit": "508000000", "totalRevenue": "1645700000", "costOfRevenue": "1137700000", "costofGoodsAndServicesSold": "1137700000", "operatingIncome": "286800000", "sellingGeneralAndAdministrative": "221200000", "researchAndDevelopment": "None", "operatingExpenses": "221200000", "investmentIncomeNet": "None", "netInterestIncome": "-38500000", "interestIncome": "38500000", "interestExpense": "38500000", "nonInterestIncome": "None", "otherNonOperatingIncome": "1800000", "depreciation": "None", "depreciationAndAmortization": "105700000", "incomeBeforeTax": "250100000", "incomeTaxExpense": "51600000", "interestAndDebtExpense": "None", "netIncomeFromContinuingOperations": "198500000", "comprehensiveIncomeNetOfTax": "None", "ebit": "286800000", "ebitda": "392500000", "netIncome": "198500000"}, {"fiscalDateEnding": "2022-12-31", "reportedCurrency": "USD", "grossProfit": "304700000", "totalRevenue": "1292900000", "costOfRevenue": "988200000", "costofGoodsAndServicesSold": "988200000", "operatingIncome": "30600000", "sellingGeneralAndAdministrative": "196800000", "researchAndDevelopment": "None", "operatingExpenses": "196800000", "investmentIncomeNet": "None", "netInterestIncome": "-34200000", "interestIncome": "34100000", "interestExpense": "34100000", "nonInterestIncome": "None", "otherNonOperatingIncome": "-1900000", "depreciation": "None", "depreciationAndAmortization": "107400000", "incomeBeforeTax": "71900000", "incomeTaxExpense": "14400000", "interestAndDebtExpense": "None", "netIncomeFromContinuingOperations": "57500000", "comprehensiveIncomeNetOfTax": "None", "ebit": "107900000", "ebitda": "215300000", "netIncome": "57500000"}, {"fiscalDateEnding": "2022-09-30", "reportedCurrency": "USD", "grossProfit": "292900000", "totalRevenue": "1283300000", "costOfRevenue": "990400000", "costofGoodsAndServicesSold": "990400000", "operatingIncome": "87500000", "sellingGeneralAndAdministrative": "205300000", "researchAndDevelopment": "None", "operatingExpenses": "205300000", "investmentIncomeNet": "None", "netInterestIncome": "-26800000", "interestIncome": "26900000", "interestExpense": "28000000", "nonInterestIncome": "None", "otherNonOperatingIncome": "-5200000", "depreciation": "None", "depreciationAndAmortization": "108700000", "incomeBeforeTax": "55400000", "incomeTaxExpense": "5000000", "interestAndDebtExpense": "None", "netIncomeFromContinuingOperations": "50400000", "comprehensiveIncomeNetOfTax": "None", "ebit": "87600000", "ebitda": "196300000", "netIncome": "50400000"}, {"fiscalDateEnding": "2022-06-30", "reportedCurrency": "USD", "grossProfit": "576100000", "totalRevenue": "1722900000", "costOfRevenue": "1146800000", "costofGoodsAndServicesSold": "1146800000", "operatingIncome": "261300000", "sellingGeneralAndAdministrative": "234400000", "researchAndDevelopment": "None", "operatingExpenses": "234300000", "investmentIncomeNet": "None", "netInterestIncome": "-20700000", "interestIncome": "900000", "interestExpense": "20700000", "nonInterestIncome": "None", "otherNonOperatingIncome": "-2300000", "depreciation": "None", "depreciationAndAmortization": "112000000", "incomeBeforeTax": "318800000", "incomeTaxExpense": "70600000", "interestAndDebtExpense": "None", "netIncomeFromContinuingOperations": "248100000", "comprehensiveIncomeNetOfTax": "None", "ebit": "341700000", "ebitda": "453700000", "netIncome": "248100000"}, {"fiscalDateEnding": "2022-03-31", "reportedCurrency": "USD", "grossProfit": "456100000", "totalRevenue": "1533700000", "costOfRevenue": "1077600000", "costofGoodsAndServicesSold": "1077600000", "operatingIncome": "246000000", "sellingGeneralAndAdministrative": "210100000", "researchAndDevelopment": "None", "operatingExpenses": "210100000", "investmentIncomeNet": "None", "netInterestIncome": "-20000000", "interestIncome": "300000", "interestExpense": "20300000", "nonInterestIncome": "None", "otherNonOperatingIncome": "-2700000", "depreciation": "None", "depreciationAndAmortization": "113400000", "incomeBeforeTax": "223300000", "incomeTaxExpense": "46800000", "interestAndDebtExpense": "None", "netIncomeFromContinuingOperations": "176500000", "comprehensiveIncomeNetOfTax": "None", "ebit": "246000000", "ebitda": "359400000", "netIncome": "176600000"}, {"fiscalDateEnding": "2021-12-31", "reportedCurrency": "USD", "grossProfit": "281200000", "totalRevenue": "1259600000", "costOfRevenue": "978400000", "costofGoodsAndServicesSold": "978400000", "operatingIncome": "68900000", "sellingGeneralAndAdministrative": "212300000", "researchAndDevelopment": "None", "operatingExpenses": "212300000", "investmentIncomeNet": "None", "netInterestIncome": "-21300000", "interestIncome": "1500000", "interestExpense": "22800000", "nonInterestIncome": "None", "otherNonOperatingIncome": "4400000", "depreciation": "None", "depreciationAndAmortization": "118600000", "incomeBeforeTax": "51900000", "incomeTaxExpense": "4700000", "interestAndDebtExpense": "None", "netIncomeFromContinuingOperations": "47200000", "comprehensiveIncomeNetOfTax": "None", "ebit": "68900000", "ebitda": "187500000", "netIncome": "47200000"}, {"fiscalDateEnding": "2021-09-30", "reportedCurrency": "USD", "grossProfit": "278800000", "totalRevenue": "1192900000", "costOfRevenue": "914100000", "costofGoodsAndServicesSold": "914100000", "operatingIncome": "103300000", "sellingGeneralAndAdministrative": "175500000", "researchAndDevelopment": "None", "operatingExpenses": "175500000", "investmentIncomeNet": "None", "netInterestIncome": "-22700000", "interestIncome": "22600000", "interestExpense": "23000000", "nonInterestIncome": "None", "otherNonOperatingIncome": "-2400000", "depreciation": "None", "depreciationAndAmortization": "120000000", "incomeBeforeTax": "78200000", "incomeTaxExpense": "11000000", "interestAndDebtExpense": "None", "netIncomeFromContinuingOperations": "67300000", "comprehensiveIncomeNetOfTax": "None", "ebit": "103300000", "ebitda": "223300000", "netIncome": "67200000"}, {"fiscalDateEnding": "2021-06-30", "reportedCurrency": "USD", "grossProfit": "514900000", "totalRevenue": "1531600000", "costOfRevenue": "1016700000", "costofGoodsAndServicesSold": "1016700000", "operatingIncome": "281400000", "sellingGeneralAndAdministrative": "233500000", "researchAndDevelopment": "None", "operatingExpenses": "233500000", "investmentIncomeNet": "None", "netInterestIncome": "-18000000", "interestIncome": "300000", "interestExpense": "17900000", "nonInterestIncome": "None", "otherNonOperatingIncome": "72800000", "depreciation": "None", "depreciationAndAmortization": "107200000", "incomeBeforeTax": "336400000", "incomeTaxExpense": "75900000", "interestAndDebtExpense": "None", "netIncomeFromContinuingOperations": "260400000", "comprehensiveIncomeNetOfTax": "None", "ebit": "281400000", "ebitda": "388600000", "netIncome": "260400000"}, {"fiscalDateEnding": "2021-03-31", "reportedCurrency": "USD", "grossProfit": "429300000", "totalRevenue": "1389800000", "costOfRevenue": "960500000", "costofGoodsAndServicesSold": "960500000", "operatingIncome": "239200000", "sellingGeneralAndAdministrative": "190000000", "researchAndDevelopment": "None", "operatingExpenses": "190000000", "investmentIncomeNet": "None", "netInterestIncome": "-11700000", "interestIncome": "300000", "interestExpense": "12000000", "nonInterestIncome": "None", "otherNonOperatingIncome": "-10600000", "depreciation": "None", "depreciationAndAmortization": "48200000", "incomeBeforeTax": "216900000", "incomeTaxExpense": "51900000", "interestAndDebtExpense": "None", "netIncomeFromContinuingOperations": "164900000", "comprehensiveIncomeNetOfTax": "None", "ebit": "269500000", "ebitda": "317700000", "netIncome": "165000000"}, {"fiscalDateEnding": "2020-12-31", "reportedCurrency": "USD", "grossProfit": "248400000", "totalRevenue": "1054900000", "costOfRevenue": "806500000", "costofGoodsAndServicesSold": "806500000", "operatingIncome": "79500000", "sellingGeneralAndAdministrative": "169000000", "researchAndDevelopment": "None", "operatingExpenses": "169000000", "investmentIncomeNet": "None", "netInterestIncome": "-11100000", "interestIncome": "11100000", "interestExpense": "12100000", "nonInterestIncome": "None", "otherNonOperatingIncome": "1000000", "depreciation": "None", "depreciationAndAmortization": "48500000", "incomeBeforeTax": "69400000", "incomeTaxExpense": "13100000", "interestAndDebtExpense": "None", "netIncomeFromContinuingOperations": "56300000", "comprehensiveIncomeNetOfTax": "None", "ebit": "106000000", "ebitda": "154500000", "netIncome": "56300000"}, {"fiscalDateEnding": "2020-09-30", "reportedCurrency": "USD", "grossProfit": "230300000", "totalRevenue": "1017400000", "costOfRevenue": "787100000", "costofGoodsAndServicesSold": "787100000", "operatingIncome": "78600000", "sellingGeneralAndAdministrative": "151700000", "researchAndDevelopment": "None", "operatingExpenses": "151700000", "investmentIncomeNet": "None", "netInterestIncome": "-14400000", "interestIncome": "14400000", "interestExpense": "15000000", "nonInterestIncome": "None", "otherNonOperatingIncome": "9500000", "depreciation": "None", "depreciationAndAmortization": "47700000", "incomeBeforeTax": "73600000", "incomeTaxExpense": "7800000", "interestAndDebtExpense": "None", "netIncomeFromContinuingOperations": "65900000", "comprehensiveIncomeNetOfTax": "None", "ebit": "104900000", "ebitda": "152600000", "netIncome": "65800000"}, {"fiscalDateEnding": "2020-06-30", "reportedCurrency": "USD", "grossProfit": "477700000", "totalRevenue": "1361900000", "costOfRevenue": "884200000", "costofGoodsAndServicesSold": "884200000", "operatingIncome": "298800000", "sellingGeneralAndAdministrative": "460100000", "researchAndDevelopment": "None", "operatingExpenses": "178900000", "investmentIncomeNet": "None", "netInterestIncome": "-15700000", "interestIncome": "15600000", "interestExpense": "15600000", "nonInterestIncome": "None", "otherNonOperatingIncome": "None", "depreciation": "None", "depreciationAndAmortization": "49300000", "incomeBeforeTax": "294800000", "incomeTaxExpense": "65100000", "interestAndDebtExpense": "None", "netIncomeFromContinuingOperations": "229700000", "comprehensiveIncomeNetOfTax": "None", "ebit": "325400000", "ebitda": "374700000", "netIncome": "229700000"}, {"fiscalDateEnding": "2020-03-31", "reportedCurrency": "USD", "grossProfit": "377400000", "totalRevenue": "1249900000", "costOfRevenue": "872500000", "costofGoodsAndServicesSold": "872500000", "operatingIncome": "226300000", "sellingGeneralAndAdministrative": "151100000", "researchAndDevelopment": "None", "operatingExpenses": "151100000", "investmentIncomeNet": "None", "netInterestIncome": "-16200000", "interestIncome": "500000", "interestExpense": "16700000", "nonInterestIncome": "None", "otherNonOperatingIncome": "400000", "depreciation": "None", "depreciationAndAmortization": "47600000", "incomeBeforeTax": "210500000", "incomeTaxExpense": "43600000", "interestAndDebtExpense": "None", "netIncomeFromContinuingOperations": "166900000", "comprehensiveIncomeNetOfTax": "None", "ebit": "252600000", "ebitda": "300200000", "netIncome": "166800000"}, {"fiscalDateEnding": "2019-12-31", "reportedCurrency": "USD", "grossProfit": "187800000", "totalRevenue": "968700000", "costOfRevenue": "780900000", "costofGoodsAndServicesSold": "780900000", "operatingIncome": "26800000", "sellingGeneralAndAdministrative": "161000000", "researchAndDevelopment": "None", "operatingExpenses": "161000000", "investmentIncomeNet": "None", "netInterestIncome": "-13900000", "interestIncome": "1600000", "interestExpense": "15500000", "nonInterestIncome": "None", "otherNonOperatingIncome": "-2400000", "depreciation": "None", "depreciationAndAmortization": "51200000", "incomeBeforeTax": "10500000", "incomeTaxExpense": "400000", "interestAndDebtExpense": "None", "netIncomeFromContinuingOperations": "10100000", "comprehensiveIncomeNetOfTax": "None", "ebit": "53700000", "ebitda": "104900000", "netIncome": "10100000"}, {"fiscalDateEnding": "2019-09-30", "reportedCurrency": "USD", "grossProfit": "221100000", "totalRevenue": "948600000", "costOfRevenue": "727500000", "costofGoodsAndServicesSold": "727500000", "operatingIncome": "73100000", "sellingGeneralAndAdministrative": "148000000", "researchAndDevelopment": "None", "operatingExpenses": "148000000", "investmentIncomeNet": "None", "netInterestIncome": "-13200000", "interestIncome": "1000000", "interestExpense": "14200000", "nonInterestIncome": "None", "otherNonOperatingIncome": "3800000", "depreciation": "None", "depreciationAndAmortization": "48600000", "incomeBeforeTax": "63800000", "incomeTaxExpense": "7900000", "interestAndDebtExpense": "None", "netIncomeFromContinuingOperations": "55900000", "comprehensiveIncomeNetOfTax": "None", "ebit": "95900000", "ebitda": "144500000", "netIncome": "55900000"}, {"fiscalDateEnding": "2019-06-30", "reportedCurrency": "USD", "grossProfit": "399600000", "totalRevenue": "1211200000", "costOfRevenue": "811600000", "costofGoodsAndServicesSold": "811600000", "operatingIncome": "240800000", "sellingGeneralAndAdministrative": "158800000", "researchAndDevelopment": "None", "operatingExpenses": "158800000", "investmentIncomeNet": "None", "netInterestIncome": "-11300000", "interestIncome": "1300000", "interestExpense": "12600000", "nonInterestIncome": "None", "otherNonOperatingIncome": "8100000", "depreciation": "None", "depreciationAndAmortization": "44600000", "incomeBeforeTax": "230000000", "incomeTaxExpense": "46800000", "interestAndDebtExpense": "None", "netIncomeFromContinuingOperations": "183300000", "comprehensiveIncomeNetOfTax": "None", "ebit": "261400000", "ebitda": "306000000", "netIncome": "183200000"}, {"fiscalDateEnding": "2019-03-31", "reportedCurrency": "USD", "grossProfit": "377500000", "totalRevenue": "1224800000", "costOfRevenue": "847300000", "costofGoodsAndServicesSold": "847300000", "operatingIncome": "233600000", "sellingGeneralAndAdministrative": "143900000", "researchAndDevelopment": "None", "operatingExpenses": "143900000", "investmentIncomeNet": "None", "netInterestIncome": "-10000000", "interestIncome": "11500000", "interestExpense": "11700000", "nonInterestIncome": "None", "otherNonOperatingIncome": "None", "depreciation": "None", "depreciationAndAmortization": "42300000", "incomeBeforeTax": "223600000", "incomeTaxExpense": "51400000", "interestAndDebtExpense": "None", "netIncomeFromContinuingOperations": "172200000", "comprehensiveIncomeNetOfTax": "None", "ebit": "255800000", "ebitda": "298100000", "netIncome": "172200000"}, {"fiscalDateEnding": "2018-12-31", "reportedCurrency": "USD", "grossProfit": "219400000", "totalRevenue": "953400000", "costOfRevenue": "734000000", "costofGoodsAndServicesSold": "734000000", "operatingIncome": "78200000", "sellingGeneralAndAdministrative": "141200000", "researchAndDevelopment": "0", "operatingExpenses": "141200000", "investmentIncomeNet": "None", "netInterestIncome": "None", "interestIncome": "None", "interestExpense": "11300000", "nonInterestIncome": "None", "otherNonOperatingIncome": "-3200000", "depreciation": "None", "depreciationAndAmortization": "42600000", "incomeBeforeTax": "64300000", "incomeTaxExpense": "14400000", "interestAndDebtExpense": "None", "netIncomeFromContinuingOperations": "49900000", "comprehensiveIncomeNetOfTax": "None", "ebit": "35600000", "ebitda": "78200000", "netIncome": "49900000"}, {"fiscalDateEnding": "2018-09-30", "reportedCurrency": "USD", "grossProfit": "233800000", "totalRevenue": "972800000", "costOfRevenue": "739000000", "costofGoodsAndServicesSold": "739000000", "operatingIncome": "100100000", "sellingGeneralAndAdministrative": "133700000", "researchAndDevelopment": "0", "operatingExpenses": "133700000", "investmentIncomeNet": "None", "netInterestIncome": "None", "interestIncome": "None", "interestExpense": "10200000", "nonInterestIncome": "None", "otherNonOperatingIncome": "-1200000", "depreciation": "None", "depreciationAndAmortization": "43100000", "incomeBeforeTax": "89300000", "incomeTaxExpense": "12600000", "interestAndDebtExpense": "None", "netIncomeFromContinuingOperations": "76700000", "comprehensiveIncomeNetOfTax": "None", "ebit": "121700000", "ebitda": "164800000", "netIncome": "76700000"}, {"fiscalDateEnding": "2018-06-30", "reportedCurrency": "USD", "grossProfit": "450300000", "totalRevenue": "1320400000", "costOfRevenue": "870100000", "costofGoodsAndServicesSold": "870100000", "operatingIncome": "265400000", "sellingGeneralAndAdministrative": "184900000", "researchAndDevelopment": "0", "operatingExpenses": "184900000", "investmentIncomeNet": "None", "netInterestIncome": "None", "interestIncome": "None", "interestExpense": "11100000", "nonInterestIncome": "None", "otherNonOperatingIncome": "2600000", "depreciation": "None", "depreciationAndAmortization": "43400000", "incomeBeforeTax": "258000000", "incomeTaxExpense": "51200000", "interestAndDebtExpense": "None", "netIncomeFromContinuingOperations": "206900000", "comprehensiveIncomeNetOfTax": "None", "ebit": "279100000", "ebitda": "322500000", "netIncome": "206900000"}, {"fiscalDateEnding": "2018-03-31", "reportedCurrency": "USD", "grossProfit": "268800000", "totalRevenue": "1071900000", "costOfRevenue": "803100000", "costofGoodsAndServicesSold": "803100000", "operatingIncome": "130000000", "sellingGeneralAndAdministrative": "138800000", "researchAndDevelopment": "0", "operatingExpenses": "138800000", "investmentIncomeNet": "None", "netInterestIncome": "None", "interestIncome": "None", "interestExpense": "10500000", "nonInterestIncome": "None", "otherNonOperatingIncome": "4200000", "depreciation": "None", "depreciationAndAmortization": "40900000", "incomeBeforeTax": "125200000", "incomeTaxExpense": "16200000", "interestAndDebtExpense": "None", "netIncomeFromContinuingOperations": "109000000", "comprehensiveIncomeNetOfTax": "None", "ebit": "143400000", "ebitda": "184300000", "netIncome": "109100000"}, {"fiscalDateEnding": "2017-12-31", "reportedCurrency": "USD", "grossProfit": "243000000", "totalRevenue": "1012800000", "costOfRevenue": "769800000", "costofGoodsAndServicesSold": "769800000", "operatingIncome": "115100000", "sellingGeneralAndAdministrative": "127900000", "researchAndDevelopment": "0", "operatingExpenses": "127900000", "investmentIncomeNet": "None", "netInterestIncome": "None", "interestIncome": "None", "interestExpense": "10800000", "nonInterestIncome": "None", "otherNonOperatingIncome": "-1400000", "depreciation": "None", "depreciationAndAmortization": "40400000", "incomeBeforeTax": "103500000", "incomeTaxExpense": "41400000", "interestAndDebtExpense": "None", "netIncomeFromContinuingOperations": "62100000", "comprehensiveIncomeNetOfTax": "None", "ebit": "127600000", "ebitda": "168000000", "netIncome": "62100000"}, {"fiscalDateEnding": "2017-09-30", "reportedCurrency": "USD", "grossProfit": "198200000", "totalRevenue": "924800000", "costOfRevenue": "726600000", "costofGoodsAndServicesSold": "726600000", "operatingIncome": "84400000", "sellingGeneralAndAdministrative": "113800000", "researchAndDevelopment": "0", "operatingExpenses": "113800000", "investmentIncomeNet": "None", "netInterestIncome": "None", "interestIncome": "None", "interestExpense": "10000000", "nonInterestIncome": "None", "otherNonOperatingIncome": "-700000", "depreciation": "None", "depreciationAndAmortization": "38800000", "incomeBeforeTax": "74300000", "incomeTaxExpense": "24400000", "interestAndDebtExpense": "None", "netIncomeFromContinuingOperations": "49900000", "comprehensiveIncomeNetOfTax": "None", "ebit": "96400000", "ebitda": "135200000", "netIncome": "49900000"}, {"fiscalDateEnding": "2017-06-30", "reportedCurrency": "USD", "grossProfit": "435600000", "totalRevenue": "1345700000", "costOfRevenue": "910100000", "costofGoodsAndServicesSold": "910100000", "operatingIncome": "297000000", "sellingGeneralAndAdministrative": "138600000", "researchAndDevelopment": "0", "operatingExpenses": "138600000", "investmentIncomeNet": "None", "netInterestIncome": "None", "interestIncome": "None", "interestExpense": "11300000", "nonInterestIncome": "None", "otherNonOperatingIncome": "-1500000", "depreciation": "None", "depreciationAndAmortization": "37200000", "incomeBeforeTax": "284700000", "incomeTaxExpense": "97600000", "interestAndDebtExpense": "None", "netIncomeFromContinuingOperations": "187100000", "comprehensiveIncomeNetOfTax": "None", "ebit": "305100000", "ebitda": "342300000", "netIncome": "187100000"}, {"fiscalDateEnding": "2017-03-31", "reportedCurrency": "USD", "grossProfit": "235200000", "totalRevenue": "1008900000", "costOfRevenue": "773700000", "costofGoodsAndServicesSold": "773700000", "operatingIncome": "109700000", "sellingGeneralAndAdministrative": "125500000", "researchAndDevelopment": "0", "operatingExpenses": "125500000", "investmentIncomeNet": "None", "netInterestIncome": "None", "interestIncome": "None", "interestExpense": "11700000", "nonInterestIncome": "None", "otherNonOperatingIncome": "7400000", "depreciation": "None", "depreciationAndAmortization": "36400000", "incomeBeforeTax": "106300000", "incomeTaxExpense": "30400000", "interestAndDebtExpense": "None", "netIncomeFromContinuingOperations": "75900000", "comprehensiveIncomeNetOfTax": "None", "ebit": "125700000", "ebitda": "162100000", "netIncome": "75900000"}, {"fiscalDateEnding": "2016-12-31", "reportedCurrency": "USD", "grossProfit": "184800000", "totalRevenue": "892600000", "costOfRevenue": "707800000", "costofGoodsAndServicesSold": "707800000", "operatingIncome": "58800000", "sellingGeneralAndAdministrative": "126000000", "researchAndDevelopment": "0", "operatingExpenses": "126000000", "investmentIncomeNet": "None", "netInterestIncome": "None", "interestIncome": "None", "interestExpense": "11000000", "nonInterestIncome": "None", "otherNonOperatingIncome": "-2500000", "depreciation": "None", "depreciationAndAmortization": "37300000", "incomeBeforeTax": "45700000", "incomeTaxExpense": "15600000", "interestAndDebtExpense": "None", "netIncomeFromContinuingOperations": "30100000", "comprehensiveIncomeNetOfTax": "None", "ebit": "68900000", "ebitda": "106200000", "netIncome": "30100000"}, {"fiscalDateEnding": "2016-09-30", "reportedCurrency": "USD", "grossProfit": "177400000", "totalRevenue": "895300000", "costOfRevenue": "717900000", "costofGoodsAndServicesSold": "717900000", "operatingIncome": "66000000", "sellingGeneralAndAdministrative": "111300000", "researchAndDevelopment": "0", "operatingExpenses": "111300000", "investmentIncomeNet": "None", "netInterestIncome": "None", "interestIncome": "None", "interestExpense": "10700000", "nonInterestIncome": "None", "otherNonOperatingIncome": "-4200000", "depreciation": "None", "depreciationAndAmortization": "30300000", "incomeBeforeTax": "51500000", "incomeTaxExpense": "17900000", "interestAndDebtExpense": "None", "netIncomeFromContinuingOperations": "33600000", "comprehensiveIncomeNetOfTax": "None", "ebit": "69600000", "ebitda": "99900000", "netIncome": "33700000"}, {"fiscalDateEnding": "2016-06-30", "reportedCurrency": "USD", "grossProfit": "388200000", "totalRevenue": "974500000", "costOfRevenue": "586300000", "costofGoodsAndServicesSold": "586300000", "operatingIncome": "270300000", "sellingGeneralAndAdministrative": "117900000", "researchAndDevelopment": "0", "operatingExpenses": "117900000", "investmentIncomeNet": "None", "netInterestIncome": "None", "interestIncome": "None", "interestExpense": "7300000", "nonInterestIncome": "None", "otherNonOperatingIncome": "None", "depreciation": "None", "depreciationAndAmortization": "21200000", "incomeBeforeTax": "262500000", "incomeTaxExpense": "92500000", "interestAndDebtExpense": "None", "netIncomeFromContinuingOperations": "170000000", "comprehensiveIncomeNetOfTax": "None", "ebit": "277400000", "ebitda": "298600000", "netIncome": "170100000"}, {"fiscalDateEnding": "2016-03-31", "reportedCurrency": "USD", "grossProfit": "202300000", "totalRevenue": "688800000", "costOfRevenue": "486500000", "costofGoodsAndServicesSold": "486500000", "operatingIncome": "100600000", "sellingGeneralAndAdministrative": "101700000", "researchAndDevelopment": "0", "operatingExpenses": "101700000", "investmentIncomeNet": "None", "netInterestIncome": "None", "interestIncome": "None", "interestExpense": "7400000", "nonInterestIncome": "None", "otherNonOperatingIncome": "-7200000", "depreciation": "None", "depreciationAndAmortization": "21200000", "incomeBeforeTax": "93400000", "incomeTaxExpense": "29700000", "interestAndDebtExpense": "None", "netIncomeFromContinuingOperations": "63700000", "comprehensiveIncomeNetOfTax": "None", "ebit": "107600000", "ebitda": "128800000", "netIncome": "63700000"}, {"fiscalDateEnding": "2015-12-31", "reportedCurrency": "USD", "grossProfit": "174400000", "totalRevenue": "638900000", "costOfRevenue": "464500000", "costofGoodsAndServicesSold": "464500000", "operatingIncome": "70200000", "sellingGeneralAndAdministrative": "104200000", "researchAndDevelopment": "0", "operatingExpenses": "104200000", "investmentIncomeNet": "None", "netInterestIncome": "None", "interestIncome": "None", "interestExpense": "7000000", "nonInterestIncome": "None", "otherNonOperatingIncome": "-8900000", "depreciation": "None", "depreciationAndAmortization": "21500000", "incomeBeforeTax": "61300000", "incomeTaxExpense": "21100000", "interestAndDebtExpense": "None", "netIncomeFromContinuingOperations": "40200000", "comprehensiveIncomeNetOfTax": "None", "ebit": "76200000", "ebitda": "97700000", "netIncome": "40200000"}, {"fiscalDateEnding": "2015-09-30", "reportedCurrency": "USD", "grossProfit": "156100000", "totalRevenue": "594700000", "costOfRevenue": "438600000", "costofGoodsAndServicesSold": "438600000", "operatingIncome": "59100000", "sellingGeneralAndAdministrative": "97100000", "researchAndDevelopment": "0", "operatingExpenses": "97100000", "investmentIncomeNet": "None", "netInterestIncome": "None", "interestIncome": "None", "interestExpense": "6800000", "nonInterestIncome": "None", "otherNonOperatingIncome": "-7400000", "depreciation": "None", "depreciationAndAmortization": "20500000", "incomeBeforeTax": "51700000", "incomeTaxExpense": "18100000", "interestAndDebtExpense": "None", "netIncomeFromContinuingOperations": "33600000", "comprehensiveIncomeNetOfTax": "None", "ebit": "65500000", "ebitda": "86000000", "netIncome": "33500000"}, {"fiscalDateEnding": "2015-06-30", "reportedCurrency": "USD", "grossProfit": "374500000", "totalRevenue": "929600000", "costOfRevenue": "555100000", "costofGoodsAndServicesSold": "555100000", "operatingIncome": "262500000", "sellingGeneralAndAdministrative": "112000000", "researchAndDevelopment": "0", "operatingExpenses": "112000000", "investmentIncomeNet": "None", "netInterestIncome": "None", "interestIncome": "None", "interestExpense": "6600000", "nonInterestIncome": "None", "otherNonOperatingIncome": "-7100000", "depreciation": "None", "depreciationAndAmortization": "20300000", "incomeBeforeTax": "255400000", "incomeTaxExpense": "89500000", "interestAndDebtExpense": "None", "netIncomeFromContinuingOperations": "165900000", "comprehensiveIncomeNetOfTax": "None", "ebit": "271700000", "ebitda": "292000000", "netIncome": "165900000"}, {"fiscalDateEnding": "2015-03-31", "reportedCurrency": "USD", "grossProfit": "181600000", "totalRevenue": "634200000", "costOfRevenue": "452600000", "costofGoodsAndServicesSold": "452600000", "operatingIncome": "89600000", "sellingGeneralAndAdministrative": "92000000", "researchAndDevelopment": "0", "operatingExpenses": "92000000", "investmentIncomeNet": "None", "netInterestIncome": "None", "interestIncome": "None", "interestExpense": "6400000", "nonInterestIncome": "None", "otherNonOperatingIncome": "-7700000", "depreciation": "None", "depreciationAndAmortization": "18800000", "incomeBeforeTax": "81900000", "incomeTaxExpense": "27900000", "interestAndDebtExpense": "None", "netIncomeFromContinuingOperations": "54000000", "comprehensiveIncomeNetOfTax": "None", "ebit": "96800000", "ebitda": "115600000", "netIncome": "54000000"}, {"fiscalDateEnding": "2014-12-31", "reportedCurrency": "USD", "grossProfit": "160600000", "totalRevenue": "574600000", "costOfRevenue": "414000000", "costofGoodsAndServicesSold": "414000000", "operatingIncome": "59500000", "sellingGeneralAndAdministrative": "101100000", "researchAndDevelopment": "0", "operatingExpenses": "101100000", "investmentIncomeNet": "None", "netInterestIncome": "None", "interestIncome": "None", "interestExpense": "6200000", "nonInterestIncome": "None", "otherNonOperatingIncome": "-7900000", "depreciation": "None", "depreciationAndAmortization": "17700000", "incomeBeforeTax": "51600000", "incomeTaxExpense": "16900000", "interestAndDebtExpense": "None", "netIncomeFromContinuingOperations": "34700000", "comprehensiveIncomeNetOfTax": "None", "ebit": "41800000", "ebitda": "59500000", "netIncome": "34700000"}, {"fiscalDateEnding": "2014-09-30", "reportedCurrency": "USD", "grossProfit": "149300000", "totalRevenue": "555800000", "costOfRevenue": "406500000", "costofGoodsAndServicesSold": "406500000", "operatingIncome": "57600000", "sellingGeneralAndAdministrative": "91700000", "researchAndDevelopment": "0", "operatingExpenses": "91700000", "investmentIncomeNet": "None", "netInterestIncome": "None", "interestIncome": "None", "interestExpense": "6200000", "nonInterestIncome": "None", "otherNonOperatingIncome": "-7600000", "depreciation": "None", "depreciationAndAmortization": "17800000", "incomeBeforeTax": "50000000", "incomeTaxExpense": "17500000", "interestAndDebtExpense": "None", "netIncomeFromContinuingOperations": "32500000", "comprehensiveIncomeNetOfTax": "None", "ebit": "64600000", "ebitda": "82400000", "netIncome": "32500000"}, {"fiscalDateEnding": "2014-06-30", "reportedCurrency": "USD", "grossProfit": "334700000", "totalRevenue": "885900000", "costOfRevenue": "551200000", "costofGoodsAndServicesSold": "551200000", "operatingIncome": "213800000", "sellingGeneralAndAdministrative": "120900000", "researchAndDevelopment": "0", "operatingExpenses": "120900000", "investmentIncomeNet": "None", "netInterestIncome": "None", "interestIncome": "None", "interestExpense": "6700000", "nonInterestIncome": "None", "otherNonOperatingIncome": "-7200000", "depreciation": "None", "depreciationAndAmortization": "18100000", "incomeBeforeTax": "206600000", "incomeTaxExpense": "66400000", "interestAndDebtExpense": "None", "netIncomeFromContinuingOperations": "140200000", "comprehensiveIncomeNetOfTax": "None", "ebit": "218000000", "ebitda": "236100000", "netIncome": "140200000"}, {"fiscalDateEnding": "2014-03-31", "reportedCurrency": "USD", "grossProfit": "178700000", "totalRevenue": "606300000", "costOfRevenue": "427600000", "costofGoodsAndServicesSold": "427600000", "operatingIncome": "83100000", "sellingGeneralAndAdministrative": "95600000", "researchAndDevelopment": "0", "operatingExpenses": "95600000", "investmentIncomeNet": "None", "netInterestIncome": "None", "interestIncome": "None", "interestExpense": "6200000", "nonInterestIncome": "None", "otherNonOperatingIncome": "-6200000", "depreciation": "None", "depreciationAndAmortization": "18200000", "incomeBeforeTax": "76900000", "incomeTaxExpense": "26100000", "interestAndDebtExpense": "None", "netIncomeFromContinuingOperations": "50800000", "comprehensiveIncomeNetOfTax": "None", "ebit": "64900000", "ebitda": "83100000", "netIncome": "50800000"}, {"fiscalDateEnding": "2013-12-31", "reportedCurrency": "USD", "grossProfit": "135500000", "totalRevenue": "520600000", "costOfRevenue": "385100000", "costofGoodsAndServicesSold": "385100000", "operatingIncome": "49500000", "sellingGeneralAndAdministrative": "86000000", "researchAndDevelopment": "0", "operatingExpenses": "86000000", "investmentIncomeNet": "None", "netInterestIncome": "None", "interestIncome": "None", "interestExpense": "6200000", "nonInterestIncome": "None", "otherNonOperatingIncome": "-6800000", "depreciation": "None", "depreciationAndAmortization": "16700000", "incomeBeforeTax": "42700000", "incomeTaxExpense": "15100000", "interestAndDebtExpense": "None", "netIncomeFromContinuingOperations": "27600000", "comprehensiveIncomeNetOfTax": "None", "ebit": "32800000", "ebitda": "49500000", "netIncome": "27600000"}, {"fiscalDateEnding": "2013-09-30", "reportedCurrency": "USD", "grossProfit": "147700000", "totalRevenue": "545200000", "costOfRevenue": "397500000", "costofGoodsAndServicesSold": "397500000", "operatingIncome": "74200000", "sellingGeneralAndAdministrative": "73500000", "researchAndDevelopment": "0", "operatingExpenses": "73500000", "investmentIncomeNet": "None", "netInterestIncome": "None", "interestIncome": "None", "interestExpense": "4600000", "nonInterestIncome": "None", "otherNonOperatingIncome": "-4900000", "depreciation": "None", "depreciationAndAmortization": "16400000", "incomeBeforeTax": "69300000", "incomeTaxExpense": "24900000", "interestAndDebtExpense": "None", "netIncomeFromContinuingOperations": "44400000", "comprehensiveIncomeNetOfTax": "None", "ebit": "77500000", "ebitda": "93900000", "netIncome": "44400000"}, {"fiscalDateEnding": "2013-06-30", "reportedCurrency": "USD", "grossProfit": "301100000", "totalRevenue": "865100000", "costOfRevenue": "564000000", "costofGoodsAndServicesSold": "564000000", "operatingIncome": "206600000", "sellingGeneralAndAdministrative": "94500000", "researchAndDevelopment": "0", "operatingExpenses": "94500000", "investmentIncomeNet": "None", "netInterestIncome": "None", "interestIncome": "None", "interestExpense": "3300000", "nonInterestIncome": "None", "otherNonOperatingIncome": "-4400000", "depreciation": "None", "depreciationAndAmortization": "16100000", "incomeBeforeTax": "202200000", "incomeTaxExpense": "67600000", "interestAndDebtExpense": "None", "netIncomeFromContinuingOperations": "134600000", "comprehensiveIncomeNetOfTax": "None", "ebit": "211900000", "ebitda": "228000000", "netIncome": "134600000"}, {"fiscalDateEnding": "2013-03-31", "reportedCurrency": "USD", "grossProfit": "150500000", "totalRevenue": "576700000", "costOfRevenue": "426200000", "costofGoodsAndServicesSold": "426200000", "operatingIncome": "71500000", "sellingGeneralAndAdministrative": "79000000", "researchAndDevelopment": "0", "operatingExpenses": "79000000", "investmentIncomeNet": "None", "netInterestIncome": "None", "interestIncome": "None", "interestExpense": "3500000", "nonInterestIncome": "None", "otherNonOperatingIncome": "-3800000", "depreciation": "None", "depreciationAndAmortization": "16300000", "incomeBeforeTax": "67700000", "incomeTaxExpense": "24300000", "interestAndDebtExpense": "None", "netIncomeFromContinuingOperations": "43400000", "comprehensiveIncomeNetOfTax": "None", "ebit": "77500000", "ebitda": "93800000", "netIncome": "43400000"}, {"fiscalDateEnding": "2012-12-31", "reportedCurrency": "USD", "grossProfit": "105600000", "totalRevenue": "493200000", "costOfRevenue": "387600000", "costofGoodsAndServicesSold": "387600000", "operatingIncome": "28400000", "sellingGeneralAndAdministrative": "77200000", "researchAndDevelopment": "0", "operatingExpenses": "77200000", "investmentIncomeNet": "None", "netInterestIncome": "None", "interestIncome": "None", "interestExpense": "3400000", "nonInterestIncome": "None", "otherNonOperatingIncome": "-3700000", "depreciation": "None", "depreciationAndAmortization": "18000000", "incomeBeforeTax": "24700000", "incomeTaxExpense": "8900000", "interestAndDebtExpense": "None", "netIncomeFromContinuingOperations": "15800000", "comprehensiveIncomeNetOfTax": "None", "ebit": "28100000", "ebitda": "46100000", "netIncome": "15800000"}, {"fiscalDateEnding": "2012-09-30", "reportedCurrency": "USD", "grossProfit": "105800000", "totalRevenue": "495800000", "costOfRevenue": "390000000", "costofGoodsAndServicesSold": "390000000", "operatingIncome": "32900000", "sellingGeneralAndAdministrative": "72900000", "researchAndDevelopment": "0", "operatingExpenses": "72900000", "investmentIncomeNet": "None", "netInterestIncome": "None", "interestIncome": "None", "interestExpense": "3500000", "nonInterestIncome": "None", "otherNonOperatingIncome": "-4300000", "depreciation": "None", "depreciationAndAmortization": "19000000", "incomeBeforeTax": "28600000", "incomeTaxExpense": "10300000", "interestAndDebtExpense": "None", "netIncomeFromContinuingOperations": "18300000", "comprehensiveIncomeNetOfTax": "None", "ebit": "37600000", "ebitda": "56600000", "netIncome": "18300000"}, {"fiscalDateEnding": "2012-06-30", "reportedCurrency": "USD", "grossProfit": "271400000", "totalRevenue": "800300000", "costOfRevenue": "528900000", "costofGoodsAndServicesSold": "528900000", "operatingIncome": "180300000", "sellingGeneralAndAdministrative": "91100000", "researchAndDevelopment": "0", "operatingExpenses": "91100000", "investmentIncomeNet": "None", "netInterestIncome": "None", "interestIncome": "None", "interestExpense": "3400000", "nonInterestIncome": "None", "otherNonOperatingIncome": "29200000", "depreciation": "None", "depreciationAndAmortization": "18200000", "incomeBeforeTax": "135300000", "incomeTaxExpense": "51900000", "interestAndDebtExpense": "None", "netIncomeFromContinuingOperations": "83400000", "comprehensiveIncomeNetOfTax": "None", "ebit": "138700000", "ebitda": "156900000", "netIncome": "83400000"}, {"fiscalDateEnding": "2012-03-31", "reportedCurrency": "USD", "grossProfit": "126200000", "totalRevenue": "547000000", "costOfRevenue": "420800000", "costofGoodsAndServicesSold": "420800000", "operatingIncome": "55600000", "sellingGeneralAndAdministrative": "70600000", "researchAndDevelopment": "0", "operatingExpenses": "97400000", "investmentIncomeNet": "None", "netInterestIncome": "None", "interestIncome": "None", "interestExpense": "3600000", "nonInterestIncome": "None", "otherNonOperatingIncome": "-26800000", "depreciation": "None", "depreciationAndAmortization": "20400000", "incomeBeforeTax": "28800000", "incomeTaxExpense": "10700000", "interestAndDebtExpense": "None", "netIncomeFromContinuingOperations": "18100000", "comprehensiveIncomeNetOfTax": "None", "ebit": "37100000", "ebitda": "57500000", "netIncome": "16700000"}, {"fiscalDateEnding": "2011-12-31", "reportedCurrency": "USD", "grossProfit": "97200000", "totalRevenue": "479800000", "costOfRevenue": "382600000", "costofGoodsAndServicesSold": "382600000", "operatingIncome": "23700000", "sellingGeneralAndAdministrative": "73500000", "researchAndDevelopment": "0", "operatingExpenses": "73500000", "investmentIncomeNet": "None", "netInterestIncome": "None", "interestIncome": "None", "interestExpense": "3900000", "nonInterestIncome": "None", "otherNonOperatingIncome": "-13100000", "depreciation": "None", "depreciationAndAmortization": "18200000", "incomeBeforeTax": "10600000", "incomeTaxExpense": "3800000", "interestAndDebtExpense": "None", "netIncomeFromContinuingOperations": "6800000", "comprehensiveIncomeNetOfTax": "None", "ebit": "23300000", "ebitda": "41500000", "netIncome": "6800000"}, {"fiscalDateEnding": "2011-09-30", "reportedCurrency": "USD", "grossProfit": "93600000", "totalRevenue": "476400000", "costOfRevenue": "382800000", "costofGoodsAndServicesSold": "382800000", "operatingIncome": "28900000", "sellingGeneralAndAdministrative": "64700000", "researchAndDevelopment": "0", "operatingExpenses": "64700000", "investmentIncomeNet": "None", "netInterestIncome": "None", "interestIncome": "None", "interestExpense": "2600000", "nonInterestIncome": "None", "otherNonOperatingIncome": "-2700000", "depreciation": "None", "depreciationAndAmortization": "16400000", "incomeBeforeTax": "26200000", "incomeTaxExpense": "9500000", "interestAndDebtExpense": "None", "netIncomeFromContinuingOperations": "16700000", "comprehensiveIncomeNetOfTax": "None", "ebit": "28800000", "ebitda": "45200000", "netIncome": "16700000"}, {"fiscalDateEnding": "2011-06-30", "reportedCurrency": "USD", "grossProfit": "258800000", "totalRevenue": "776100000", "costOfRevenue": "517300000", "costofGoodsAndServicesSold": "517300000", "operatingIncome": "184100000", "sellingGeneralAndAdministrative": "74700000", "researchAndDevelopment": "0", "operatingExpenses": "77600000", "investmentIncomeNet": "None", "netInterestIncome": "None", "interestIncome": "None", "interestExpense": "7600000", "nonInterestIncome": "None", "otherNonOperatingIncome": "-2900000", "depreciation": "None", "depreciationAndAmortization": "6100000", "incomeBeforeTax": "181200000", "incomeTaxExpense": "65900000", "interestAndDebtExpense": "None", "netIncomeFromContinuingOperations": "115300000", "comprehensiveIncomeNetOfTax": "None", "ebit": "188800000", "ebitda": "194900000", "netIncome": "116200000"}, {"fiscalDateEnding": "2011-03-31", "reportedCurrency": "USD", "grossProfit": "120500000", "totalRevenue": "527100000", "costOfRevenue": "406600000", "costofGoodsAndServicesSold": "406600000", "operatingIncome": "53600000", "sellingGeneralAndAdministrative": "66900000", "researchAndDevelopment": "0", "operatingExpenses": "66900000", "investmentIncomeNet": "None", "netInterestIncome": "None", "interestIncome": "None", "interestExpense": "7300000", "nonInterestIncome": "None", "otherNonOperatingIncome": "-2500000", "depreciation": "None", "depreciationAndAmortization": "19200000", "incomeBeforeTax": "51100000", "incomeTaxExpense": "18500000", "interestAndDebtExpense": "None", "netIncomeFromContinuingOperations": "32600000", "comprehensiveIncomeNetOfTax": "None", "ebit": "55700000", "ebitda": "74900000", "netIncome": "29700000"}, {"fiscalDateEnding": "2010-12-31", "reportedCurrency": "USD", "grossProfit": "85700000", "totalRevenue": "442300000", "costOfRevenue": "356600000", "costofGoodsAndServicesSold": "356600000", "operatingIncome": "18800000", "sellingGeneralAndAdministrative": "66900000", "researchAndDevelopment": "0", "operatingExpenses": "66900000", "investmentIncomeNet": "None", "netInterestIncome": "None", "interestIncome": "None", "interestExpense": "2400000", "nonInterestIncome": "None", "otherNonOperatingIncome": "-2300000", "depreciation": "None", "depreciationAndAmortization": "16500000", "incomeBeforeTax": "16500000", "incomeTaxExpense": "5900000", "interestAndDebtExpense": "None", "netIncomeFromContinuingOperations": "10600000", "comprehensiveIncomeNetOfTax": "None", "ebit": "18800000", "ebitda": "35300000", "netIncome": "10400000"}, {"fiscalDateEnding": "2010-09-30", "reportedCurrency": "USD", "grossProfit": "84800000", "totalRevenue": "421400000", "costOfRevenue": "336600000", "costofGoodsAndServicesSold": "336600000", "operatingIncome": "23300000", "sellingGeneralAndAdministrative": "61500000", "researchAndDevelopment": "0", "operatingExpenses": "63900000", "investmentIncomeNet": "None", "netInterestIncome": "None", "interestIncome": "None", "interestExpense": "2400000", "nonInterestIncome": "None", "otherNonOperatingIncome": "-2400000", "depreciation": "None", "depreciationAndAmortization": "15600000", "incomeBeforeTax": "20900000", "incomeTaxExpense": "7600000", "interestAndDebtExpense": "None", "netIncomeFromContinuingOperations": "13300000", "comprehensiveIncomeNetOfTax": "None", "ebit": "19700000", "ebitda": "35300000", "netIncome": "13300000"}, {"fiscalDateEnding": "2010-06-30", "reportedCurrency": "USD", "grossProfit": "253200000", "totalRevenue": "750500000", "costOfRevenue": "497300000", "costofGoodsAndServicesSold": "497300000", "operatingIncome": "183400000", "sellingGeneralAndAdministrative": "69800000", "researchAndDevelopment": "0", "operatingExpenses": "69800000", "investmentIncomeNet": "None", "netInterestIncome": "None", "interestIncome": "None", "interestExpense": "2300000", "nonInterestIncome": "None", "otherNonOperatingIncome": "None", "depreciation": "None", "depreciationAndAmortization": "14500000", "incomeBeforeTax": "182700000", "incomeTaxExpense": "66500000", "interestAndDebtExpense": "None", "netIncomeFromContinuingOperations": "0", "comprehensiveIncomeNetOfTax": "None", "ebit": "185000000", "ebitda": "199500000", "netIncome": "105100000"}, {"fiscalDateEnding": "2010-03-31", "reportedCurrency": "USD", "grossProfit": "109900000", "totalRevenue": "490800000", "costOfRevenue": "380900000", "costofGoodsAndServicesSold": "380900000", "operatingIncome": "49900000", "sellingGeneralAndAdministrative": "60000000", "researchAndDevelopment": "0", "operatingExpenses": "60000000", "investmentIncomeNet": "None", "netInterestIncome": "None", "interestIncome": "None", "interestExpense": "2500000", "nonInterestIncome": "None", "otherNonOperatingIncome": "None", "depreciation": "None", "depreciationAndAmortization": "14300000", "incomeBeforeTax": "48400000", "incomeTaxExpense": "17600000", "interestAndDebtExpense": "None", "netIncomeFromContinuingOperations": "0", "comprehensiveIncomeNetOfTax": "None", "ebit": "55900000", "ebitda": "70200000", "netIncome": "24900000"}, {"fiscalDateEnding": "2009-12-31", "reportedCurrency": "USD", "grossProfit": "130000000", "totalRevenue": "529700000", "costOfRevenue": "399700000", "costofGoodsAndServicesSold": "399700000", "operatingIncome": "71600000", "sellingGeneralAndAdministrative": "58400000", "researchAndDevelopment": "0", "operatingExpenses": "58400000", "investmentIncomeNet": "None", "netInterestIncome": "None", "interestIncome": "None", "interestExpense": "2400000", "nonInterestIncome": "None", "otherNonOperatingIncome": "None", "depreciation": "None", "depreciationAndAmortization": "13900000", "incomeBeforeTax": "68500000", "incomeTaxExpense": "17000000", "interestAndDebtExpense": "None", "netIncomeFromContinuingOperations": "0", "comprehensiveIncomeNetOfTax": "None", "ebit": "60800000", "ebitda": "74700000", "netIncome": "33600000"}, {"fiscalDateEnding": "2009-09-30", "reportedCurrency": "USD", "grossProfit": "102500000", "totalRevenue": "457900000", "costOfRevenue": "355400000", "costofGoodsAndServicesSold": "355400000", "operatingIncome": "46100000", "sellingGeneralAndAdministrative": "56400000", "researchAndDevelopment": "0", "operatingExpenses": "60200000", "investmentIncomeNet": "None", "netInterestIncome": "None", "interestIncome": "None", "interestExpense": "400000", "nonInterestIncome": "None", "otherNonOperatingIncome": "None", "depreciation": "None", "depreciationAndAmortization": "14300000", "incomeBeforeTax": "42300000", "incomeTaxExpense": "15900000", "interestAndDebtExpense": "None", "netIncomeFromContinuingOperations": "0", "comprehensiveIncomeNetOfTax": "None", "ebit": "44500000", "ebitda": "58800000", "netIncome": "26400000"}, {"fiscalDateEnding": "2009-06-30", "reportedCurrency": "USD", "grossProfit": "243900000", "totalRevenue": "736500000", "costOfRevenue": "492600000", "costofGoodsAndServicesSold": "492600000", "operatingIncome": "193200000", "sellingGeneralAndAdministrative": "50700000", "researchAndDevelopment": "0", "operatingExpenses": "50700000", "investmentIncomeNet": "None", "netInterestIncome": "None", "interestIncome": "None", "interestExpense": "14500000", "nonInterestIncome": "None", "otherNonOperatingIncome": "None", "depreciation": "None", "depreciationAndAmortization": "14300000", "incomeBeforeTax": "185500000", "incomeTaxExpense": "68600000", "interestAndDebtExpense": "None", "netIncomeFromContinuingOperations": "0", "comprehensiveIncomeNetOfTax": "None", "ebit": "200000000", "ebitda": "214300000", "netIncome": "116900000"}, {"fiscalDateEnding": "2009-03-31", "reportedCurrency": "USD", "grossProfit": "108500000", "totalRevenue": "481200000", "costOfRevenue": "372700000", "costofGoodsAndServicesSold": "372700000", "operatingIncome": "57200000", "sellingGeneralAndAdministrative": "51300000", "researchAndDevelopment": "0", "operatingExpenses": "51300000", "investmentIncomeNet": "None", "netInterestIncome": "None", "interestIncome": "None", "interestExpense": "400000", "nonInterestIncome": "None", "otherNonOperatingIncome": "None", "depreciation": "None", "depreciationAndAmortization": "13900000", "incomeBeforeTax": "54000000", "incomeTaxExpense": "13100000", "interestAndDebtExpense": "None", "netIncomeFromContinuingOperations": "0", "comprehensiveIncomeNetOfTax": "None", "ebit": "57300000", "ebitda": "71200000", "netIncome": "40900000"}, {"fiscalDateEnding": "2008-12-31", "reportedCurrency": "USD", "grossProfit": "113400000", "totalRevenue": "459200000", "costOfRevenue": "345800000", "costofGoodsAndServicesSold": "345800000", "operatingIncome": "48600000", "sellingGeneralAndAdministrative": "66200000", "researchAndDevelopment": "0", "operatingExpenses": "64800000", "investmentIncomeNet": "None", "netInterestIncome": "None", "interestIncome": "None", "interestExpense": "2900000", "nonInterestIncome": "None", "otherNonOperatingIncome": "None", "depreciation": "None", "depreciationAndAmortization": "13900000", "incomeBeforeTax": "48600000", "incomeTaxExpense": "18700000", "interestAndDebtExpense": "None", "netIncomeFromContinuingOperations": "0", "comprehensiveIncomeNetOfTax": "None", "ebit": "34700000", "ebitda": "48600000", "netIncome": "29900000"}, {"fiscalDateEnding": "2008-09-30", "reportedCurrency": "USD", "grossProfit": "109400000", "totalRevenue": "472400000", "costOfRevenue": "363000000", "costofGoodsAndServicesSold": "363000000", "operatingIncome": "52700000", "sellingGeneralAndAdministrative": "56700000", "researchAndDevelopment": "0", "operatingExpenses": "56700000", "investmentIncomeNet": "None", "netInterestIncome": "None", "interestIncome": "None", "interestExpense": "5400000", "nonInterestIncome": "None", "otherNonOperatingIncome": "None", "depreciation": "None", "depreciationAndAmortization": "14200000", "incomeBeforeTax": "58200000", "incomeTaxExpense": "22600000", "interestAndDebtExpense": "None", "netIncomeFromContinuingOperations": "0", "comprehensiveIncomeNetOfTax": "None", "ebit": "53200000", "ebitda": "67400000", "netIncome": "35600000"}, {"fiscalDateEnding": "2008-06-30", "reportedCurrency": "USD", "grossProfit": "249000000", "totalRevenue": "792400000", "costOfRevenue": "543400000", "costofGoodsAndServicesSold": "543400000", "operatingIncome": "202000000", "sellingGeneralAndAdministrative": "72700000", "researchAndDevelopment": "0", "operatingExpenses": "47000000", "investmentIncomeNet": "None", "netInterestIncome": "None", "interestIncome": "None", "interestExpense": "2300000", "nonInterestIncome": "None", "otherNonOperatingIncome": "None", "depreciation": "None", "depreciationAndAmortization": "13900000", "incomeBeforeTax": "171100000", "incomeTaxExpense": "73300000", "interestAndDebtExpense": "None", "netIncomeFromContinuingOperations": "0", "comprehensiveIncomeNetOfTax": "None", "ebit": "229000000", "ebitda": "242900000", "netIncome": "97800000"}, {"fiscalDateEnding": "2008-03-31", "reportedCurrency": "USD", "grossProfit": "115700000", "totalRevenue": "498800000", "costOfRevenue": "383100000", "costofGoodsAndServicesSold": "383100000", "operatingIncome": "48400000", "sellingGeneralAndAdministrative": "60000000", "researchAndDevelopment": "0", "operatingExpenses": "67300000", "investmentIncomeNet": "None", "netInterestIncome": "None", "interestIncome": "None", "interestExpense": "6200000", "nonInterestIncome": "None", "otherNonOperatingIncome": "None", "depreciation": "None", "depreciationAndAmortization": "17400000", "incomeBeforeTax": "48400000", "incomeTaxExpense": "18900000", "interestAndDebtExpense": "None", "netIncomeFromContinuingOperations": "0", "comprehensiveIncomeNetOfTax": "None", "ebit": "50000000", "ebitda": "67400000", "netIncome": "29500000"}, {"fiscalDateEnding": "2007-12-31", "reportedCurrency": "USD", "grossProfit": "119400000", "totalRevenue": "465100000", "costOfRevenue": "345700000", "costofGoodsAndServicesSold": "345700000", "operatingIncome": "47300000", "sellingGeneralAndAdministrative": "62500000", "researchAndDevelopment": "0", "operatingExpenses": "72100000", "investmentIncomeNet": "None", "netInterestIncome": "None", "interestIncome": "None", "interestExpense": "9300000", "nonInterestIncome": "None", "otherNonOperatingIncome": "None", "depreciation": "None", "depreciationAndAmortization": "10300000", "incomeBeforeTax": "47300000", "incomeTaxExpense": "18400000", "interestAndDebtExpense": "None", "netIncomeFromContinuingOperations": "0", "comprehensiveIncomeNetOfTax": "None", "ebit": "58700000", "ebitda": "69000000", "netIncome": "28900000"}, {"fiscalDateEnding": "2007-09-30", "reportedCurrency": "USD", "grossProfit": "117000000", "totalRevenue": "451200000", "costOfRevenue": "334200000", "costofGoodsAndServicesSold": "334200000", "operatingIncome": "67900000", "sellingGeneralAndAdministrative": "49100000", "researchAndDevelopment": "0", "operatingExpenses": "49100000", "investmentIncomeNet": "None", "netInterestIncome": "None", "interestIncome": "None", "interestExpense": "8800000", "nonInterestIncome": "None", "otherNonOperatingIncome": "None", "depreciation": "None", "depreciationAndAmortization": "9900000", "incomeBeforeTax": "59100000", "incomeTaxExpense": "23100000", "interestAndDebtExpense": "None", "netIncomeFromContinuingOperations": "0", "comprehensiveIncomeNetOfTax": "None", "ebit": "70700000", "ebitda": "80600000", "netIncome": "36000000"}, {"fiscalDateEnding": "2007-06-30", "reportedCurrency": "USD", "grossProfit": "236500000", "totalRevenue": "773700000", "costOfRevenue": "537200000", "costofGoodsAndServicesSold": "537200000", "operatingIncome": "156700000", "sellingGeneralAndAdministrative": "67500000", "researchAndDevelopment": "0", "operatingExpenses": "79800000", "investmentIncomeNet": "None", "netInterestIncome": "None", "interestIncome": "None", "interestExpense": "18200000", "nonInterestIncome": "None", "otherNonOperatingIncome": "None", "depreciation": "None", "depreciationAndAmortization": "33200000", "incomeBeforeTax": "158500000", "incomeTaxExpense": "59800000", "interestAndDebtExpense": "None", "netIncomeFromContinuingOperations": "0", "comprehensiveIncomeNetOfTax": "None", "ebit": "181500000", "ebitda": "214700000", "netIncome": "98700000"}, {"fiscalDateEnding": "2007-03-31", "reportedCurrency": "USD", "grossProfit": "117700000", "totalRevenue": "492800000", "costOfRevenue": "375100000", "costofGoodsAndServicesSold": "375100000", "operatingIncome": "70100000", "sellingGeneralAndAdministrative": "47600000", "researchAndDevelopment": "0", "operatingExpenses": "47600000", "investmentIncomeNet": "None", "netInterestIncome": "None", "interestIncome": "None", "interestExpense": "6600000", "nonInterestIncome": "None", "otherNonOperatingIncome": "None", "depreciation": "None", "depreciationAndAmortization": "9500000", "incomeBeforeTax": "69900000", "incomeTaxExpense": "28000000", "interestAndDebtExpense": "None", "netIncomeFromContinuingOperations": "0", "comprehensiveIncomeNetOfTax": "None", "ebit": "84700000", "ebitda": "94200000", "netIncome": "41900000"}, {"fiscalDateEnding": "2006-12-31", "reportedCurrency": "USD", "grossProfit": "98100000", "totalRevenue": "431300000", "costOfRevenue": "333200000", "costofGoodsAndServicesSold": "333200000", "operatingIncome": "46000000", "sellingGeneralAndAdministrative": "51100000", "researchAndDevelopment": "0", "operatingExpenses": "52100000", "investmentIncomeNet": "None", "netInterestIncome": "None", "interestIncome": "None", "interestExpense": "700000", "nonInterestIncome": "None", "otherNonOperatingIncome": "None", "depreciation": "None", "depreciationAndAmortization": "10000000", "incomeBeforeTax": "46000000", "incomeTaxExpense": "18000000", "interestAndDebtExpense": "None", "netIncomeFromContinuingOperations": "0", "comprehensiveIncomeNetOfTax": "None", "ebit": "46000000", "ebitda": "56000000", "netIncome": "28000000"}, {"fiscalDateEnding": "2006-09-30", "reportedCurrency": "USD", "grossProfit": "97500000", "totalRevenue": "440100000", "costOfRevenue": "342600000", "costofGoodsAndServicesSold": "342600000", "operatingIncome": "47000000", "sellingGeneralAndAdministrative": "50500000", "researchAndDevelopment": "0", "operatingExpenses": "50500000", "investmentIncomeNet": "None", "netInterestIncome": "None", "interestIncome": "None", "interestExpense": "500000", "nonInterestIncome": "None", "otherNonOperatingIncome": "None", "depreciation": "None", "depreciationAndAmortization": "9800000", "incomeBeforeTax": "46400000", "incomeTaxExpense": "17900000", "interestAndDebtExpense": "None", "netIncomeFromContinuingOperations": "0", "comprehensiveIncomeNetOfTax": "None", "ebit": "47000000", "ebitda": "56800000", "netIncome": "28500000"}, {"fiscalDateEnding": "2006-06-30", "reportedCurrency": "USD", "grossProfit": "220400000", "totalRevenue": "718100000", "costOfRevenue": "497700000", "costofGoodsAndServicesSold": "497700000", "operatingIncome": "166900000", "sellingGeneralAndAdministrative": "51800000", "researchAndDevelopment": "0", "operatingExpenses": "53500000", "investmentIncomeNet": "None", "netInterestIncome": "None", "interestIncome": "None", "interestExpense": "500000", "nonInterestIncome": "None", "otherNonOperatingIncome": "None", "depreciation": "None", "depreciationAndAmortization": "12900000", "incomeBeforeTax": "168800000", "incomeTaxExpense": "68200000", "interestAndDebtExpense": "None", "netIncomeFromContinuingOperations": "0", "comprehensiveIncomeNetOfTax": "None", "ebit": "166900000", "ebitda": "179800000", "netIncome": "100700000"}, {"fiscalDateEnding": "2006-03-31", "reportedCurrency": "USD", "grossProfit": "102100000", "totalRevenue": "450500000", "costOfRevenue": "348400000", "costofGoodsAndServicesSold": "348400000", "operatingIncome": "57100000", "sellingGeneralAndAdministrative": "45000000", "researchAndDevelopment": "0", "operatingExpenses": "45000000", "investmentIncomeNet": "None", "netInterestIncome": "None", "interestIncome": "None", "interestExpense": "400000", "nonInterestIncome": "None", "otherNonOperatingIncome": "None", "depreciation": "None", "depreciationAndAmortization": "1300000", "incomeBeforeTax": "55800000", "incomeTaxExpense": "22500000", "interestAndDebtExpense": "None", "netIncomeFromContinuingOperations": "0", "comprehensiveIncomeNetOfTax": "None", "ebit": "55800000", "ebitda": "57100000", "netIncome": "33600000"}, {"fiscalDateEnding": "2005-12-31", "reportedCurrency": "USD", "grossProfit": "0", "totalRevenue": "772000000", "costOfRevenue": "572400000", "costofGoodsAndServicesSold": "572400000", "operatingIncome": "78700000", "sellingGeneralAndAdministrative": "99100000", "researchAndDevelopment": "0", "operatingExpenses": "0", "investmentIncomeNet": "None", "netInterestIncome": "None", "interestIncome": "None", "interestExpense": "800000", "nonInterestIncome": "None", "otherNonOperatingIncome": "None", "depreciation": "None", "depreciationAndAmortization": "None", "incomeBeforeTax": "78100000", "incomeTaxExpense": "31500000", "interestAndDebtExpense": "None", "netIncomeFromContinuingOperations": "0", "comprehensiveIncomeNetOfTax": "None", "ebit": "0", "ebitda": "None", "netIncome": "13600000"}, {"fiscalDateEnding": "2005-09-30", "reportedCurrency": "USD", "grossProfit": "0", "totalRevenue": "0", "costOfRevenue": "0", "costofGoodsAndServicesSold": "0", "operatingIncome": "0", "sellingGeneralAndAdministrative": "0", "researchAndDevelopment": "0", "operatingExpenses": "0", "investmentIncomeNet": "None", "netInterestIncome": "None", "interestIncome": "None", "interestExpense": "0", "nonInterestIncome": "None", "otherNonOperatingIncome": "None", "depreciation": "None", "depreciationAndAmortization": "None", "incomeBeforeTax": "0", "incomeTaxExpense": "0", "interestAndDebtExpense": "None", "netIncomeFromContinuingOperations": "0", "comprehensiveIncomeNetOfTax": "None", "ebit": "0", "ebitda": "None", "netIncome": "18800000"}]}