{"symbol": "PODD", "annualReports": [{"fiscalDateEnding": "2024-12-31", "reportedCurrency": "USD", "grossProfit": "1445700000", "totalRevenue": "2071600000", "costOfRevenue": "625900000", "costofGoodsAndServicesSold": "625900000", "operatingIncome": "308900000", "sellingGeneralAndAdministrative": "917200000", "researchAndDevelopment": "219600000", "operatingExpenses": "1136800000", "investmentIncomeNet": "None", "netInterestIncome": "-3200000", "interestIncome": "39500000", "interestExpense": "42700000", "nonInterestIncome": "None", "otherNonOperatingIncome": "None", "depreciation": "None", "depreciationAndAmortization": "80800000", "incomeBeforeTax": "300200000", "incomeTaxExpense": "-118100000", "interestAndDebtExpense": "None", "netIncomeFromContinuingOperations": "418300000", "comprehensiveIncomeNetOfTax": "None", "ebit": "342900000", "ebitda": "423700000", "netIncome": "418300000"}, {"fiscalDateEnding": "2023-12-31", "reportedCurrency": "USD", "grossProfit": "1159900000", "totalRevenue": "1697100000", "costOfRevenue": "537200000", "costofGoodsAndServicesSold": "537200000", "operatingIncome": "220000000", "sellingGeneralAndAdministrative": "666400000", "researchAndDevelopment": "205000000", "operatingExpenses": "939900000", "investmentIncomeNet": "None", "netInterestIncome": "-9800000", "interestIncome": "28900000", "interestExpense": "36200000", "nonInterestIncome": "None", "otherNonOperatingIncome": "None", "depreciation": "None", "depreciationAndAmortization": "72800000", "incomeBeforeTax": "214600000", "incomeTaxExpense": "8300000", "interestAndDebtExpense": "None", "netIncomeFromContinuingOperations": "120000000", "comprehensiveIncomeNetOfTax": "None", "ebit": "250800000", "ebitda": "323600000", "netIncome": "206300000"}, {"fiscalDateEnding": "2022-12-31", "reportedCurrency": "USD", "grossProfit": "805600000", "totalRevenue": "1305300000", "costOfRevenue": "499700000", "costofGoodsAndServicesSold": "499700000", "operatingIncome": "-26700000", "sellingGeneralAndAdministrative": "587800000", "researchAndDevelopment": "180200000", "operatingExpenses": "768000000", "investmentIncomeNet": "None", "netInterestIncome": "-26700000", "interestIncome": "9800000", "interestExpense": "26700000", "nonInterestIncome": "None", "otherNonOperatingIncome": "-1100000", "depreciation": "None", "depreciationAndAmortization": "63200000", "incomeBeforeTax": "9800000", "incomeTaxExpense": "5200000", "interestAndDebtExpense": "None", "netIncomeFromContinuingOperations": "4600000", "comprehensiveIncomeNetOfTax": "None", "ebit": "46300000", "ebitda": "109500000", "netIncome": "4600000"}, {"fiscalDateEnding": "2021-12-31", "reportedCurrency": "USD", "grossProfit": "752100000", "totalRevenue": "1098800000", "costOfRevenue": "346700000", "costofGoodsAndServicesSold": "346700000", "operatingIncome": "66700000", "sellingGeneralAndAdministrative": "466000000", "researchAndDevelopment": "160100000", "operatingExpenses": "626100000", "investmentIncomeNet": "None", "netInterestIncome": "-61200000", "interestIncome": "500000", "interestExpense": "61200000", "nonInterestIncome": "None", "otherNonOperatingIncome": "-44300000", "depreciation": "None", "depreciationAndAmortization": "57400000", "incomeBeforeTax": "20500000", "incomeTaxExpense": "3700000", "interestAndDebtExpense": "None", "netIncomeFromContinuingOperations": "16800000", "comprehensiveIncomeNetOfTax": "None", "ebit": "82200000", "ebitda": "139600000", "netIncome": "16800000"}, {"fiscalDateEnding": "2020-12-31", "reportedCurrency": "USD", "grossProfit": "582300000", "totalRevenue": "904400000", "costOfRevenue": "322100000", "costofGoodsAndServicesSold": "322100000", "operatingIncome": "-600000", "sellingGeneralAndAdministrative": "384000000", "researchAndDevelopment": "146800000", "operatingExpenses": "530800000", "investmentIncomeNet": "None", "netInterestIncome": "-45100000", "interestIncome": "3000000", "interestExpense": "45100000", "nonInterestIncome": "None", "otherNonOperatingIncome": "3300000", "depreciation": "None", "depreciationAndAmortization": "55400000", "incomeBeforeTax": "9700000", "incomeTaxExpense": "2900000", "interestAndDebtExpense": "None", "netIncomeFromContinuingOperations": "6800000", "comprehensiveIncomeNetOfTax": "None", "ebit": "54900000", "ebitda": "110300000", "netIncome": "6800000"}, {"fiscalDateEnding": "2019-12-31", "reportedCurrency": "USD", "grossProfit": "480300000", "totalRevenue": "738200000", "costOfRevenue": "257900000", "costofGoodsAndServicesSold": "257900000", "operatingIncome": "22100000", "sellingGeneralAndAdministrative": "115500000", "researchAndDevelopment": "129700000", "operatingExpenses": "430300000", "investmentIncomeNet": "None", "netInterestIncome": "-26800000", "interestIncome": "7800000", "interestExpense": "26800000", "nonInterestIncome": "None", "otherNonOperatingIncome": "-900000", "depreciation": "None", "depreciationAndAmortization": "27900000", "incomeBeforeTax": "14500000", "incomeTaxExpense": "2900000", "interestAndDebtExpense": "None", "netIncomeFromContinuingOperations": "11600000", "comprehensiveIncomeNetOfTax": "None", "ebit": "49100000", "ebitda": "77000000", "netIncome": "11600000"}, {"fiscalDateEnding": "2018-12-31", "reportedCurrency": "USD", "grossProfit": "370168000", "totalRevenue": "563823000", "costOfRevenue": "193655000", "costofGoodsAndServicesSold": "193655000", "operatingIncome": "27423000", "sellingGeneralAndAdministrative": "111818000", "researchAndDevelopment": "88606000", "operatingExpenses": "342745000", "investmentIncomeNet": "None", "netInterestIncome": "-22197000", "interestIncome": "6705000", "interestExpense": "22197000", "nonInterestIncome": "None", "otherNonOperatingIncome": "6705000", "depreciation": "None", "depreciationAndAmortization": "15646000", "incomeBeforeTax": "5226000", "incomeTaxExpense": "1934000", "interestAndDebtExpense": "None", "netIncomeFromContinuingOperations": "3292000", "comprehensiveIncomeNetOfTax": "None", "ebit": "27423000", "ebitda": "43069000", "netIncome": "3292000"}, {"fiscalDateEnding": "2017-12-31", "reportedCurrency": "USD", "grossProfit": "277169000", "totalRevenue": "463768000", "costOfRevenue": "186599000", "costofGoodsAndServicesSold": "186599000", "operatingIncome": "-7387000", "sellingGeneralAndAdministrative": "88487000", "researchAndDevelopment": "74452000", "operatingExpenses": "284556000", "investmentIncomeNet": "None", "netInterestIncome": "-18578000", "interestIncome": "2633000", "interestExpense": "19187000", "nonInterestIncome": "None", "otherNonOperatingIncome": "2024000", "depreciation": "None", "depreciationAndAmortization": "13854000", "incomeBeforeTax": "-26574000", "incomeTaxExpense": "257000", "interestAndDebtExpense": "None", "netIncomeFromContinuingOperations": "-26831000", "comprehensiveIncomeNetOfTax": "None", "ebit": "-7387000", "ebitda": "6467000", "netIncome": "-26831000"}, {"fiscalDateEnding": "2016-12-31", "reportedCurrency": "USD", "grossProfit": "211086000", "totalRevenue": "366989000", "costOfRevenue": "155903000", "costofGoodsAndServicesSold": "155903000", "operatingIncome": "-10704000", "sellingGeneralAndAdministrative": "71597000", "researchAndDevelopment": "55710000", "operatingExpenses": "221790000", "investmentIncomeNet": "None", "netInterestIncome": "-14388000", "interestIncome": "15213000", "interestExpense": "14388000", "nonInterestIncome": "None", "otherNonOperatingIncome": "-1726000", "depreciation": "None", "depreciationAndAmortization": "13700000", "incomeBeforeTax": "-26818000", "incomeTaxExpense": "392000", "interestAndDebtExpense": "None", "netIncomeFromContinuingOperations": "-27210000", "comprehensiveIncomeNetOfTax": "None", "ebit": "-12430000", "ebitda": "1270000", "netIncome": "-28879000"}, {"fiscalDateEnding": "2015-12-31", "reportedCurrency": "USD", "grossProfit": "133271000", "totalRevenue": "263893000", "costOfRevenue": "130622000", "costofGoodsAndServicesSold": "130622000", "operatingIncome": "-48736000", "sellingGeneralAndAdministrative": "60392000", "researchAndDevelopment": "43208000", "operatingExpenses": "182007000", "investmentIncomeNet": "None", "netInterestIncome": "None", "interestIncome": "12654000", "interestExpense": "12712000", "nonInterestIncome": "None", "otherNonOperatingIncome": "116000", "depreciation": "None", "depreciationAndAmortization": "15838000", "incomeBeforeTax": "-61390000", "incomeTaxExpense": "212000", "interestAndDebtExpense": "None", "netIncomeFromContinuingOperations": "-73520000", "comprehensiveIncomeNetOfTax": "None", "ebit": "-52116000", "ebitda": "-36278000", "netIncome": "-73520000"}, {"fiscalDateEnding": "2014-12-31", "reportedCurrency": "USD", "grossProfit": "143288000", "totalRevenue": "288720000", "costOfRevenue": "145432000", "costofGoodsAndServicesSold": "145432000", "operatingIncome": "-12297000", "sellingGeneralAndAdministrative": "66841000", "researchAndDevelopment": "27900000", "operatingExpenses": "155585000", "investmentIncomeNet": "None", "netInterestIncome": "None", "interestIncome": "None", "interestExpense": "14687000", "nonInterestIncome": "None", "otherNonOperatingIncome": "-24374000", "depreciation": "None", "depreciationAndAmortization": "12223000", "incomeBeforeTax": "-51358000", "incomeTaxExpense": "142000", "interestAndDebtExpense": "None", "netIncomeFromContinuingOperations": "-51500000", "comprehensiveIncomeNetOfTax": "None", "ebit": "-12297000", "ebitda": "-74000", "netIncome": "-51500000"}, {"fiscalDateEnding": "2013-12-31", "reportedCurrency": "USD", "grossProfit": "112401000", "totalRevenue": "247084000", "costOfRevenue": "134683000", "costofGoodsAndServicesSold": "134683000", "operatingIncome": "-29135000", "sellingGeneralAndAdministrative": "64077000", "researchAndDevelopment": "21765000", "operatingExpenses": "141536000", "investmentIncomeNet": "None", "netInterestIncome": "None", "interestIncome": "None", "interestExpense": "17214000", "nonInterestIncome": "None", "otherNonOperatingIncome": "-15739000", "depreciation": "None", "depreciationAndAmortization": "11806000", "incomeBeforeTax": "-44874000", "incomeTaxExpense": "100000", "interestAndDebtExpense": "None", "netIncomeFromContinuingOperations": "-44974000", "comprehensiveIncomeNetOfTax": "None", "ebit": "-29135000", "ebitda": "-17329000", "netIncome": "-44974000"}, {"fiscalDateEnding": "2012-12-31", "reportedCurrency": "USD", "grossProfit": "92336000", "totalRevenue": "211369000", "costOfRevenue": "119033000", "costofGoodsAndServicesSold": "119033000", "operatingIncome": "-35971000", "sellingGeneralAndAdministrative": "51240000", "researchAndDevelopment": "24359000", "operatingExpenses": "128307000", "investmentIncomeNet": "None", "netInterestIncome": "None", "interestIncome": "None", "interestExpense": "15794000", "nonInterestIncome": "None", "otherNonOperatingIncome": "-15684000", "depreciation": "None", "depreciationAndAmortization": "11030000", "incomeBeforeTax": "-51655000", "incomeTaxExpense": "212000", "interestAndDebtExpense": "None", "netIncomeFromContinuingOperations": "-51867000", "comprehensiveIncomeNetOfTax": "None", "ebit": "-35971000", "ebitda": "-24941000", "netIncome": "-51867000"}, {"fiscalDateEnding": "2011-12-31", "reportedCurrency": "USD", "grossProfit": "66712000", "totalRevenue": "152255000", "costOfRevenue": "85543000", "costofGoodsAndServicesSold": "85543000", "operatingIncome": "-42467000", "sellingGeneralAndAdministrative": "44083000", "researchAndDevelopment": "21863000", "operatingExpenses": "109179000", "investmentIncomeNet": "None", "netInterestIncome": "None", "interestIncome": "None", "interestExpense": "14715000", "nonInterestIncome": "None", "otherNonOperatingIncome": "-14576000", "depreciation": "None", "depreciationAndAmortization": "8503000", "incomeBeforeTax": "-57043000", "incomeTaxExpense": "127000", "interestAndDebtExpense": "None", "netIncomeFromContinuingOperations": "-45831000", "comprehensiveIncomeNetOfTax": "None", "ebit": "-36394000", "ebitda": "-27891000", "netIncome": "-57170000"}, {"fiscalDateEnding": "2010-12-31", "reportedCurrency": "USD", "grossProfit": "43726000", "totalRevenue": "96966000", "costOfRevenue": "53240000", "costofGoodsAndServicesSold": "53240000", "operatingIncome": "-38633000", "sellingGeneralAndAdministrative": "26667000", "researchAndDevelopment": "16566000", "operatingExpenses": "77928000", "investmentIncomeNet": "None", "netInterestIncome": "None", "interestIncome": "None", "interestExpense": "22694000", "nonInterestIncome": "None", "otherNonOperatingIncome": "None", "depreciation": "None", "depreciationAndAmortization": "5077000", "incomeBeforeTax": "-61159000", "incomeTaxExpense": "21880000", "interestAndDebtExpense": "None", "netIncomeFromContinuingOperations": "None", "comprehensiveIncomeNetOfTax": "None", "ebit": "-38465000", "ebitda": "-33388000", "netIncome": "-61159000"}, {"fiscalDateEnding": "2009-12-31", "reportedCurrency": "USD", "grossProfit": "18297000", "totalRevenue": "66032000", "costOfRevenue": "47735000", "costofGoodsAndServicesSold": "47735000", "operatingIncome": "-59359000", "sellingGeneralAndAdministrative": "26842000", "researchAndDevelopment": "13231000", "operatingExpenses": "77656000", "investmentIncomeNet": "None", "netInterestIncome": "None", "interestIncome": "None", "interestExpense": "20182000", "nonInterestIncome": "None", "otherNonOperatingIncome": "None", "depreciation": "None", "depreciationAndAmortization": "5222000", "incomeBeforeTax": "-79541000", "incomeTaxExpense": "-5222000", "interestAndDebtExpense": "None", "netIncomeFromContinuingOperations": "None", "comprehensiveIncomeNetOfTax": "None", "ebit": "-59359000", "ebitda": "-54137000", "netIncome": "-79541000"}, {"fiscalDateEnding": "2008-12-31", "reportedCurrency": "USD", "grossProfit": "-4584000", "totalRevenue": "36059000", "costOfRevenue": "40643000", "costofGoodsAndServicesSold": "40643000", "operatingIncome": "-89342000", "sellingGeneralAndAdministrative": "63484000", "researchAndDevelopment": "13104000", "operatingExpenses": "84758000", "investmentIncomeNet": "None", "netInterestIncome": "None", "interestIncome": "None", "interestExpense": "7224000", "nonInterestIncome": "None", "otherNonOperatingIncome": "None", "depreciation": "None", "depreciationAndAmortization": "6971000", "incomeBeforeTax": "-92791000", "incomeTaxExpense": "3449000", "interestAndDebtExpense": "None", "netIncomeFromContinuingOperations": "None", "comprehensiveIncomeNetOfTax": "None", "ebit": "-88143000", "ebitda": "-81172000", "netIncome": "-92791000"}, {"fiscalDateEnding": "2007-12-31", "reportedCurrency": "USD", "grossProfit": "-12361000", "totalRevenue": "13372000", "costOfRevenue": "25733000", "costofGoodsAndServicesSold": "25733000", "operatingIncome": "-53842000", "sellingGeneralAndAdministrative": "30063000", "researchAndDevelopment": "10391000", "operatingExpenses": "41481000", "investmentIncomeNet": "None", "netInterestIncome": "None", "interestIncome": "None", "interestExpense": "3160000", "nonInterestIncome": "None", "otherNonOperatingIncome": "None", "depreciation": "None", "depreciationAndAmortization": "4920000", "incomeBeforeTax": "-53539000", "incomeTaxExpense": "-303000", "interestAndDebtExpense": "None", "netIncomeFromContinuingOperations": "None", "comprehensiveIncomeNetOfTax": "None", "ebit": "-53842000", "ebitda": "-48922000", "netIncome": "-53539000"}, {"fiscalDateEnding": "2006-12-31", "reportedCurrency": "USD", "grossProfit": "-11997000", "totalRevenue": "3663000", "costOfRevenue": "15660000", "costofGoodsAndServicesSold": "15660000", "operatingIncome": "-34645000", "sellingGeneralAndAdministrative": "22648000", "researchAndDevelopment": "8094000", "operatingExpenses": "22648000", "investmentIncomeNet": "None", "netInterestIncome": "None", "interestIncome": "None", "interestExpense": "0", "nonInterestIncome": "None", "otherNonOperatingIncome": "None", "depreciation": "None", "depreciationAndAmortization": "2640000", "incomeBeforeTax": "-35490000", "incomeTaxExpense": "1305000", "interestAndDebtExpense": "None", "netIncomeFromContinuingOperations": "None", "comprehensiveIncomeNetOfTax": "None", "ebit": "-34645000", "ebitda": "-32005000", "netIncome": "-35950000"}, {"fiscalDateEnding": "2005-12-31", "reportedCurrency": "USD", "grossProfit": "-1480000", "totalRevenue": "50000", "costOfRevenue": "1530000", "costofGoodsAndServicesSold": "1530000", "operatingIncome": "-21505000", "sellingGeneralAndAdministrative": "20025000", "researchAndDevelopment": "10764000", "operatingExpenses": "20025000", "investmentIncomeNet": "None", "netInterestIncome": "None", "interestIncome": "None", "interestExpense": "0", "nonInterestIncome": "None", "otherNonOperatingIncome": "None", "depreciation": "None", "depreciationAndAmortization": "1236000", "incomeBeforeTax": "None", "incomeTaxExpense": "131000", "interestAndDebtExpense": "None", "netIncomeFromContinuingOperations": "None", "comprehensiveIncomeNetOfTax": "None", "ebit": "-21505000", "ebitda": "-20269000", "netIncome": "-21636000"}], "quarterlyReports": [{"fiscalDateEnding": "2024-12-31", "reportedCurrency": "USD", "grossProfit": "430900000", "totalRevenue": "597500000", "costOfRevenue": "166600000", "costofGoodsAndServicesSold": "166600000", "operatingIncome": "109300000", "sellingGeneralAndAdministrative": "261000000", "researchAndDevelopment": "60600000", "operatingExpenses": "321600000", "investmentIncomeNet": "None", "netInterestIncome": "1600000", "interestIncome": "10300000", "interestExpense": "8700000", "nonInterestIncome": "None", "otherNonOperatingIncome": "None", "depreciation": "None", "depreciationAndAmortization": "21500000", "incomeBeforeTax": "111300000", "incomeTaxExpense": "10600000", "interestAndDebtExpense": "None", "netIncomeFromContinuingOperations": "100700000", "comprehensiveIncomeNetOfTax": "None", "ebit": "120000000", "ebitda": "141500000", "netIncome": "100700000"}, {"fiscalDateEnding": "2024-09-30", "reportedCurrency": "USD", "grossProfit": "377100000", "totalRevenue": "372600000", "costOfRevenue": "-4500000", "costofGoodsAndServicesSold": "-4500000", "operatingIncome": "88100000", "sellingGeneralAndAdministrative": "234100000", "researchAndDevelopment": "54900000", "operatingExpenses": "289000000", "investmentIncomeNet": "None", "netInterestIncome": "-1800000", "interestIncome": "10500000", "interestExpense": "12300000", "nonInterestIncome": "None", "otherNonOperatingIncome": "None", "depreciation": "None", "depreciationAndAmortization": "21300000", "incomeBeforeTax": "82900000", "incomeTaxExpense": "5400000", "interestAndDebtExpense": "None", "netIncomeFromContinuingOperations": "77500000", "comprehensiveIncomeNetOfTax": "None", "ebit": "95200000", "ebitda": "116500000", "netIncome": "77500000"}, {"fiscalDateEnding": "2024-06-30", "reportedCurrency": "USD", "grossProfit": "334200000", "totalRevenue": "488500000", "costOfRevenue": "154300000", "costofGoodsAndServicesSold": "154300000", "operatingIncome": "54600000", "sellingGeneralAndAdministrative": "222400000", "researchAndDevelopment": "53900000", "operatingExpenses": "279600000", "investmentIncomeNet": "None", "netInterestIncome": "-1700000", "interestIncome": "9300000", "interestExpense": "11000000", "nonInterestIncome": "None", "otherNonOperatingIncome": "None", "depreciation": "None", "depreciationAndAmortization": "19200000", "incomeBeforeTax": "51100000", "incomeTaxExpense": "-137500000", "interestAndDebtExpense": "None", "netIncomeFromContinuingOperations": "188600000", "comprehensiveIncomeNetOfTax": "None", "ebit": "62100000", "ebitda": "81300000", "netIncome": "188600000"}, {"fiscalDateEnding": "2024-03-31", "reportedCurrency": "USD", "grossProfit": "309900000", "totalRevenue": "441700000", "costOfRevenue": "131800000", "costofGoodsAndServicesSold": "131800000", "operatingIncome": "56900000", "sellingGeneralAndAdministrative": "199700000", "researchAndDevelopment": "50200000", "operatingExpenses": "253000000", "investmentIncomeNet": "None", "netInterestIncome": "-1300000", "interestIncome": "9400000", "interestExpense": "10700000", "nonInterestIncome": "None", "otherNonOperatingIncome": "None", "depreciation": "None", "depreciationAndAmortization": "18800000", "incomeBeforeTax": "54900000", "incomeTaxExpense": "3400000", "interestAndDebtExpense": "None", "netIncomeFromContinuingOperations": "51500000", "comprehensiveIncomeNetOfTax": "None", "ebit": "85100000", "ebitda": "103900000", "netIncome": "51500000"}, {"fiscalDateEnding": "2023-12-31", "reportedCurrency": "USD", "grossProfit": "361200000", "totalRevenue": "509800000", "costOfRevenue": "148600000", "costofGoodsAndServicesSold": "148600000", "operatingIncome": "123800000", "sellingGeneralAndAdministrative": "212800000", "researchAndDevelopment": "42000000", "operatingExpenses": "254800000", "investmentIncomeNet": "None", "netInterestIncome": "-500000", "interestIncome": "6200000", "interestExpense": "6700000", "nonInterestIncome": "None", "otherNonOperatingIncome": "None", "depreciation": "None", "depreciationAndAmortization": "18800000", "incomeBeforeTax": "107800000", "incomeTaxExpense": "-12100000", "interestAndDebtExpense": "None", "netIncomeFromContinuingOperations": "103300000", "comprehensiveIncomeNetOfTax": "None", "ebit": "108300000", "ebitda": "127100000", "netIncome": "103300000"}, {"fiscalDateEnding": "2023-09-30", "reportedCurrency": "USD", "grossProfit": "293300000", "totalRevenue": "432700000", "costOfRevenue": "139400000", "costofGoodsAndServicesSold": "139400000", "operatingIncome": "54800000", "sellingGeneralAndAdministrative": "180700000", "researchAndDevelopment": "57800000", "operatingExpenses": "238500000", "investmentIncomeNet": "None", "netInterestIncome": "-1800000", "interestIncome": "8600000", "interestExpense": "1800000", "nonInterestIncome": "None", "otherNonOperatingIncome": "None", "depreciation": "None", "depreciationAndAmortization": "18700000", "incomeBeforeTax": "53700000", "incomeTaxExpense": "1800000", "interestAndDebtExpense": "None", "netIncomeFromContinuingOperations": "51900000", "comprehensiveIncomeNetOfTax": "None", "ebit": "64100000", "ebitda": "82800000", "netIncome": "51900000"}, {"fiscalDateEnding": "2023-06-30", "reportedCurrency": "USD", "grossProfit": "264900000", "totalRevenue": "396500000", "costOfRevenue": "131600000", "costofGoodsAndServicesSold": "131600000", "operatingIncome": "31100000", "sellingGeneralAndAdministrative": "178700000", "researchAndDevelopment": "55100000", "operatingExpenses": "233800000", "investmentIncomeNet": "None", "netInterestIncome": "-2400000", "interestIncome": "7300000", "interestExpense": "2400000", "nonInterestIncome": "None", "otherNonOperatingIncome": "-200000", "depreciation": "None", "depreciationAndAmortization": "18100000", "incomeBeforeTax": "28500000", "incomeTaxExpense": "1200000", "interestAndDebtExpense": "None", "netIncomeFromContinuingOperations": "27300000", "comprehensiveIncomeNetOfTax": "None", "ebit": "38200000", "ebitda": "56300000", "netIncome": "27300000"}, {"fiscalDateEnding": "2023-03-31", "reportedCurrency": "USD", "grossProfit": "240500000", "totalRevenue": "358100000", "costOfRevenue": "117600000", "costofGoodsAndServicesSold": "117600000", "operatingIncome": "27700000", "sellingGeneralAndAdministrative": "162700000", "researchAndDevelopment": "50100000", "operatingExpenses": "212800000", "investmentIncomeNet": "None", "netInterestIncome": "-2900000", "interestIncome": "6500000", "interestExpense": "9400000", "nonInterestIncome": "None", "otherNonOperatingIncome": "-200000", "depreciation": "None", "depreciationAndAmortization": "17200000", "incomeBeforeTax": "24600000", "incomeTaxExpense": "800000", "interestAndDebtExpense": "None", "netIncomeFromContinuingOperations": "23800000", "comprehensiveIncomeNetOfTax": "None", "ebit": "34000000", "ebitda": "51200000", "netIncome": "23800000"}, {"fiscalDateEnding": "2022-12-31", "reportedCurrency": "USD", "grossProfit": "217300000", "totalRevenue": "369700000", "costOfRevenue": "152400000", "costofGoodsAndServicesSold": "152400000", "operatingIncome": "8800000", "sellingGeneralAndAdministrative": "144300000", "researchAndDevelopment": "49500000", "operatingExpenses": "193800000", "investmentIncomeNet": "None", "netInterestIncome": "-2700000", "interestIncome": "6500000", "interestExpense": "2700000", "nonInterestIncome": "None", "otherNonOperatingIncome": "1500000", "depreciation": "None", "depreciationAndAmortization": "16200000", "incomeBeforeTax": "22300000", "incomeTaxExpense": "5300000", "interestAndDebtExpense": "None", "netIncomeFromContinuingOperations": "17000000", "comprehensiveIncomeNetOfTax": "None", "ebit": "31500000", "ebitda": "47700000", "netIncome": "17000000"}, {"fiscalDateEnding": "2022-09-30", "reportedCurrency": "USD", "grossProfit": "188300000", "totalRevenue": "340800000", "costOfRevenue": "152500000", "costofGoodsAndServicesSold": "152500000", "operatingIncome": "-14800000", "sellingGeneralAndAdministrative": "140400000", "researchAndDevelopment": "45000000", "operatingExpenses": "185400000", "investmentIncomeNet": "None", "netInterestIncome": "-6800000", "interestIncome": "2400000", "interestExpense": "6800000", "nonInterestIncome": "None", "otherNonOperatingIncome": "-1800000", "depreciation": "None", "depreciationAndAmortization": "12400000", "incomeBeforeTax": "-5700000", "incomeTaxExpense": "-500000", "interestAndDebtExpense": "None", "netIncomeFromContinuingOperations": "-5200000", "comprehensiveIncomeNetOfTax": "None", "ebit": "3500000", "ebitda": "15900000", "netIncome": "-5200000"}, {"fiscalDateEnding": "2022-06-30", "reportedCurrency": "USD", "grossProfit": "190300000", "totalRevenue": "299400000", "costOfRevenue": "109100000", "costofGoodsAndServicesSold": "109100000", "operatingIncome": "-26700000", "sellingGeneralAndAdministrative": "174400000", "researchAndDevelopment": "42600000", "operatingExpenses": "217000000", "investmentIncomeNet": "None", "netInterestIncome": "-8300000", "interestIncome": "800000", "interestExpense": "8300000", "nonInterestIncome": "None", "otherNonOperatingIncome": "-1100000", "depreciation": "None", "depreciationAndAmortization": "17500000", "incomeBeforeTax": "-36100000", "incomeTaxExpense": "-1100000", "interestAndDebtExpense": "None", "netIncomeFromContinuingOperations": "-35000000", "comprehensiveIncomeNetOfTax": "None", "ebit": "-27000000", "ebitda": "-9500000", "netIncome": "-35000000"}, {"fiscalDateEnding": "2022-03-31", "reportedCurrency": "USD", "grossProfit": "209700000", "totalRevenue": "295400000", "costOfRevenue": "85700000", "costofGoodsAndServicesSold": "85700000", "operatingIncome": "22900000", "sellingGeneralAndAdministrative": "128700000", "researchAndDevelopment": "43100000", "operatingExpenses": "171800000", "investmentIncomeNet": "None", "netInterestIncome": "-8900000", "interestIncome": "100000", "interestExpense": "8900000", "nonInterestIncome": "None", "otherNonOperatingIncome": "300000", "depreciation": "None", "depreciationAndAmortization": "17100000", "incomeBeforeTax": "29300000", "incomeTaxExpense": "1500000", "interestAndDebtExpense": "None", "netIncomeFromContinuingOperations": "27800000", "comprehensiveIncomeNetOfTax": "None", "ebit": "38300000", "ebitda": "55400000", "netIncome": "27800000"}, {"fiscalDateEnding": "2021-12-31", "reportedCurrency": "USD", "grossProfit": "213200000", "totalRevenue": "307700000", "costOfRevenue": "94500000", "costofGoodsAndServicesSold": "94500000", "operatingIncome": "49700000", "sellingGeneralAndAdministrative": "121700000", "researchAndDevelopment": "41800000", "operatingExpenses": "163500000", "investmentIncomeNet": "None", "netInterestIncome": "-15100000", "interestIncome": "0", "interestExpense": "15100000", "nonInterestIncome": "None", "otherNonOperatingIncome": "-1200000", "depreciation": "None", "depreciationAndAmortization": "14900000", "incomeBeforeTax": "33400000", "incomeTaxExpense": "4200000", "interestAndDebtExpense": "None", "netIncomeFromContinuingOperations": "29200000", "comprehensiveIncomeNetOfTax": "None", "ebit": "48500000", "ebitda": "63400000", "netIncome": "29200000"}, {"fiscalDateEnding": "2021-09-30", "reportedCurrency": "USD", "grossProfit": "188700000", "totalRevenue": "275600000", "costOfRevenue": "86900000", "costofGoodsAndServicesSold": "86900000", "operatingIncome": "33700000", "sellingGeneralAndAdministrative": "117500000", "researchAndDevelopment": "37500000", "operatingExpenses": "155000000", "investmentIncomeNet": "None", "netInterestIncome": "-16300000", "interestIncome": "100000", "interestExpense": "16300000", "nonInterestIncome": "None", "otherNonOperatingIncome": "-2200000", "depreciation": "None", "depreciationAndAmortization": "14500000", "incomeBeforeTax": "15200000", "incomeTaxExpense": "2600000", "interestAndDebtExpense": "None", "netIncomeFromContinuingOperations": "12600000", "comprehensiveIncomeNetOfTax": "None", "ebit": "31600000", "ebitda": "46100000", "netIncome": "12600000"}, {"fiscalDateEnding": "2021-06-30", "reportedCurrency": "USD", "grossProfit": "182700000", "totalRevenue": "263200000", "costOfRevenue": "80500000", "costofGoodsAndServicesSold": "80500000", "operatingIncome": "26300000", "sellingGeneralAndAdministrative": "116300000", "researchAndDevelopment": "40100000", "operatingExpenses": "156400000", "investmentIncomeNet": "None", "netInterestIncome": "-16400000", "interestIncome": "200000", "interestExpense": "16400000", "nonInterestIncome": "None", "otherNonOperatingIncome": "-38300000", "depreciation": "None", "depreciationAndAmortization": "15200000", "incomeBeforeTax": "-28400000", "incomeTaxExpense": "-3400000", "interestAndDebtExpense": "None", "netIncomeFromContinuingOperations": "-25000000", "comprehensiveIncomeNetOfTax": "None", "ebit": "-11800000", "ebitda": "3400000", "netIncome": "-25000000"}, {"fiscalDateEnding": "2021-03-31", "reportedCurrency": "USD", "grossProfit": "167500000", "totalRevenue": "252300000", "costOfRevenue": "84800000", "costofGoodsAndServicesSold": "84800000", "operatingIncome": "16300000", "sellingGeneralAndAdministrative": "110500000", "researchAndDevelopment": "40700000", "operatingExpenses": "151200000", "investmentIncomeNet": "None", "netInterestIncome": "-13400000", "interestIncome": "200000", "interestExpense": "13400000", "nonInterestIncome": "None", "otherNonOperatingIncome": "-2600000", "depreciation": "None", "depreciationAndAmortization": "12800000", "incomeBeforeTax": "300000", "incomeTaxExpense": "300000", "interestAndDebtExpense": "None", "netIncomeFromContinuingOperations": "0", "comprehensiveIncomeNetOfTax": "None", "ebit": "13900000", "ebitda": "26700000", "netIncome": "600000"}, {"fiscalDateEnding": "2020-12-31", "reportedCurrency": "USD", "grossProfit": "161100000", "totalRevenue": "246100000", "costOfRevenue": "85000000", "costofGoodsAndServicesSold": "85000000", "operatingIncome": "-7300000", "sellingGeneralAndAdministrative": "130100000", "researchAndDevelopment": "38300000", "operatingExpenses": "168400000", "investmentIncomeNet": "None", "netInterestIncome": "-12500000", "interestIncome": "300000", "interestExpense": "12500000", "nonInterestIncome": "None", "otherNonOperatingIncome": "1300000", "depreciation": "None", "depreciationAndAmortization": "25700000", "incomeBeforeTax": "-18500000", "incomeTaxExpense": "-1400000", "interestAndDebtExpense": "None", "netIncomeFromContinuingOperations": "-17100000", "comprehensiveIncomeNetOfTax": "None", "ebit": "-5700000", "ebitda": "20000000", "netIncome": "-17100000"}, {"fiscalDateEnding": "2020-09-30", "reportedCurrency": "USD", "grossProfit": "151800000", "totalRevenue": "234000000", "costOfRevenue": "82200000", "costofGoodsAndServicesSold": "82200000", "operatingIncome": "23800000", "sellingGeneralAndAdministrative": "89200000", "researchAndDevelopment": "38800000", "operatingExpenses": "128000000", "investmentIncomeNet": "None", "netInterestIncome": "-11400000", "interestIncome": "500000", "interestExpense": "11400000", "nonInterestIncome": "None", "otherNonOperatingIncome": "1000000", "depreciation": "None", "depreciationAndAmortization": "10900000", "incomeBeforeTax": "13400000", "incomeTaxExpense": "1800000", "interestAndDebtExpense": "None", "netIncomeFromContinuingOperations": "11600000", "comprehensiveIncomeNetOfTax": "None", "ebit": "25300000", "ebitda": "36200000", "netIncome": "11600000"}, {"fiscalDateEnding": "2020-06-30", "reportedCurrency": "USD", "grossProfit": "142500000", "totalRevenue": "226300000", "costOfRevenue": "83800000", "costofGoodsAndServicesSold": "83800000", "operatingIncome": "27500000", "sellingGeneralAndAdministrative": "80800000", "researchAndDevelopment": "34200000", "operatingExpenses": "115000000", "investmentIncomeNet": "None", "netInterestIncome": "-11100000", "interestIncome": "700000", "interestExpense": "11100000", "nonInterestIncome": "None", "otherNonOperatingIncome": "1000000", "depreciation": "None", "depreciationAndAmortization": "9900000", "incomeBeforeTax": "17400000", "incomeTaxExpense": "3000000", "interestAndDebtExpense": "None", "netIncomeFromContinuingOperations": "14400000", "comprehensiveIncomeNetOfTax": "None", "ebit": "29200000", "ebitda": "39100000", "netIncome": "14400000"}, {"fiscalDateEnding": "2020-03-31", "reportedCurrency": "USD", "grossProfit": "126900000", "totalRevenue": "198000000", "costOfRevenue": "71100000", "costofGoodsAndServicesSold": "71100000", "operatingIncome": "7500000", "sellingGeneralAndAdministrative": "83900000", "researchAndDevelopment": "35500000", "operatingExpenses": "119400000", "investmentIncomeNet": "None", "netInterestIncome": "-10100000", "interestIncome": "1500000", "interestExpense": "10100000", "nonInterestIncome": "None", "otherNonOperatingIncome": "None", "depreciation": "None", "depreciationAndAmortization": "8900000", "incomeBeforeTax": "-2600000", "incomeTaxExpense": "-500000", "interestAndDebtExpense": "None", "netIncomeFromContinuingOperations": "-2100000", "comprehensiveIncomeNetOfTax": "None", "ebit": "9000000", "ebitda": "17900000", "netIncome": "-2100000"}, {"fiscalDateEnding": "2019-12-31", "reportedCurrency": "USD", "grossProfit": "134100000", "totalRevenue": "209400000", "costOfRevenue": "75300000", "costofGoodsAndServicesSold": "75300000", "operatingIncome": "18200000", "sellingGeneralAndAdministrative": "32900000", "researchAndDevelopment": "34700000", "operatingExpenses": "115900000", "investmentIncomeNet": "None", "netInterestIncome": "-3173000", "interestIncome": "9097000", "interestExpense": "9100000", "nonInterestIncome": "None", "otherNonOperatingIncome": "-373000", "depreciation": "None", "depreciationAndAmortization": "9116000", "incomeBeforeTax": "6800000", "incomeTaxExpense": "1800000", "interestAndDebtExpense": "None", "netIncomeFromContinuingOperations": "4316000", "comprehensiveIncomeNetOfTax": "None", "ebit": "17773000", "ebitda": "26889000", "netIncome": "4968000"}, {"fiscalDateEnding": "2019-09-30", "reportedCurrency": "USD", "grossProfit": "123080000", "totalRevenue": "192115000", "costOfRevenue": "69035000", "costofGoodsAndServicesSold": "69035000", "operatingIncome": "17004000", "sellingGeneralAndAdministrative": "27548000", "researchAndDevelopment": "30779000", "operatingExpenses": "106076000", "investmentIncomeNet": "None", "netInterestIncome": "-9370000", "interestIncome": "9423000", "interestExpense": "9423000", "nonInterestIncome": "None", "otherNonOperatingIncome": "-6504000", "depreciation": "None", "depreciationAndAmortization": "7800000", "incomeBeforeTax": "1130000", "incomeTaxExpense": "278000", "interestAndDebtExpense": "None", "netIncomeFromContinuingOperations": "852000", "comprehensiveIncomeNetOfTax": "None", "ebit": "9800000", "ebitda": "17600000", "netIncome": "800000"}, {"fiscalDateEnding": "2019-06-30", "reportedCurrency": "USD", "grossProfit": "116418000", "totalRevenue": "177136000", "costOfRevenue": "60718000", "costofGoodsAndServicesSold": "60718000", "operatingIncome": "7603000", "sellingGeneralAndAdministrative": "29150000", "researchAndDevelopment": "32264000", "operatingExpenses": "108815000", "investmentIncomeNet": "None", "netInterestIncome": "-7642000", "interestIncome": "5719000", "interestExpense": "5719000", "nonInterestIncome": "None", "otherNonOperatingIncome": "1923000", "depreciation": "None", "depreciationAndAmortization": "5900000", "incomeBeforeTax": "1884000", "incomeTaxExpense": "482000", "interestAndDebtExpense": "None", "netIncomeFromContinuingOperations": "1402000", "comprehensiveIncomeNetOfTax": "None", "ebit": "9517000", "ebitda": "15417000", "netIncome": "1400000"}, {"fiscalDateEnding": "2019-03-31", "reportedCurrency": "USD", "grossProfit": "106696000", "totalRevenue": "159555000", "costOfRevenue": "52859000", "costofGoodsAndServicesSold": "52859000", "operatingIncome": "7265000", "sellingGeneralAndAdministrative": "25861000", "researchAndDevelopment": "31954000", "operatingExpenses": "99431000", "investmentIncomeNet": "None", "netInterestIncome": "-6615000", "interestIncome": "2561000", "interestExpense": "6615000", "nonInterestIncome": "None", "otherNonOperatingIncome": "4054000", "depreciation": "None", "depreciationAndAmortization": "5100000", "incomeBeforeTax": "4704000", "incomeTaxExpense": "326000", "interestAndDebtExpense": "None", "netIncomeFromContinuingOperations": "5030000", "comprehensiveIncomeNetOfTax": "None", "ebit": "11354000", "ebitda": "16454000", "netIncome": "4400000"}, {"fiscalDateEnding": "2018-12-31", "reportedCurrency": "USD", "grossProfit": "110312000", "totalRevenue": "164907000", "costOfRevenue": "54595000", "costofGoodsAndServicesSold": "54595000", "operatingIncome": "16233000", "sellingGeneralAndAdministrative": "25904000", "researchAndDevelopment": "28514000", "operatingExpenses": "94079000", "investmentIncomeNet": "None", "netInterestIncome": "None", "interestIncome": "None", "interestExpense": "5345000", "nonInterestIncome": "None", "otherNonOperatingIncome": "1503000", "depreciation": "None", "depreciationAndAmortization": "4392000", "incomeBeforeTax": "10888000", "incomeTaxExpense": "995000", "interestAndDebtExpense": "None", "netIncomeFromContinuingOperations": "8060000", "comprehensiveIncomeNetOfTax": "None", "ebit": "17736000", "ebitda": "22128000", "netIncome": "9893000"}, {"fiscalDateEnding": "2018-09-30", "reportedCurrency": "USD", "grossProfit": "101969000", "totalRevenue": "151076000", "costOfRevenue": "49107000", "costofGoodsAndServicesSold": "49107000", "operatingIncome": "6865000", "sellingGeneralAndAdministrative": "38420000", "researchAndDevelopment": "21762000", "operatingExpenses": "95104000", "investmentIncomeNet": "None", "netInterestIncome": "None", "interestIncome": "None", "interestExpense": "6846000", "nonInterestIncome": "None", "otherNonOperatingIncome": "1834000", "depreciation": "None", "depreciationAndAmortization": "4123000", "incomeBeforeTax": "1853000", "incomeTaxExpense": "194000", "interestAndDebtExpense": "None", "netIncomeFromContinuingOperations": "2047000", "comprehensiveIncomeNetOfTax": "None", "ebit": "8699000", "ebitda": "12822000", "netIncome": "1659000"}, {"fiscalDateEnding": "2018-06-30", "reportedCurrency": "USD", "grossProfit": "82072000", "totalRevenue": "124262000", "costOfRevenue": "42190000", "costofGoodsAndServicesSold": "42190000", "operatingIncome": "4325000", "sellingGeneralAndAdministrative": "23724000", "researchAndDevelopment": "18418000", "operatingExpenses": "77747000", "investmentIncomeNet": "None", "netInterestIncome": "None", "interestIncome": "None", "interestExpense": "7290000", "nonInterestIncome": "None", "otherNonOperatingIncome": "1686000", "depreciation": "None", "depreciationAndAmortization": "3609000", "incomeBeforeTax": "-1279000", "incomeTaxExpense": "412000", "interestAndDebtExpense": "None", "netIncomeFromContinuingOperations": "-879000", "comprehensiveIncomeNetOfTax": "None", "ebit": "6011000", "ebitda": "9620000", "netIncome": "-1691000"}, {"fiscalDateEnding": "2018-03-31", "reportedCurrency": "USD", "grossProfit": "75815000", "totalRevenue": "123578000", "costOfRevenue": "47763000", "costofGoodsAndServicesSold": "47763000", "operatingIncome": "1682000", "sellingGeneralAndAdministrative": "23770000", "researchAndDevelopment": "19912000", "operatingExpenses": "75815000", "investmentIncomeNet": "None", "netInterestIncome": "None", "interestIncome": "None", "interestExpense": "7918000", "nonInterestIncome": "None", "otherNonOperatingIncome": "1682000", "depreciation": "None", "depreciationAndAmortization": "3522000", "incomeBeforeTax": "-6236000", "incomeTaxExpense": "333000", "interestAndDebtExpense": "None", "netIncomeFromContinuingOperations": "-5936000", "comprehensiveIncomeNetOfTax": "None", "ebit": "1681999", "ebitda": "5203999", "netIncome": "-6569000"}, {"fiscalDateEnding": "2017-12-31", "reportedCurrency": "USD", "grossProfit": "79508000", "totalRevenue": "130524000", "costOfRevenue": "51016000", "costofGoodsAndServicesSold": "51016000", "operatingIncome": "-768000", "sellingGeneralAndAdministrative": "26165000", "researchAndDevelopment": "18782000", "operatingExpenses": "80276000", "investmentIncomeNet": "None", "netInterestIncome": "None", "interestIncome": "None", "interestExpense": "6153000", "nonInterestIncome": "None", "otherNonOperatingIncome": "546000", "depreciation": "None", "depreciationAndAmortization": "3321000", "incomeBeforeTax": "-6921000", "incomeTaxExpense": "-61000", "interestAndDebtExpense": "None", "netIncomeFromContinuingOperations": "-6860000", "comprehensiveIncomeNetOfTax": "None", "ebit": "-222000", "ebitda": "3099000", "netIncome": "-6860000"}, {"fiscalDateEnding": "2017-09-30", "reportedCurrency": "USD", "grossProfit": "73624000", "totalRevenue": "121775000", "costOfRevenue": "48151000", "costofGoodsAndServicesSold": "48151000", "operatingIncome": "2047000", "sellingGeneralAndAdministrative": "22718000", "researchAndDevelopment": "20141000", "operatingExpenses": "71577000", "investmentIncomeNet": "None", "netInterestIncome": "None", "interestIncome": "None", "interestExpense": "4153000", "nonInterestIncome": "None", "otherNonOperatingIncome": "556000", "depreciation": "None", "depreciationAndAmortization": "3826000", "incomeBeforeTax": "-2106000", "incomeTaxExpense": "121000", "interestAndDebtExpense": "None", "netIncomeFromContinuingOperations": "-2227000", "comprehensiveIncomeNetOfTax": "None", "ebit": "2603000", "ebitda": "6429000", "netIncome": "-2227000"}, {"fiscalDateEnding": "2017-06-30", "reportedCurrency": "USD", "grossProfit": "64639000", "totalRevenue": "109756000", "costOfRevenue": "45117000", "costofGoodsAndServicesSold": "45117000", "operatingIncome": "-3358000", "sellingGeneralAndAdministrative": "20493000", "researchAndDevelopment": "18029000", "operatingExpenses": "67997000", "investmentIncomeNet": "None", "netInterestIncome": "None", "interestIncome": "None", "interestExpense": "4308000", "nonInterestIncome": "None", "otherNonOperatingIncome": "488000", "depreciation": "None", "depreciationAndAmortization": "3384000", "incomeBeforeTax": "-7666000", "incomeTaxExpense": "101000", "interestAndDebtExpense": "None", "netIncomeFromContinuingOperations": "-7767000", "comprehensiveIncomeNetOfTax": "None", "ebit": "-2870000", "ebitda": "514000", "netIncome": "-7767000"}, {"fiscalDateEnding": "2017-03-31", "reportedCurrency": "USD", "grossProfit": "59398000", "totalRevenue": "101713000", "costOfRevenue": "42315000", "costofGoodsAndServicesSold": "42315000", "operatingIncome": "-5308000", "sellingGeneralAndAdministrative": "19111000", "researchAndDevelopment": "17500000", "operatingExpenses": "64706000", "investmentIncomeNet": "None", "netInterestIncome": "None", "interestIncome": "None", "interestExpense": "5007000", "nonInterestIncome": "None", "otherNonOperatingIncome": "434000", "depreciation": "None", "depreciationAndAmortization": "3323000", "incomeBeforeTax": "-9881000", "incomeTaxExpense": "96000", "interestAndDebtExpense": "None", "netIncomeFromContinuingOperations": "-9977000", "comprehensiveIncomeNetOfTax": "None", "ebit": "-4874000", "ebitda": "-1551000", "netIncome": "-9977000"}, {"fiscalDateEnding": "2016-12-31", "reportedCurrency": "USD", "grossProfit": "60937000", "totalRevenue": "103575000", "costOfRevenue": "42638000", "costofGoodsAndServicesSold": "42638000", "operatingIncome": "-4135000", "sellingGeneralAndAdministrative": "23674000", "researchAndDevelopment": "16034000", "operatingExpenses": "65072000", "investmentIncomeNet": "None", "netInterestIncome": "None", "interestIncome": "None", "interestExpense": "5136000", "nonInterestIncome": "None", "otherNonOperatingIncome": "315000", "depreciation": "None", "depreciationAndAmortization": "3359000", "incomeBeforeTax": "-8956000", "incomeTaxExpense": "197000", "interestAndDebtExpense": "None", "netIncomeFromContinuingOperations": "-9153000", "comprehensiveIncomeNetOfTax": "None", "ebit": "-3853000", "ebitda": "-494000", "netIncome": "-9119000"}, {"fiscalDateEnding": "2016-09-30", "reportedCurrency": "USD", "grossProfit": "55641000", "totalRevenue": "94871000", "costOfRevenue": "39230000", "costofGoodsAndServicesSold": "39230000", "operatingIncome": "2418000", "sellingGeneralAndAdministrative": "17342000", "researchAndDevelopment": "13734000", "operatingExpenses": "53223000", "investmentIncomeNet": "None", "netInterestIncome": "None", "interestIncome": "None", "interestExpense": "3029000", "nonInterestIncome": "None", "otherNonOperatingIncome": "-2340000", "depreciation": "None", "depreciationAndAmortization": "3629000", "incomeBeforeTax": "-2951000", "incomeTaxExpense": "66000", "interestAndDebtExpense": "None", "netIncomeFromContinuingOperations": "-3017000", "comprehensiveIncomeNetOfTax": "None", "ebit": "78000", "ebitda": "3707000", "netIncome": "-3081000"}, {"fiscalDateEnding": "2016-06-30", "reportedCurrency": "USD", "grossProfit": "50457000", "totalRevenue": "87330000", "costOfRevenue": "36873000", "costofGoodsAndServicesSold": "36873000", "operatingIncome": "-1288000", "sellingGeneralAndAdministrative": "15842000", "researchAndDevelopment": "12953000", "operatingExpenses": "51745000", "investmentIncomeNet": "None", "netInterestIncome": "None", "interestIncome": "None", "interestExpense": "3127000", "nonInterestIncome": "None", "otherNonOperatingIncome": "129000", "depreciation": "None", "depreciationAndAmortization": "3423000", "incomeBeforeTax": "-4286000", "incomeTaxExpense": "65000", "interestAndDebtExpense": "None", "netIncomeFromContinuingOperations": "-4351000", "comprehensiveIncomeNetOfTax": "None", "ebit": "-1288000", "ebitda": "2135000", "netIncome": "-4198000"}, {"fiscalDateEnding": "2016-03-31", "reportedCurrency": "USD", "grossProfit": "44051000", "totalRevenue": "81213000", "costOfRevenue": "37162000", "costofGoodsAndServicesSold": "37162000", "operatingIncome": "-7699000", "sellingGeneralAndAdministrative": "14739000", "researchAndDevelopment": "12989000", "operatingExpenses": "51750000", "investmentIncomeNet": "None", "netInterestIncome": "None", "interestIncome": "None", "interestExpense": "3096000", "nonInterestIncome": "None", "otherNonOperatingIncome": "170000", "depreciation": "None", "depreciationAndAmortization": "3422000", "incomeBeforeTax": "-10625000", "incomeTaxExpense": "64000", "interestAndDebtExpense": "None", "netIncomeFromContinuingOperations": "-10689000", "comprehensiveIncomeNetOfTax": "None", "ebit": "-7699000", "ebitda": "-4277000", "netIncome": "-12481000"}, {"fiscalDateEnding": "2015-12-31", "reportedCurrency": "USD", "grossProfit": "45321000", "totalRevenue": "100119000", "costOfRevenue": "54798000", "costofGoodsAndServicesSold": "54798000", "operatingIncome": "-24040000", "sellingGeneralAndAdministrative": "31518000", "researchAndDevelopment": "12897000", "operatingExpenses": "69361000", "investmentIncomeNet": "None", "netInterestIncome": "None", "interestIncome": "None", "interestExpense": "3145000", "nonInterestIncome": "None", "otherNonOperatingIncome": "-2000", "depreciation": "None", "depreciationAndAmortization": "4432000", "incomeBeforeTax": "-27187000", "incomeTaxExpense": "140000", "interestAndDebtExpense": "None", "netIncomeFromContinuingOperations": "-27327000", "comprehensiveIncomeNetOfTax": "None", "ebit": "-28474000", "ebitda": "-24042000", "netIncome": "-27327000"}, {"fiscalDateEnding": "2015-09-30", "reportedCurrency": "USD", "grossProfit": "35651000", "totalRevenue": "87303000", "costOfRevenue": "51652000", "costofGoodsAndServicesSold": "51652000", "operatingIncome": "-15734000", "sellingGeneralAndAdministrative": "17156000", "researchAndDevelopment": "10035000", "operatingExpenses": "51385000", "investmentIncomeNet": "None", "netInterestIncome": "None", "interestIncome": "None", "interestExpense": "3167000", "nonInterestIncome": "None", "otherNonOperatingIncome": "36000", "depreciation": "None", "depreciationAndAmortization": "4292000", "incomeBeforeTax": "-18865000", "incomeTaxExpense": "62000", "interestAndDebtExpense": "None", "netIncomeFromContinuingOperations": "-18927000", "comprehensiveIncomeNetOfTax": "None", "ebit": "-14774000", "ebitda": "-10482000", "netIncome": "-18927000"}, {"fiscalDateEnding": "2015-06-30", "reportedCurrency": "USD", "grossProfit": "34375000", "totalRevenue": "75588000", "costOfRevenue": "41213000", "costofGoodsAndServicesSold": "41213000", "operatingIncome": "-12361000", "sellingGeneralAndAdministrative": "12856000", "researchAndDevelopment": "12069000", "operatingExpenses": "46736000", "investmentIncomeNet": "None", "netInterestIncome": "None", "interestIncome": "None", "interestExpense": "3075000", "nonInterestIncome": "None", "otherNonOperatingIncome": "41000", "depreciation": "None", "depreciationAndAmortization": "3681000", "incomeBeforeTax": "-15395000", "incomeTaxExpense": "37000", "interestAndDebtExpense": "None", "netIncomeFromContinuingOperations": "-15432000", "comprehensiveIncomeNetOfTax": "None", "ebit": "-14059000", "ebitda": "-10378000", "netIncome": "-15432000"}, {"fiscalDateEnding": "2015-03-31", "reportedCurrency": "USD", "grossProfit": "32807000", "totalRevenue": "61215000", "costOfRevenue": "28408000", "costofGoodsAndServicesSold": "28408000", "operatingIncome": "-8630000", "sellingGeneralAndAdministrative": "15829000", "researchAndDevelopment": "8207000", "operatingExpenses": "41437000", "investmentIncomeNet": "None", "netInterestIncome": "None", "interestIncome": "None", "interestExpense": "3193000", "nonInterestIncome": "None", "otherNonOperatingIncome": "41000", "depreciation": "None", "depreciationAndAmortization": "3433000", "incomeBeforeTax": "-11782000", "incomeTaxExpense": "52000", "interestAndDebtExpense": "None", "netIncomeFromContinuingOperations": "-11834000", "comprehensiveIncomeNetOfTax": "None", "ebit": "-7266000", "ebitda": "-3833000", "netIncome": "-11834000"}, {"fiscalDateEnding": "2014-12-31", "reportedCurrency": "USD", "grossProfit": "36673000", "totalRevenue": "72561000", "costOfRevenue": "35888000", "costofGoodsAndServicesSold": "35888000", "operatingIncome": "-2255000", "sellingGeneralAndAdministrative": "14180000", "researchAndDevelopment": "7286000", "operatingExpenses": "38928000", "investmentIncomeNet": "None", "netInterestIncome": "None", "interestIncome": "None", "interestExpense": "3180000", "nonInterestIncome": "None", "otherNonOperatingIncome": "4528000", "depreciation": "None", "depreciationAndAmortization": "3055000", "incomeBeforeTax": "-5396000", "incomeTaxExpense": "4000", "interestAndDebtExpense": "None", "netIncomeFromContinuingOperations": "-5400000", "comprehensiveIncomeNetOfTax": "None", "ebit": "-2255000", "ebitda": "800000", "netIncome": "-5400000"}, {"fiscalDateEnding": "2014-09-30", "reportedCurrency": "USD", "grossProfit": "38042000", "totalRevenue": "74985000", "costOfRevenue": "36943000", "costofGoodsAndServicesSold": "36943000", "operatingIncome": "-2876000", "sellingGeneralAndAdministrative": "18890000", "researchAndDevelopment": "7158000", "operatingExpenses": "40918000", "investmentIncomeNet": "None", "netInterestIncome": "None", "interestIncome": "None", "interestExpense": "3043000", "nonInterestIncome": "None", "otherNonOperatingIncome": "-4905000", "depreciation": "None", "depreciationAndAmortization": "3068000", "incomeBeforeTax": "-10824000", "incomeTaxExpense": "21000", "interestAndDebtExpense": "None", "netIncomeFromContinuingOperations": "-10845000", "comprehensiveIncomeNetOfTax": "None", "ebit": "-5944000", "ebitda": "-2876000", "netIncome": "-10845000"}, {"fiscalDateEnding": "2014-06-30", "reportedCurrency": "USD", "grossProfit": "35765000", "totalRevenue": "72013000", "costOfRevenue": "36248000", "costofGoodsAndServicesSold": "36248000", "operatingIncome": "-5280000", "sellingGeneralAndAdministrative": "19512000", "researchAndDevelopment": "6677000", "operatingExpenses": "41045000", "investmentIncomeNet": "None", "netInterestIncome": "None", "interestIncome": "None", "interestExpense": "3975000", "nonInterestIncome": "None", "otherNonOperatingIncome": "-19804000", "depreciation": "None", "depreciationAndAmortization": "3030000", "incomeBeforeTax": "-29059000", "incomeTaxExpense": "52000", "interestAndDebtExpense": "None", "netIncomeFromContinuingOperations": "-29111000", "comprehensiveIncomeNetOfTax": "None", "ebit": "-8310000", "ebitda": "-5280000", "netIncome": "-29111000"}, {"fiscalDateEnding": "2014-03-31", "reportedCurrency": "USD", "grossProfit": "32808000", "totalRevenue": "69161000", "costOfRevenue": "36353000", "costofGoodsAndServicesSold": "36353000", "operatingIncome": "-1886000", "sellingGeneralAndAdministrative": "14259000", "researchAndDevelopment": "6779000", "operatingExpenses": "34694000", "investmentIncomeNet": "None", "netInterestIncome": "None", "interestIncome": "None", "interestExpense": "4489000", "nonInterestIncome": "None", "otherNonOperatingIncome": "-4193000", "depreciation": "None", "depreciationAndAmortization": "3070000", "incomeBeforeTax": "-6079000", "incomeTaxExpense": "65000", "interestAndDebtExpense": "None", "netIncomeFromContinuingOperations": "-6144000", "comprehensiveIncomeNetOfTax": "None", "ebit": "-1590000", "ebitda": "1480000", "netIncome": "-6144000"}, {"fiscalDateEnding": "2013-12-31", "reportedCurrency": "USD", "grossProfit": "33018000", "totalRevenue": "68533000", "costOfRevenue": "35515000", "costofGoodsAndServicesSold": "35515000", "operatingIncome": "206000", "sellingGeneralAndAdministrative": "13552000", "researchAndDevelopment": "6424000", "operatingExpenses": "32812000", "investmentIncomeNet": "None", "netInterestIncome": "None", "interestIncome": "None", "interestExpense": "4244000", "nonInterestIncome": "None", "otherNonOperatingIncome": "-2860000", "depreciation": "None", "depreciationAndAmortization": "2947000", "incomeBeforeTax": "-2654000", "incomeTaxExpense": "-154000", "interestAndDebtExpense": "None", "netIncomeFromContinuingOperations": "-2500000", "comprehensiveIncomeNetOfTax": "None", "ebit": "1590000", "ebitda": "4537000", "netIncome": "-2500000"}, {"fiscalDateEnding": "2013-09-30", "reportedCurrency": "USD", "grossProfit": "27395000", "totalRevenue": "61103000", "costOfRevenue": "33708000", "costofGoodsAndServicesSold": "33708000", "operatingIncome": "-17313000", "sellingGeneralAndAdministrative": "23530000", "researchAndDevelopment": "5771000", "operatingExpenses": "44708000", "investmentIncomeNet": "None", "netInterestIncome": "None", "interestIncome": "None", "interestExpense": "3999000", "nonInterestIncome": "None", "otherNonOperatingIncome": "-3972000", "depreciation": "None", "depreciationAndAmortization": "3096000", "incomeBeforeTax": "-21285000", "incomeTaxExpense": "5000", "interestAndDebtExpense": "None", "netIncomeFromContinuingOperations": "-21290000", "comprehensiveIncomeNetOfTax": "None", "ebit": "-17286000", "ebitda": "-14190000", "netIncome": "-21290000"}, {"fiscalDateEnding": "2013-06-30", "reportedCurrency": "USD", "grossProfit": "26833000", "totalRevenue": "60092000", "costOfRevenue": "33259000", "costofGoodsAndServicesSold": "33259000", "operatingIncome": "-5822000", "sellingGeneralAndAdministrative": "13901000", "researchAndDevelopment": "5174000", "operatingExpenses": "32655000", "investmentIncomeNet": "None", "netInterestIncome": "None", "interestIncome": "None", "interestExpense": "4616000", "nonInterestIncome": "None", "otherNonOperatingIncome": "-4579000", "depreciation": "None", "depreciationAndAmortization": "2859000", "incomeBeforeTax": "-10401000", "incomeTaxExpense": "118000", "interestAndDebtExpense": "None", "netIncomeFromContinuingOperations": "-10519000", "comprehensiveIncomeNetOfTax": "None", "ebit": "-6110000", "ebitda": "-3251000", "netIncome": "-10519000"}, {"fiscalDateEnding": "2013-03-31", "reportedCurrency": "USD", "grossProfit": "25155000", "totalRevenue": "57356000", "costOfRevenue": "32201000", "costofGoodsAndServicesSold": "32201000", "operatingIncome": "-6206000", "sellingGeneralAndAdministrative": "13094000", "researchAndDevelopment": "4396000", "operatingExpenses": "31361000", "investmentIncomeNet": "None", "netInterestIncome": "None", "interestIncome": "None", "interestExpense": "4355000", "nonInterestIncome": "None", "otherNonOperatingIncome": "-4328000", "depreciation": "None", "depreciationAndAmortization": "2904000", "incomeBeforeTax": "-10534000", "incomeTaxExpense": "131000", "interestAndDebtExpense": "None", "netIncomeFromContinuingOperations": "-10665000", "comprehensiveIncomeNetOfTax": "None", "ebit": "-6179000", "ebitda": "-3275000", "netIncome": "-10665000"}, {"fiscalDateEnding": "2012-12-31", "reportedCurrency": "USD", "grossProfit": "25319000", "totalRevenue": "57829000", "costOfRevenue": "32510000", "costofGoodsAndServicesSold": "32510000", "operatingIncome": "-6086000", "sellingGeneralAndAdministrative": "12824000", "researchAndDevelopment": "5847000", "operatingExpenses": "31405000", "investmentIncomeNet": "None", "netInterestIncome": "None", "interestIncome": "None", "interestExpense": "4066000", "nonInterestIncome": "None", "otherNonOperatingIncome": "-4039000", "depreciation": "None", "depreciationAndAmortization": "2938000", "incomeBeforeTax": "-10125000", "incomeTaxExpense": "69000", "interestAndDebtExpense": "None", "netIncomeFromContinuingOperations": "-10194000", "comprehensiveIncomeNetOfTax": "None", "ebit": "-6086000", "ebitda": "-3148000", "netIncome": "-10194000"}, {"fiscalDateEnding": "2012-09-30", "reportedCurrency": "USD", "grossProfit": "24390000", "totalRevenue": "54752000", "costOfRevenue": "30362000", "costofGoodsAndServicesSold": "30362000", "operatingIncome": "-8471000", "sellingGeneralAndAdministrative": "12731000", "researchAndDevelopment": "6559000", "operatingExpenses": "32861000", "investmentIncomeNet": "None", "netInterestIncome": "None", "interestIncome": "None", "interestExpense": "3949000", "nonInterestIncome": "None", "otherNonOperatingIncome": "-3918000", "depreciation": "None", "depreciationAndAmortization": "2594000", "incomeBeforeTax": "-12389000", "incomeTaxExpense": "28000", "interestAndDebtExpense": "None", "netIncomeFromContinuingOperations": "-12417000", "comprehensiveIncomeNetOfTax": "None", "ebit": "-8440000", "ebitda": "-5846000", "netIncome": "-12417000"}, {"fiscalDateEnding": "2012-06-30", "reportedCurrency": "USD", "grossProfit": "22331000", "totalRevenue": "51035000", "costOfRevenue": "28704000", "costofGoodsAndServicesSold": "28704000", "operatingIncome": "-10519000", "sellingGeneralAndAdministrative": "12665000", "researchAndDevelopment": "6521000", "operatingExpenses": "32850000", "investmentIncomeNet": "None", "netInterestIncome": "None", "interestIncome": "None", "interestExpense": "3912000", "nonInterestIncome": "None", "otherNonOperatingIncome": "-3888000", "depreciation": "None", "depreciationAndAmortization": "2654000", "incomeBeforeTax": "-14407000", "incomeTaxExpense": "69000", "interestAndDebtExpense": "None", "netIncomeFromContinuingOperations": "-14476000", "comprehensiveIncomeNetOfTax": "None", "ebit": "-10495000", "ebitda": "-7841000", "netIncome": "-14476000"}, {"fiscalDateEnding": "2012-03-31", "reportedCurrency": "USD", "grossProfit": "20296000", "totalRevenue": "47754000", "costOfRevenue": "27458000", "costofGoodsAndServicesSold": "27458000", "operatingIncome": "-10895000", "sellingGeneralAndAdministrative": "13020000", "researchAndDevelopment": "5432000", "operatingExpenses": "31191000", "investmentIncomeNet": "None", "netInterestIncome": "None", "interestIncome": "None", "interestExpense": "3867000", "nonInterestIncome": "None", "otherNonOperatingIncome": "-3839000", "depreciation": "None", "depreciationAndAmortization": "2844000", "incomeBeforeTax": "-14734000", "incomeTaxExpense": "46000", "interestAndDebtExpense": "None", "netIncomeFromContinuingOperations": "-14780000", "comprehensiveIncomeNetOfTax": "None", "ebit": "-10867000", "ebitda": "-8023000", "netIncome": "-14780000"}, {"fiscalDateEnding": "2011-12-31", "reportedCurrency": "USD", "grossProfit": "20080000", "totalRevenue": "47192000", "costOfRevenue": "27112000", "costofGoodsAndServicesSold": "27112000", "operatingIncome": "-10512000", "sellingGeneralAndAdministrative": "12498000", "researchAndDevelopment": "5804000", "operatingExpenses": "30592000", "investmentIncomeNet": "None", "netInterestIncome": "None", "interestIncome": "None", "interestExpense": "3732000", "nonInterestIncome": "None", "otherNonOperatingIncome": "None", "depreciation": "None", "depreciationAndAmortization": "2820000", "incomeBeforeTax": "-14297000", "incomeTaxExpense": "40000", "interestAndDebtExpense": "None", "netIncomeFromContinuingOperations": "0", "comprehensiveIncomeNetOfTax": "None", "ebit": "-10373000", "ebitda": "-7553000", "netIncome": "-14337000"}, {"fiscalDateEnding": "2011-09-30", "reportedCurrency": "USD", "grossProfit": "18561000", "totalRevenue": "44594000", "costOfRevenue": "26033000", "costofGoodsAndServicesSold": "26033000", "operatingIncome": "-9768000", "sellingGeneralAndAdministrative": "11379000", "researchAndDevelopment": "4638000", "operatingExpenses": "28329000", "investmentIncomeNet": "None", "netInterestIncome": "None", "interestIncome": "None", "interestExpense": "3825000", "nonInterestIncome": "None", "otherNonOperatingIncome": "31000", "depreciation": "None", "depreciationAndAmortization": "2836000", "incomeBeforeTax": "-13562000", "incomeTaxExpense": "958000", "interestAndDebtExpense": "None", "netIncomeFromContinuingOperations": "-13562000", "comprehensiveIncomeNetOfTax": "None", "ebit": "-9737000", "ebitda": "-6901000", "netIncome": "-13562000"}, {"fiscalDateEnding": "2011-06-30", "reportedCurrency": "USD", "grossProfit": "14538000", "totalRevenue": "32211000", "costOfRevenue": "17673000", "costofGoodsAndServicesSold": "17673000", "operatingIncome": "-14915000", "sellingGeneralAndAdministrative": "12996000", "researchAndDevelopment": "6832000", "operatingExpenses": "29453000", "investmentIncomeNet": "None", "netInterestIncome": "None", "interestIncome": "None", "interestExpense": "4547000", "nonInterestIncome": "None", "otherNonOperatingIncome": "39000", "depreciation": "None", "depreciationAndAmortization": "1684000", "incomeBeforeTax": "-19423000", "incomeTaxExpense": "2824000", "interestAndDebtExpense": "None", "netIncomeFromContinuingOperations": "-19423000", "comprehensiveIncomeNetOfTax": "None", "ebit": "-14876000", "ebitda": "-13192000", "netIncome": "-19423000"}, {"fiscalDateEnding": "2011-03-31", "reportedCurrency": "USD", "grossProfit": "13533000", "totalRevenue": "28258000", "costOfRevenue": "14725000", "costofGoodsAndServicesSold": "14725000", "operatingIncome": "-7273000", "sellingGeneralAndAdministrative": "7211000", "researchAndDevelopment": "4589000", "operatingExpenses": "20806000", "investmentIncomeNet": "None", "netInterestIncome": "None", "interestIncome": "None", "interestExpense": "2612000", "nonInterestIncome": "None", "otherNonOperatingIncome": "None", "depreciation": "None", "depreciationAndAmortization": "1163000", "incomeBeforeTax": "-9848000", "incomeTaxExpense": "0", "interestAndDebtExpense": "None", "netIncomeFromContinuingOperations": "0", "comprehensiveIncomeNetOfTax": "None", "ebit": "-7236000", "ebitda": "-6073000", "netIncome": "-9848000"}, {"fiscalDateEnding": "2010-12-31", "reportedCurrency": "USD", "grossProfit": "13826000", "totalRevenue": "27767000", "costOfRevenue": "13941000", "costofGoodsAndServicesSold": "13941000", "operatingIncome": "-9725000", "sellingGeneralAndAdministrative": "6288000", "researchAndDevelopment": "4438000", "operatingExpenses": "19120000", "investmentIncomeNet": "None", "netInterestIncome": "None", "interestIncome": "None", "interestExpense": "11192000", "nonInterestIncome": "None", "otherNonOperatingIncome": "None", "depreciation": "None", "depreciationAndAmortization": "1131000", "incomeBeforeTax": "-61159000", "incomeTaxExpense": "-39666000", "interestAndDebtExpense": "None", "netIncomeFromContinuingOperations": "0", "comprehensiveIncomeNetOfTax": "None", "ebit": "-5294000", "ebitda": "-4163000", "netIncome": "-20858000"}, {"fiscalDateEnding": "2010-09-30", "reportedCurrency": "USD", "grossProfit": "11629000", "totalRevenue": "25455000", "costOfRevenue": "13826000", "costofGoodsAndServicesSold": "13826000", "operatingIncome": "-8278000", "sellingGeneralAndAdministrative": "7230000", "researchAndDevelopment": "3698000", "operatingExpenses": "19907000", "investmentIncomeNet": "None", "netInterestIncome": "None", "interestIncome": "None", "interestExpense": "3871000", "nonInterestIncome": "None", "otherNonOperatingIncome": "None", "depreciation": "None", "depreciationAndAmortization": "1250000", "incomeBeforeTax": "-12100000", "incomeTaxExpense": "0", "interestAndDebtExpense": "None", "netIncomeFromContinuingOperations": "0", "comprehensiveIncomeNetOfTax": "None", "ebit": "-8278000", "ebitda": "-7028000", "netIncome": "-12100000"}, {"fiscalDateEnding": "2010-06-30", "reportedCurrency": "USD", "grossProfit": "9886000", "totalRevenue": "22937000", "costOfRevenue": "13051000", "costofGoodsAndServicesSold": "13051000", "operatingIncome": "-9900000", "sellingGeneralAndAdministrative": "6190000", "researchAndDevelopment": "4583000", "operatingExpenses": "19786000", "investmentIncomeNet": "None", "netInterestIncome": "None", "interestIncome": "None", "interestExpense": "3847000", "nonInterestIncome": "None", "otherNonOperatingIncome": "None", "depreciation": "None", "depreciationAndAmortization": "1258000", "incomeBeforeTax": "-13711000", "incomeTaxExpense": "-1258000", "interestAndDebtExpense": "None", "netIncomeFromContinuingOperations": "0", "comprehensiveIncomeNetOfTax": "None", "ebit": "-9900000", "ebitda": "-8642000", "netIncome": "-13711000"}, {"fiscalDateEnding": "2010-03-31", "reportedCurrency": "USD", "grossProfit": "8385000", "totalRevenue": "20807000", "costOfRevenue": "12422000", "costofGoodsAndServicesSold": "12422000", "operatingIncome": "-10730000", "sellingGeneralAndAdministrative": "6959000", "researchAndDevelopment": "3847000", "operatingExpenses": "19115000", "investmentIncomeNet": "None", "netInterestIncome": "None", "interestIncome": "None", "interestExpense": "3149000", "nonInterestIncome": "None", "otherNonOperatingIncome": "None", "depreciation": "None", "depreciationAndAmortization": "1438000", "incomeBeforeTax": "-14491000", "incomeTaxExpense": "-2074000", "interestAndDebtExpense": "None", "netIncomeFromContinuingOperations": "0", "comprehensiveIncomeNetOfTax": "None", "ebit": "-10730000", "ebitda": "-9292000", "netIncome": "-13855000"}, {"fiscalDateEnding": "2009-12-31", "reportedCurrency": "USD", "grossProfit": "7334000", "totalRevenue": "20211000", "costOfRevenue": "12877000", "costofGoodsAndServicesSold": "12877000", "operatingIncome": "-11962000", "sellingGeneralAndAdministrative": "7267000", "researchAndDevelopment": "3351000", "operatingExpenses": "19296000", "investmentIncomeNet": "None", "netInterestIncome": "None", "interestIncome": "None", "interestExpense": "3007000", "nonInterestIncome": "None", "otherNonOperatingIncome": "None", "depreciation": "None", "depreciationAndAmortization": "1221000", "incomeBeforeTax": "-79541000", "incomeTaxExpense": "-64609000", "interestAndDebtExpense": "None", "netIncomeFromContinuingOperations": "0", "comprehensiveIncomeNetOfTax": "None", "ebit": "-11962000", "ebitda": "-10741000", "netIncome": "-14932000"}, {"fiscalDateEnding": "2009-09-30", "reportedCurrency": "USD", "grossProfit": "5799000", "totalRevenue": "18735000", "costOfRevenue": "12936000", "costofGoodsAndServicesSold": "12936000", "operatingIncome": "-13480000", "sellingGeneralAndAdministrative": "6246000", "researchAndDevelopment": "3404000", "operatingExpenses": "19279000", "investmentIncomeNet": "None", "netInterestIncome": "None", "interestIncome": "None", "interestExpense": "11267000", "nonInterestIncome": "None", "otherNonOperatingIncome": "None", "depreciation": "None", "depreciationAndAmortization": "1370000", "incomeBeforeTax": "0", "incomeTaxExpense": "11245000", "interestAndDebtExpense": "None", "netIncomeFromContinuingOperations": "0", "comprehensiveIncomeNetOfTax": "None", "ebit": "-13480000", "ebitda": "-12110000", "netIncome": "-24725000"}, {"fiscalDateEnding": "2009-06-30", "reportedCurrency": "USD", "grossProfit": "3169000", "totalRevenue": "14617000", "costOfRevenue": "11448000", "costofGoodsAndServicesSold": "11448000", "operatingIncome": "-16445000", "sellingGeneralAndAdministrative": "5838000", "researchAndDevelopment": "3272000", "operatingExpenses": "19614000", "investmentIncomeNet": "None", "netInterestIncome": "None", "interestIncome": "None", "interestExpense": "3875000", "nonInterestIncome": "None", "otherNonOperatingIncome": "None", "depreciation": "None", "depreciationAndAmortization": "1325000", "incomeBeforeTax": "-20239000", "incomeTaxExpense": "0", "interestAndDebtExpense": "None", "netIncomeFromContinuingOperations": "0", "comprehensiveIncomeNetOfTax": "None", "ebit": "-16445000", "ebitda": "-15120000", "netIncome": "-20239000"}, {"fiscalDateEnding": "2009-03-31", "reportedCurrency": "USD", "grossProfit": "1995000", "totalRevenue": "12469000", "costOfRevenue": "10474000", "costofGoodsAndServicesSold": "10474000", "operatingIncome": "-17472000", "sellingGeneralAndAdministrative": "7491000", "researchAndDevelopment": "3204000", "operatingExpenses": "19467000", "investmentIncomeNet": "None", "netInterestIncome": "None", "interestIncome": "None", "interestExpense": "2274000", "nonInterestIncome": "None", "otherNonOperatingIncome": "None", "depreciation": "None", "depreciationAndAmortization": "1306000", "incomeBeforeTax": "-19645000", "incomeTaxExpense": "0", "interestAndDebtExpense": "None", "netIncomeFromContinuingOperations": "0", "comprehensiveIncomeNetOfTax": "None", "ebit": "-17472000", "ebitda": "-16166000", "netIncome": "-19645000"}, {"fiscalDateEnding": "2008-12-31", "reportedCurrency": "USD", "grossProfit": "1198000", "totalRevenue": "11861000", "costOfRevenue": "10663000", "costofGoodsAndServicesSold": "10663000", "operatingIncome": "-27356000", "sellingGeneralAndAdministrative": "16849000", "researchAndDevelopment": "3535000", "operatingExpenses": "28554000", "investmentIncomeNet": "None", "netInterestIncome": "None", "interestIncome": "None", "interestExpense": "5244000", "nonInterestIncome": "None", "otherNonOperatingIncome": "None", "depreciation": "None", "depreciationAndAmortization": "1710000", "incomeBeforeTax": "-92791000", "incomeTaxExpense": "-64508000", "interestAndDebtExpense": "None", "netIncomeFromContinuingOperations": "0", "comprehensiveIncomeNetOfTax": "None", "ebit": "-27356000", "ebitda": "-25646000", "netIncome": "-28283000"}, {"fiscalDateEnding": "2008-09-30", "reportedCurrency": "USD", "grossProfit": "-87000", "totalRevenue": "10110000", "costOfRevenue": "10197000", "costofGoodsAndServicesSold": "10197000", "operatingIncome": "-19834000", "sellingGeneralAndAdministrative": "16484000", "researchAndDevelopment": "3263000", "operatingExpenses": "19747000", "investmentIncomeNet": "None", "netInterestIncome": "None", "interestIncome": "None", "interestExpense": "1399000", "nonInterestIncome": "None", "otherNonOperatingIncome": "None", "depreciation": "None", "depreciationAndAmortization": "1781000", "incomeBeforeTax": "-20752000", "incomeTaxExpense": "0", "interestAndDebtExpense": "None", "netIncomeFromContinuingOperations": "0", "comprehensiveIncomeNetOfTax": "None", "ebit": "-19834000", "ebitda": "-18053000", "netIncome": "-20752000"}, {"fiscalDateEnding": "2008-06-30", "reportedCurrency": "USD", "grossProfit": "-2368000", "totalRevenue": "7417000", "costOfRevenue": "9785000", "costofGoodsAndServicesSold": "9785000", "operatingIncome": "-22139000", "sellingGeneralAndAdministrative": "16389000", "researchAndDevelopment": "3382000", "operatingExpenses": "19771000", "investmentIncomeNet": "None", "netInterestIncome": "None", "interestIncome": "None", "interestExpense": "2103000", "nonInterestIncome": "None", "otherNonOperatingIncome": "None", "depreciation": "None", "depreciationAndAmortization": "2064000", "incomeBeforeTax": "-23882000", "incomeTaxExpense": "0", "interestAndDebtExpense": "None", "netIncomeFromContinuingOperations": "0", "comprehensiveIncomeNetOfTax": "None", "ebit": "-22139000", "ebitda": "-20075000", "netIncome": "-23882000"}, {"fiscalDateEnding": "2008-03-31", "reportedCurrency": "USD", "grossProfit": "-3327000", "totalRevenue": "6671000", "costOfRevenue": "9998000", "costofGoodsAndServicesSold": "9998000", "operatingIncome": "-20012000", "sellingGeneralAndAdministrative": "13762000", "researchAndDevelopment": "2923000", "operatingExpenses": "16685000", "investmentIncomeNet": "None", "netInterestIncome": "None", "interestIncome": "None", "interestExpense": "575000", "nonInterestIncome": "None", "otherNonOperatingIncome": "None", "depreciation": "None", "depreciationAndAmortization": "1416000", "incomeBeforeTax": "-19874000", "incomeTaxExpense": "0", "interestAndDebtExpense": "None", "netIncomeFromContinuingOperations": "0", "comprehensiveIncomeNetOfTax": "None", "ebit": "-20012000", "ebitda": "-18596000", "netIncome": "-19874000"}, {"fiscalDateEnding": "2007-12-31", "reportedCurrency": "USD", "grossProfit": "-2318000", "totalRevenue": "4361000", "costOfRevenue": "6679000", "costofGoodsAndServicesSold": "6679000", "operatingIncome": "-16054000", "sellingGeneralAndAdministrative": "10566000", "researchAndDevelopment": "3170000", "operatingExpenses": "13736000", "investmentIncomeNet": "None", "netInterestIncome": "None", "interestIncome": "None", "interestExpense": "3160000", "nonInterestIncome": "None", "otherNonOperatingIncome": "None", "depreciation": "None", "depreciationAndAmortization": "1389000", "incomeBeforeTax": "-53539000", "incomeTaxExpense": "-37871000", "interestAndDebtExpense": "None", "netIncomeFromContinuingOperations": "0", "comprehensiveIncomeNetOfTax": "None", "ebit": "-16054000", "ebitda": "-14665000", "netIncome": "-15668000"}, {"fiscalDateEnding": "2007-09-30", "reportedCurrency": "USD", "grossProfit": "-3792000", "totalRevenue": "3791000", "costOfRevenue": "7583000", "costofGoodsAndServicesSold": "7583000", "operatingIncome": "-14582000", "sellingGeneralAndAdministrative": "7532000", "researchAndDevelopment": "2231000", "operatingExpenses": "10790000", "investmentIncomeNet": "None", "netInterestIncome": "None", "interestIncome": "None", "interestExpense": "475000", "nonInterestIncome": "None", "otherNonOperatingIncome": "None", "depreciation": "None", "depreciationAndAmortization": "1393000", "incomeBeforeTax": "-13639000", "incomeTaxExpense": "-943000", "interestAndDebtExpense": "None", "netIncomeFromContinuingOperations": "0", "comprehensiveIncomeNetOfTax": "None", "ebit": "-14948000", "ebitda": "-13555000", "netIncome": "-13639000"}, {"fiscalDateEnding": "2007-06-30", "reportedCurrency": "USD", "grossProfit": "-3687000", "totalRevenue": "3212000", "costOfRevenue": "6899000", "costofGoodsAndServicesSold": "6899000", "operatingIncome": "-12409000", "sellingGeneralAndAdministrative": "6202000", "researchAndDevelopment": "2520000", "operatingExpenses": "8722000", "investmentIncomeNet": "None", "netInterestIncome": "None", "interestIncome": "None", "interestExpense": "986000", "nonInterestIncome": "None", "otherNonOperatingIncome": "None", "depreciation": "None", "depreciationAndAmortization": "1232000", "incomeBeforeTax": "-12672000", "incomeTaxExpense": "263000", "interestAndDebtExpense": "None", "netIncomeFromContinuingOperations": "0", "comprehensiveIncomeNetOfTax": "None", "ebit": "-12409000", "ebitda": "-11177000", "netIncome": "-12672000"}, {"fiscalDateEnding": "2007-03-31", "reportedCurrency": "USD", "grossProfit": "-2564000", "totalRevenue": "2008000", "costOfRevenue": "4572000", "costofGoodsAndServicesSold": "4572000", "operatingIncome": "-10798000", "sellingGeneralAndAdministrative": "2660000", "researchAndDevelopment": "2470000", "operatingExpenses": "8234000", "investmentIncomeNet": "None", "netInterestIncome": "None", "interestIncome": "None", "interestExpense": "982000", "nonInterestIncome": "None", "otherNonOperatingIncome": "None", "depreciation": "None", "depreciationAndAmortization": "906000", "incomeBeforeTax": "-11560000", "incomeTaxExpense": "762000", "interestAndDebtExpense": "None", "netIncomeFromContinuingOperations": "0", "comprehensiveIncomeNetOfTax": "None", "ebit": "-10798000", "ebitda": "-9892000", "netIncome": "-11560000"}, {"fiscalDateEnding": "2006-12-31", "reportedCurrency": "USD", "grossProfit": "-2301000", "totalRevenue": "1641000", "costOfRevenue": "3942000", "costofGoodsAndServicesSold": "3942000", "operatingIncome": "-9198000", "sellingGeneralAndAdministrative": "6897000", "researchAndDevelopment": "2203000", "operatingExpenses": "6897000", "investmentIncomeNet": "None", "netInterestIncome": "None", "interestIncome": "None", "interestExpense": "1046000", "nonInterestIncome": "None", "otherNonOperatingIncome": "None", "depreciation": "None", "depreciationAndAmortization": "762000", "incomeBeforeTax": "0", "incomeTaxExpense": "1682000", "interestAndDebtExpense": "None", "netIncomeFromContinuingOperations": "0", "comprehensiveIncomeNetOfTax": "None", "ebit": "-9198000", "ebitda": "-8436000", "netIncome": "-10880000"}, {"fiscalDateEnding": "2006-09-30", "reportedCurrency": "USD", "grossProfit": "-3232000", "totalRevenue": "674000", "costOfRevenue": "3906000", "costofGoodsAndServicesSold": "3906000", "operatingIncome": "-8482000", "sellingGeneralAndAdministrative": "6074000", "researchAndDevelopment": "1964000", "operatingExpenses": "5250000", "investmentIncomeNet": "None", "netInterestIncome": "None", "interestIncome": "None", "interestExpense": "255000", "nonInterestIncome": "None", "otherNonOperatingIncome": "None", "depreciation": "None", "depreciationAndAmortization": "None", "incomeBeforeTax": "0", "incomeTaxExpense": "8357000", "interestAndDebtExpense": "None", "netIncomeFromContinuingOperations": "0", "comprehensiveIncomeNetOfTax": "None", "ebit": "0", "ebitda": "-9533000", "netIncome": "-8357000"}, {"fiscalDateEnding": "2006-06-30", "reportedCurrency": "USD", "grossProfit": "674000", "totalRevenue": "674000", "costOfRevenue": "3949000", "costofGoodsAndServicesSold": "3949000", "operatingIncome": "674000", "sellingGeneralAndAdministrative": "5302000", "researchAndDevelopment": "0", "operatingExpenses": "0", "investmentIncomeNet": "None", "netInterestIncome": "None", "interestIncome": "None", "interestExpense": "268000", "nonInterestIncome": "None", "otherNonOperatingIncome": "None", "depreciation": "None", "depreciationAndAmortization": "None", "incomeBeforeTax": "0", "incomeTaxExpense": "8357000", "interestAndDebtExpense": "None", "netIncomeFromContinuingOperations": "0", "comprehensiveIncomeNetOfTax": "None", "ebit": "0", "ebitda": "674000", "netIncome": "-8357000"}, {"fiscalDateEnding": "2006-03-31", "reportedCurrency": "USD", "grossProfit": "674000", "totalRevenue": "674000", "costOfRevenue": "2244000", "costofGoodsAndServicesSold": "2244000", "operatingIncome": "674000", "sellingGeneralAndAdministrative": "4375000", "researchAndDevelopment": "0", "operatingExpenses": "0", "investmentIncomeNet": "None", "netInterestIncome": "None", "interestIncome": "None", "interestExpense": "269000", "nonInterestIncome": "None", "otherNonOperatingIncome": "None", "depreciation": "None", "depreciationAndAmortization": "None", "incomeBeforeTax": "0", "incomeTaxExpense": "8357000", "interestAndDebtExpense": "None", "netIncomeFromContinuingOperations": "0", "comprehensiveIncomeNetOfTax": "None", "ebit": "0", "ebitda": "674000", "netIncome": "-8357000"}, {"fiscalDateEnding": "2005-12-31", "reportedCurrency": "USD", "grossProfit": "0", "totalRevenue": "50000", "costOfRevenue": "327000", "costofGoodsAndServicesSold": "327000", "operatingIncome": "-6514000", "sellingGeneralAndAdministrative": "20025000", "researchAndDevelopment": "10764000", "operatingExpenses": "-6514000", "investmentIncomeNet": "None", "netInterestIncome": "None", "interestIncome": "None", "interestExpense": "636000", "nonInterestIncome": "None", "otherNonOperatingIncome": "None", "depreciation": "None", "depreciationAndAmortization": "None", "incomeBeforeTax": "0", "incomeTaxExpense": "6514000", "interestAndDebtExpense": "None", "netIncomeFromContinuingOperations": "0", "comprehensiveIncomeNetOfTax": "None", "ebit": "0", "ebitda": "-6514000", "netIncome": "-6514000"}, {"fiscalDateEnding": "2005-09-30", "reportedCurrency": "USD", "grossProfit": "None", "totalRevenue": "None", "costOfRevenue": "None", "costofGoodsAndServicesSold": "None", "operatingIncome": "-5041000", "sellingGeneralAndAdministrative": "None", "researchAndDevelopment": "None", "operatingExpenses": "-5041000", "investmentIncomeNet": "None", "netInterestIncome": "None", "interestIncome": "None", "interestExpense": "None", "nonInterestIncome": "None", "otherNonOperatingIncome": "None", "depreciation": "None", "depreciationAndAmortization": "None", "incomeBeforeTax": "None", "incomeTaxExpense": "5041000", "interestAndDebtExpense": "None", "netIncomeFromContinuingOperations": "None", "comprehensiveIncomeNetOfTax": "None", "ebit": "None", "ebitda": "-5041000", "netIncome": "-5041000"}, {"fiscalDateEnding": "2005-06-30", "reportedCurrency": "USD", "grossProfit": "None", "totalRevenue": "None", "costOfRevenue": "None", "costofGoodsAndServicesSold": "None", "operatingIncome": "-5041000", "sellingGeneralAndAdministrative": "None", "researchAndDevelopment": "None", "operatingExpenses": "-5041000", "investmentIncomeNet": "None", "netInterestIncome": "None", "interestIncome": "None", "interestExpense": "None", "nonInterestIncome": "None", "otherNonOperatingIncome": "None", "depreciation": "None", "depreciationAndAmortization": "None", "incomeBeforeTax": "None", "incomeTaxExpense": "5041000", "interestAndDebtExpense": "None", "netIncomeFromContinuingOperations": "None", "comprehensiveIncomeNetOfTax": "None", "ebit": "None", "ebitda": "-5041000", "netIncome": "-5041000"}, {"fiscalDateEnding": "2005-03-31", "reportedCurrency": "USD", "grossProfit": "None", "totalRevenue": "None", "costOfRevenue": "None", "costofGoodsAndServicesSold": "None", "operatingIncome": "-5041000", "sellingGeneralAndAdministrative": "None", "researchAndDevelopment": "None", "operatingExpenses": "-5041000", "investmentIncomeNet": "None", "netInterestIncome": "None", "interestIncome": "None", "interestExpense": "None", "nonInterestIncome": "None", "otherNonOperatingIncome": "None", "depreciation": "None", "depreciationAndAmortization": "None", "incomeBeforeTax": "None", "incomeTaxExpense": "5041000", "interestAndDebtExpense": "None", "netIncomeFromContinuingOperations": "None", "comprehensiveIncomeNetOfTax": "None", "ebit": "None", "ebitda": "-5041000", "netIncome": "-5041000"}]}