{"symbol": "IEX", "annualReports": [{"fiscalDateEnding": "2024-12-31", "reportedCurrency": "USD", "grossProfit": "1445200000", "totalRevenue": "3268800000", "costOfRevenue": "1823600000", "costofGoodsAndServicesSold": "1823600000", "operatingIncome": "677200000", "sellingGeneralAndAdministrative": "758700000", "researchAndDevelopment": "None", "operatingExpenses": "768000000", "investmentIncomeNet": "None", "netInterestIncome": "-44500000", "interestIncome": "None", "interestExpense": "44500000", "nonInterestIncome": "None", "otherNonOperatingIncome": "None", "depreciation": "None", "depreciationAndAmortization": "-6600000", "incomeBeforeTax": "639300000", "incomeTaxExpense": "134700000", "interestAndDebtExpense": "None", "netIncomeFromContinuingOperations": "504600000", "comprehensiveIncomeNetOfTax": "None", "ebit": "683800000", "ebitda": "677200000", "netIncome": "505000000"}, {"fiscalDateEnding": "2023-12-31", "reportedCurrency": "USD", "grossProfit": "1446900000", "totalRevenue": "3273900000", "costOfRevenue": "1827000000", "costofGoodsAndServicesSold": "1827000000", "operatingIncome": "732500000", "sellingGeneralAndAdministrative": "698900000", "researchAndDevelopment": "175900000", "operatingExpenses": "703500000", "investmentIncomeNet": "None", "netInterestIncome": "-52200000", "interestIncome": "None", "interestExpense": "51700000", "nonInterestIncome": "None", "otherNonOperatingIncome": "None", "depreciation": "None", "depreciationAndAmortization": "152100000", "incomeBeforeTax": "760300000", "incomeTaxExpense": "164700000", "interestAndDebtExpense": "None", "netIncomeFromContinuingOperations": "617300000", "comprehensiveIncomeNetOfTax": "None", "ebit": "732500000", "ebitda": "732500000", "netIncome": "596100000"}, {"fiscalDateEnding": "2022-12-31", "reportedCurrency": "USD", "grossProfit": "1426900000", "totalRevenue": "3181900000", "costOfRevenue": "1755000000", "costofGoodsAndServicesSold": "1755000000", "operatingIncome": "751400000", "sellingGeneralAndAdministrative": "637800000", "researchAndDevelopment": "156800000", "operatingExpenses": "652700000", "investmentIncomeNet": "None", "netInterestIncome": "-40700000", "interestIncome": "40700000", "interestExpense": "40700000", "nonInterestIncome": "None", "otherNonOperatingIncome": "38700000", "depreciation": "None", "depreciationAndAmortization": "119700000", "incomeBeforeTax": "749400000", "incomeTaxExpense": "162700000", "interestAndDebtExpense": "None", "netIncomeFromContinuingOperations": "586700000", "comprehensiveIncomeNetOfTax": "None", "ebit": "790100000", "ebitda": "909800000", "netIncome": "586900000"}, {"fiscalDateEnding": "2021-12-31", "reportedCurrency": "USD", "grossProfit": "1224500000", "totalRevenue": "2764800000", "costOfRevenue": "1540300000", "costofGoodsAndServicesSold": "1540300000", "operatingIncome": "637000000", "sellingGeneralAndAdministrative": "567500000", "researchAndDevelopment": "133000000", "operatingExpenses": "578200000", "investmentIncomeNet": "None", "netInterestIncome": "-41000000", "interestIncome": "41000000", "interestExpense": "41000000", "nonInterestIncome": "None", "otherNonOperatingIncome": "-16200000", "depreciation": "None", "depreciationAndAmortization": "103000000", "incomeBeforeTax": "579800000", "incomeTaxExpense": "130500000", "interestAndDebtExpense": "None", "netIncomeFromContinuingOperations": "449300000", "comprehensiveIncomeNetOfTax": "None", "ebit": "617500000", "ebitda": "720500000", "netIncome": "449400000"}, {"fiscalDateEnding": "2020-12-31", "reportedCurrency": "USD", "grossProfit": "1027424000", "totalRevenue": "2351646000", "costOfRevenue": "1324222000", "costofGoodsAndServicesSold": "1324222000", "operatingIncome": "520713000", "sellingGeneralAndAdministrative": "485035000", "researchAndDevelopment": "130500000", "operatingExpenses": "494935000", "investmentIncomeNet": "None", "netInterestIncome": "-44746000", "interestIncome": "44746000", "interestExpense": "44746000", "nonInterestIncome": "None", "otherNonOperatingIncome": "-5627000", "depreciation": "None", "depreciationAndAmortization": "83495000", "incomeBeforeTax": "470340000", "incomeTaxExpense": "92562000", "interestAndDebtExpense": "None", "netIncomeFromContinuingOperations": "377778000", "comprehensiveIncomeNetOfTax": "None", "ebit": "521107000", "ebitda": "604602000", "netIncome": "377800000"}, {"fiscalDateEnding": "2019-12-31", "reportedCurrency": "USD", "grossProfit": "1125034000", "totalRevenue": "2494573000", "costOfRevenue": "1369539000", "costofGoodsAndServicesSold": "1369539000", "operatingIncome": "579003000", "sellingGeneralAndAdministrative": "509287000", "researchAndDevelopment": "148800000", "operatingExpenses": "524987000", "investmentIncomeNet": "None", "netInterestIncome": "-44341000", "interestIncome": "44341000", "interestExpense": "44341000", "nonInterestIncome": "None", "otherNonOperatingIncome": "-1759000", "depreciation": "None", "depreciationAndAmortization": "76876000", "incomeBeforeTax": "532903000", "incomeTaxExpense": "107382000", "interestAndDebtExpense": "None", "netIncomeFromContinuingOperations": "425521000", "comprehensiveIncomeNetOfTax": "None", "ebit": "570917000", "ebitda": "647793000", "netIncome": "425521000"}, {"fiscalDateEnding": "2018-12-31", "reportedCurrency": "USD", "grossProfit": "1117895000", "totalRevenue": "2483666000", "costOfRevenue": "1365771000", "costofGoodsAndServicesSold": "1365771000", "operatingIncome": "569088000", "sellingGeneralAndAdministrative": "536724000", "researchAndDevelopment": "48000000", "operatingExpenses": "536724000", "investmentIncomeNet": "None", "netInterestIncome": "-44134000", "interestIncome": "44134000", "interestExpense": "44134000", "nonInterestIncome": "None", "otherNonOperatingIncome": "3985000", "depreciation": "None", "depreciationAndAmortization": "77544000", "incomeBeforeTax": "528939000", "incomeTaxExpense": "118366000", "interestAndDebtExpense": "None", "netIncomeFromContinuingOperations": "410573000", "comprehensiveIncomeNetOfTax": "None", "ebit": "579548000", "ebitda": "657092000", "netIncome": "410573000"}, {"fiscalDateEnding": "2017-12-31", "reportedCurrency": "USD", "grossProfit": "1026678000", "totalRevenue": "2287312000", "costOfRevenue": "1260634000", "costofGoodsAndServicesSold": "1260634000", "operatingIncome": "502556000", "sellingGeneralAndAdministrative": "524940000", "researchAndDevelopment": "42400000", "operatingExpenses": "524940000", "investmentIncomeNet": "None", "netInterestIncome": "-44889000", "interestIncome": "44889000", "interestExpense": "44889000", "nonInterestIncome": "None", "otherNonOperatingIncome": "-2394000", "depreciation": "None", "depreciationAndAmortization": "84216000", "incomeBeforeTax": "455273000", "incomeTaxExpense": "118016000", "interestAndDebtExpense": "None", "netIncomeFromContinuingOperations": "337257000", "comprehensiveIncomeNetOfTax": "None", "ebit": "506817000", "ebitda": "591033000", "netIncome": "337257000"}, {"fiscalDateEnding": "2016-12-31", "reportedCurrency": "USD", "grossProfit": "930767000", "totalRevenue": "2113043000", "costOfRevenue": "1182276000", "costofGoodsAndServicesSold": "1182276000", "operatingIncome": "405801000", "sellingGeneralAndAdministrative": "498994000", "researchAndDevelopment": "39400000", "operatingExpenses": "498994000", "investmentIncomeNet": "None", "netInterestIncome": "-45616000", "interestIncome": "45616000", "interestExpense": "45616000", "nonInterestIncome": "None", "otherNonOperatingIncome": "8327000", "depreciation": "None", "depreciationAndAmortization": "86892000", "incomeBeforeTax": "368512000", "incomeTaxExpense": "97403000", "interestAndDebtExpense": "None", "netIncomeFromContinuingOperations": "271109000", "comprehensiveIncomeNetOfTax": "None", "ebit": "420979000", "ebitda": "507871000", "netIncome": "271109000"}, {"fiscalDateEnding": "2015-12-31", "reportedCurrency": "USD", "grossProfit": "904315000", "totalRevenue": "2020668000", "costOfRevenue": "1116353000", "costofGoodsAndServicesSold": "1116353000", "operatingIncome": "431738000", "sellingGeneralAndAdministrative": "479408000", "researchAndDevelopment": "33600000", "operatingExpenses": "479408000", "investmentIncomeNet": "None", "netInterestIncome": "None", "interestIncome": "41636000", "interestExpense": "41636000", "nonInterestIncome": "None", "otherNonOperatingIncome": "2243000", "depreciation": "None", "depreciationAndAmortization": "78120000", "incomeBeforeTax": "392345000", "incomeTaxExpense": "109538000", "interestAndDebtExpense": "None", "netIncomeFromContinuingOperations": "282807000", "comprehensiveIncomeNetOfTax": "None", "ebit": "426951000", "ebitda": "505071000", "netIncome": "282807000"}, {"fiscalDateEnding": "2014-12-31", "reportedCurrency": "USD", "grossProfit": "949315000", "totalRevenue": "2147767000", "costOfRevenue": "1198452000", "costofGoodsAndServicesSold": "1198452000", "operatingIncome": "431224000", "sellingGeneralAndAdministrative": "504419000", "researchAndDevelopment": "36800000", "operatingExpenses": "504419000", "investmentIncomeNet": "None", "netInterestIncome": "None", "interestIncome": "None", "interestExpense": "41895000", "nonInterestIncome": "None", "otherNonOperatingIncome": "3111000", "depreciation": "None", "depreciationAndAmortization": "76907000", "incomeBeforeTax": "392440000", "incomeTaxExpense": "113054000", "interestAndDebtExpense": "None", "netIncomeFromContinuingOperations": "279386000", "comprehensiveIncomeNetOfTax": "None", "ebit": "427112000", "ebitda": "504019000", "netIncome": "279386000"}, {"fiscalDateEnding": "2013-12-31", "reportedCurrency": "USD", "grossProfit": "873364000", "totalRevenue": "2024130000", "costOfRevenue": "1150766000", "costofGoodsAndServicesSold": "1150766000", "operatingIncome": "395513000", "sellingGeneralAndAdministrative": "477851000", "researchAndDevelopment": "33000000", "operatingExpenses": "477851000", "investmentIncomeNet": "None", "netInterestIncome": "None", "interestIncome": "None", "interestExpense": "42206000", "nonInterestIncome": "None", "otherNonOperatingIncome": "-178000", "depreciation": "None", "depreciationAndAmortization": "79334000", "incomeBeforeTax": "353129000", "incomeTaxExpense": "97914000", "interestAndDebtExpense": "None", "netIncomeFromContinuingOperations": "255215000", "comprehensiveIncomeNetOfTax": "None", "ebit": "387905000", "ebitda": "467239000", "netIncome": "255215000"}, {"fiscalDateEnding": "2012-12-31", "reportedCurrency": "USD", "grossProfit": "803700000", "totalRevenue": "1954258000", "costOfRevenue": "1150558000", "costofGoodsAndServicesSold": "1150558000", "operatingIncome": "128218000", "sellingGeneralAndAdministrative": "444490000", "researchAndDevelopment": "36400000", "operatingExpenses": "444490000", "investmentIncomeNet": "None", "netInterestIncome": "None", "interestIncome": "None", "interestExpense": "42250000", "nonInterestIncome": "None", "otherNonOperatingIncome": "236000", "depreciation": "None", "depreciationAndAmortization": "78312000", "incomeBeforeTax": "86204000", "incomeTaxExpense": "48574000", "interestAndDebtExpense": "None", "netIncomeFromContinuingOperations": "37630000", "comprehensiveIncomeNetOfTax": "None", "ebit": "120817000", "ebitda": "199129000", "netIncome": "37630000"}, {"fiscalDateEnding": "2011-12-31", "reportedCurrency": "USD", "grossProfit": "738673000", "totalRevenue": "1838451000", "costOfRevenue": "1099778000", "costofGoodsAndServicesSold": "1099778000", "operatingIncome": "304656000", "sellingGeneralAndAdministrative": "421703000", "researchAndDevelopment": "36000000", "operatingExpenses": "421703000", "investmentIncomeNet": "None", "netInterestIncome": "None", "interestIncome": "None", "interestExpense": "29332000", "nonInterestIncome": "None", "otherNonOperatingIncome": "-1443000", "depreciation": "None", "depreciationAndAmortization": "72386000", "incomeBeforeTax": "273881000", "incomeTaxExpense": "80024000", "interestAndDebtExpense": "None", "netIncomeFromContinuingOperations": "193857000", "comprehensiveIncomeNetOfTax": "None", "ebit": "297016000", "ebitda": "369402000", "netIncome": "193857000"}, {"fiscalDateEnding": "2010-12-31", "reportedCurrency": "USD", "grossProfit": "618483000", "totalRevenue": "1513073000", "costOfRevenue": "894590000", "costofGoodsAndServicesSold": "894590000", "operatingIncome": "249116000", "sellingGeneralAndAdministrative": "358272000", "researchAndDevelopment": "31800000", "operatingExpenses": "358272000", "investmentIncomeNet": "None", "netInterestIncome": "None", "interestIncome": "None", "interestExpense": "16150000", "nonInterestIncome": "None", "otherNonOperatingIncome": "-1092000", "depreciation": "None", "depreciationAndAmortization": "58108000", "incomeBeforeTax": "231874000", "incomeTaxExpense": "74774000", "interestAndDebtExpense": "None", "netIncomeFromContinuingOperations": "157100000", "comprehensiveIncomeNetOfTax": "None", "ebit": "248024000", "ebitda": "306132000", "netIncome": "157100000"}, {"fiscalDateEnding": "2009-12-31", "reportedCurrency": "USD", "grossProfit": "522386000", "totalRevenue": "1329661000", "costOfRevenue": "807275000", "costofGoodsAndServicesSold": "807275000", "operatingIncome": "184854000", "sellingGeneralAndAdministrative": "325453000", "researchAndDevelopment": "29600000", "operatingExpenses": "325453000", "investmentIncomeNet": "None", "netInterestIncome": "None", "interestIncome": "None", "interestExpense": "17178000", "nonInterestIncome": "None", "otherNonOperatingIncome": "None", "depreciation": "None", "depreciationAndAmortization": "56346000", "incomeBeforeTax": "168827000", "incomeTaxExpense": "55436000", "interestAndDebtExpense": "None", "netIncomeFromContinuingOperations": "None", "comprehensiveIncomeNetOfTax": "None", "ebit": "177894000", "ebitda": "234240000", "netIncome": "113391000"}, {"fiscalDateEnding": "2008-12-31", "reportedCurrency": "USD", "grossProfit": "603909000", "totalRevenue": "1489471000", "costOfRevenue": "885562000", "costofGoodsAndServicesSold": "885562000", "operatingIncome": "212432000", "sellingGeneralAndAdministrative": "343392000", "researchAndDevelopment": "29500000", "operatingExpenses": "373482000", "investmentIncomeNet": "None", "netInterestIncome": "None", "interestIncome": "None", "interestExpense": "18852000", "nonInterestIncome": "None", "otherNonOperatingIncome": "None", "depreciation": "None", "depreciationAndAmortization": "48599000", "incomeBeforeTax": "198703000", "incomeTaxExpense": "67343000", "interestAndDebtExpense": "None", "netIncomeFromContinuingOperations": "None", "comprehensiveIncomeNetOfTax": "None", "ebit": "211427000", "ebitda": "260026000", "netIncome": "131360000"}, {"fiscalDateEnding": "2007-12-31", "reportedCurrency": "USD", "grossProfit": "568449000", "totalRevenue": "1358631000", "costOfRevenue": "790182000", "costofGoodsAndServicesSold": "790182000", "operatingIncome": "255083000", "sellingGeneralAndAdministrative": "313366000", "researchAndDevelopment": "28100000", "operatingExpenses": "313366000", "investmentIncomeNet": "None", "netInterestIncome": "None", "interestIncome": "None", "interestExpense": "0", "nonInterestIncome": "None", "otherNonOperatingIncome": "None", "depreciation": "None", "depreciationAndAmortization": "38498000", "incomeBeforeTax": "235164000", "incomeTaxExpense": "79300000", "interestAndDebtExpense": "None", "netIncomeFromContinuingOperations": "None", "comprehensiveIncomeNetOfTax": "None", "ebit": "251649000", "ebitda": "290147000", "netIncome": "155145000"}, {"fiscalDateEnding": "2006-12-31", "reportedCurrency": "USD", "grossProfit": "477407000", "totalRevenue": "1154940000", "costOfRevenue": "677533000", "costofGoodsAndServicesSold": "677533000", "operatingIncome": "217206000", "sellingGeneralAndAdministrative": "260201000", "researchAndDevelopment": "24800000", "operatingExpenses": "260201000", "investmentIncomeNet": "None", "netInterestIncome": "None", "interestIncome": "None", "interestExpense": "0", "nonInterestIncome": "None", "otherNonOperatingIncome": "None", "depreciation": "None", "depreciationAndAmortization": "30412000", "incomeBeforeTax": "201893000", "incomeTaxExpense": "68171000", "interestAndDebtExpense": "None", "netIncomeFromContinuingOperations": "None", "comprehensiveIncomeNetOfTax": "None", "ebit": "216166000", "ebitda": "246578000", "netIncome": "146671000"}, {"fiscalDateEnding": "2005-12-31", "reportedCurrency": "USD", "grossProfit": "423844000", "totalRevenue": "1043275000", "costOfRevenue": "619431000", "costofGoodsAndServicesSold": "619431000", "operatingIncome": "182787000", "sellingGeneralAndAdministrative": "241057000", "researchAndDevelopment": "24213000", "operatingExpenses": "241057000", "investmentIncomeNet": "None", "netInterestIncome": "None", "interestIncome": "None", "interestExpense": "0", "nonInterestIncome": "None", "otherNonOperatingIncome": "None", "depreciation": "None", "depreciationAndAmortization": "30651000", "incomeBeforeTax": "168928000", "incomeTaxExpense": "59125000", "interestAndDebtExpense": "None", "netIncomeFromContinuingOperations": "None", "comprehensiveIncomeNetOfTax": "None", "ebit": "177321000", "ebitda": "207972000", "netIncome": "109803000"}], "quarterlyReports": [{"fiscalDateEnding": "2024-12-31", "reportedCurrency": "USD", "grossProfit": "367100000", "totalRevenue": "862900000", "costOfRevenue": "495800000", "costofGoodsAndServicesSold": "495800000", "operatingIncome": "165300000", "sellingGeneralAndAdministrative": "197900000", "researchAndDevelopment": "None", "operatingExpenses": "201800000", "investmentIncomeNet": "None", "netInterestIncome": "-16700000", "interestIncome": "None", "interestExpense": "16700000", "nonInterestIncome": "None", "otherNonOperatingIncome": "None", "depreciation": "None", "depreciationAndAmortization": "50700000", "incomeBeforeTax": "151200000", "incomeTaxExpense": "28000000", "interestAndDebtExpense": "None", "netIncomeFromContinuingOperations": "123200000", "comprehensiveIncomeNetOfTax": "None", "ebit": "174200000", "ebitda": "224900000", "netIncome": "123200000"}, {"fiscalDateEnding": "2024-09-30", "reportedCurrency": "USD", "grossProfit": "353900000", "totalRevenue": "798200000", "costOfRevenue": "444300000", "costofGoodsAndServicesSold": "444300000", "operatingIncome": "168000000", "sellingGeneralAndAdministrative": "182900000", "researchAndDevelopment": "None", "operatingExpenses": "182900000", "investmentIncomeNet": "None", "netInterestIncome": "-10300000", "interestIncome": "None", "interestExpense": "10300000", "nonInterestIncome": "None", "otherNonOperatingIncome": "None", "depreciation": "None", "depreciationAndAmortization": "43900000", "incomeBeforeTax": "154400000", "incomeTaxExpense": "35500000", "interestAndDebtExpense": "None", "netIncomeFromContinuingOperations": "118900000", "comprehensiveIncomeNetOfTax": "None", "ebit": "164700000", "ebitda": "208600000", "netIncome": "119100000"}, {"fiscalDateEnding": "2024-06-30", "reportedCurrency": "USD", "grossProfit": "366800000", "totalRevenue": "807200000", "costOfRevenue": "440400000", "costofGoodsAndServicesSold": "440400000", "operatingIncome": "186500000", "sellingGeneralAndAdministrative": "182800000", "researchAndDevelopment": "None", "operatingExpenses": "180300000", "investmentIncomeNet": "None", "netInterestIncome": "-8100000", "interestIncome": "None", "interestExpense": "8100000", "nonInterestIncome": "None", "otherNonOperatingIncome": "None", "depreciation": "None", "depreciationAndAmortization": "40200000", "incomeBeforeTax": "179200000", "incomeTaxExpense": "38000000", "interestAndDebtExpense": "None", "netIncomeFromContinuingOperations": "141200000", "comprehensiveIncomeNetOfTax": "None", "ebit": "187300000", "ebitda": "227500000", "netIncome": "141300000"}, {"fiscalDateEnding": "2024-03-31", "reportedCurrency": "USD", "grossProfit": "357400000", "totalRevenue": "800500000", "costOfRevenue": "443100000", "costofGoodsAndServicesSold": "443100000", "operatingIncome": "163600000", "sellingGeneralAndAdministrative": "195100000", "researchAndDevelopment": "None", "operatingExpenses": "193800000", "investmentIncomeNet": "None", "netInterestIncome": "-9400000", "interestIncome": "None", "interestExpense": "9400000", "nonInterestIncome": "None", "otherNonOperatingIncome": "None", "depreciation": "None", "depreciationAndAmortization": "40800000", "incomeBeforeTax": "154500000", "incomeTaxExpense": "33200000", "interestAndDebtExpense": "None", "netIncomeFromContinuingOperations": "121300000", "comprehensiveIncomeNetOfTax": "None", "ebit": "163900000", "ebitda": "204700000", "netIncome": "121400000"}, {"fiscalDateEnding": "2023-12-31", "reportedCurrency": "USD", "grossProfit": "336800000", "totalRevenue": "788900000", "costOfRevenue": "452100000", "costofGoodsAndServicesSold": "452100000", "operatingIncome": "163200000", "sellingGeneralAndAdministrative": "173600000", "researchAndDevelopment": "107500000", "operatingExpenses": "173600000", "investmentIncomeNet": "None", "netInterestIncome": "-11600000", "interestIncome": "None", "interestExpense": "11600000", "nonInterestIncome": "None", "otherNonOperatingIncome": "None", "depreciation": "None", "depreciationAndAmortization": "39600000", "incomeBeforeTax": "140200000", "incomeTaxExpense": "31900000", "interestAndDebtExpense": "None", "netIncomeFromContinuingOperations": "108300000", "comprehensiveIncomeNetOfTax": "None", "ebit": "151800000", "ebitda": "191400000", "netIncome": "108600000"}, {"fiscalDateEnding": "2023-09-30", "reportedCurrency": "USD", "grossProfit": "349600000", "totalRevenue": "793400000", "costOfRevenue": "443800000", "costofGoodsAndServicesSold": "443800000", "operatingIncome": "179600000", "sellingGeneralAndAdministrative": "165900000", "researchAndDevelopment": "None", "operatingExpenses": "165900000", "investmentIncomeNet": "None", "netInterestIncome": "-13700000", "interestIncome": "13700000", "interestExpense": "13700000", "nonInterestIncome": "None", "otherNonOperatingIncome": "None", "depreciation": "None", "depreciationAndAmortization": "38500000", "incomeBeforeTax": "261800000", "incomeTaxExpense": "52800000", "interestAndDebtExpense": "None", "netIncomeFromContinuingOperations": "209000000", "comprehensiveIncomeNetOfTax": "None", "ebit": "275500000", "ebitda": "314000000", "netIncome": "209100000"}, {"fiscalDateEnding": "2023-06-30", "reportedCurrency": "USD", "grossProfit": "378000000", "totalRevenue": "846200000", "costOfRevenue": "468200000", "costofGoodsAndServicesSold": "468200000", "operatingIncome": "200100000", "sellingGeneralAndAdministrative": "174300000", "researchAndDevelopment": "None", "operatingExpenses": "174300000", "investmentIncomeNet": "None", "netInterestIncome": "-13300000", "interestIncome": "13300000", "interestExpense": "13300000", "nonInterestIncome": "None", "otherNonOperatingIncome": "-8300000", "depreciation": "None", "depreciationAndAmortization": "37600000", "incomeBeforeTax": "178500000", "incomeTaxExpense": "40000000", "interestAndDebtExpense": "None", "netIncomeFromContinuingOperations": "138500000", "comprehensiveIncomeNetOfTax": "None", "ebit": "191800000", "ebitda": "229400000", "netIncome": "138600000"}, {"fiscalDateEnding": "2023-03-31", "reportedCurrency": "USD", "grossProfit": "382500000", "totalRevenue": "845400000", "costOfRevenue": "462900000", "costofGoodsAndServicesSold": "462900000", "operatingIncome": "192300000", "sellingGeneralAndAdministrative": "189700000", "researchAndDevelopment": "None", "operatingExpenses": "189700000", "investmentIncomeNet": "None", "netInterestIncome": "-13100000", "interestIncome": "13100000", "interestExpense": "13100000", "nonInterestIncome": "None", "otherNonOperatingIncome": "600000", "depreciation": "None", "depreciationAndAmortization": "36400000", "incomeBeforeTax": "179800000", "incomeTaxExpense": "40000000", "interestAndDebtExpense": "None", "netIncomeFromContinuingOperations": "139800000", "comprehensiveIncomeNetOfTax": "None", "ebit": "192900000", "ebitda": "229300000", "netIncome": "139800000"}, {"fiscalDateEnding": "2022-12-31", "reportedCurrency": "USD", "grossProfit": "345700000", "totalRevenue": "810700000", "costOfRevenue": "465000000", "costofGoodsAndServicesSold": "465000000", "operatingIncome": "175000000", "sellingGeneralAndAdministrative": "154100000", "researchAndDevelopment": "95400000", "operatingExpenses": "169000000", "investmentIncomeNet": "None", "netInterestIncome": "-12100000", "interestIncome": "12100000", "interestExpense": "12100000", "nonInterestIncome": "None", "otherNonOperatingIncome": "600000", "depreciation": "None", "depreciationAndAmortization": "33500000", "incomeBeforeTax": "163500000", "incomeTaxExpense": "33500000", "interestAndDebtExpense": "None", "netIncomeFromContinuingOperations": "130000000", "comprehensiveIncomeNetOfTax": "None", "ebit": "175600000", "ebitda": "209100000", "netIncome": "130000000"}, {"fiscalDateEnding": "2022-09-30", "reportedCurrency": "USD", "grossProfit": "381800000", "totalRevenue": "824000000", "costOfRevenue": "442200000", "costofGoodsAndServicesSold": "442200000", "operatingIncome": "202200000", "sellingGeneralAndAdministrative": "161900000", "researchAndDevelopment": "None", "operatingExpenses": "161900000", "investmentIncomeNet": "None", "netInterestIncome": "-9600000", "interestIncome": "9600000", "interestExpense": "9600000", "nonInterestIncome": "None", "otherNonOperatingIncome": "35800000", "depreciation": "None", "depreciationAndAmortization": "29300000", "incomeBeforeTax": "228400000", "incomeTaxExpense": "49700000", "interestAndDebtExpense": "None", "netIncomeFromContinuingOperations": "178700000", "comprehensiveIncomeNetOfTax": "None", "ebit": "238000000", "ebitda": "267300000", "netIncome": "178700000"}, {"fiscalDateEnding": "2022-06-30", "reportedCurrency": "USD", "grossProfit": "356900000", "totalRevenue": "796100000", "costOfRevenue": "439200000", "costofGoodsAndServicesSold": "439200000", "operatingIncome": "186600000", "sellingGeneralAndAdministrative": "167500000", "researchAndDevelopment": "None", "operatingExpenses": "167500000", "investmentIncomeNet": "None", "netInterestIncome": "-9500000", "interestIncome": "9500000", "interestExpense": "9500000", "nonInterestIncome": "None", "otherNonOperatingIncome": "None", "depreciation": "None", "depreciationAndAmortization": "29400000", "incomeBeforeTax": "177100000", "incomeTaxExpense": "39000000", "interestAndDebtExpense": "None", "netIncomeFromContinuingOperations": "138100000", "comprehensiveIncomeNetOfTax": "None", "ebit": "186600000", "ebitda": "216000000", "netIncome": "138200000"}, {"fiscalDateEnding": "2022-03-31", "reportedCurrency": "USD", "grossProfit": "342500000", "totalRevenue": "751100000", "costOfRevenue": "408600000", "costofGoodsAndServicesSold": "408600000", "operatingIncome": "187600000", "sellingGeneralAndAdministrative": "154300000", "researchAndDevelopment": "None", "operatingExpenses": "154300000", "investmentIncomeNet": "None", "netInterestIncome": "-9500000", "interestIncome": "9500000", "interestExpense": "9500000", "nonInterestIncome": "None", "otherNonOperatingIncome": "2300000", "depreciation": "None", "depreciationAndAmortization": "27500000", "incomeBeforeTax": "180400000", "incomeTaxExpense": "40500000", "interestAndDebtExpense": "None", "netIncomeFromContinuingOperations": "139900000", "comprehensiveIncomeNetOfTax": "None", "ebit": "189900000", "ebitda": "217400000", "netIncome": "140000000"}, {"fiscalDateEnding": "2021-12-31", "reportedCurrency": "USD", "grossProfit": "314200000", "totalRevenue": "714800000", "costOfRevenue": "400600000", "costofGoodsAndServicesSold": "400600000", "operatingIncome": "162000000", "sellingGeneralAndAdministrative": "140800000", "researchAndDevelopment": "82900000", "operatingExpenses": "151500000", "investmentIncomeNet": "None", "netInterestIncome": "-9600000", "interestIncome": "9600000", "interestExpense": "9600000", "nonInterestIncome": "None", "otherNonOperatingIncome": "757000", "depreciation": "None", "depreciationAndAmortization": "30038000", "incomeBeforeTax": "153200000", "incomeTaxExpense": "34500000", "interestAndDebtExpense": "None", "netIncomeFromContinuingOperations": "118700000", "comprehensiveIncomeNetOfTax": "None", "ebit": "156225000", "ebitda": "186263000", "netIncome": "118800000"}, {"fiscalDateEnding": "2021-09-30", "reportedCurrency": "USD", "grossProfit": "311569000", "totalRevenue": "712019000", "costOfRevenue": "400450000", "costofGoodsAndServicesSold": "400450000", "operatingIncome": "161185000", "sellingGeneralAndAdministrative": "147180000", "researchAndDevelopment": "None", "operatingExpenses": "147180000", "investmentIncomeNet": "None", "netInterestIncome": "-9498000", "interestIncome": "9498000", "interestExpense": "9498000", "nonInterestIncome": "None", "otherNonOperatingIncome": "-630000", "depreciation": "None", "depreciationAndAmortization": "26969000", "incomeBeforeTax": "151057000", "incomeTaxExpense": "35343000", "interestAndDebtExpense": "None", "netIncomeFromContinuingOperations": "115714000", "comprehensiveIncomeNetOfTax": "None", "ebit": "160555000", "ebitda": "187524000", "netIncome": "115742000"}, {"fiscalDateEnding": "2021-06-30", "reportedCurrency": "USD", "grossProfit": "306072000", "totalRevenue": "685947000", "costOfRevenue": "379875000", "costofGoodsAndServicesSold": "379875000", "operatingIncome": "158256000", "sellingGeneralAndAdministrative": "144680000", "researchAndDevelopment": "None", "operatingExpenses": "144680000", "investmentIncomeNet": "None", "netInterestIncome": "-11205000", "interestIncome": "11205000", "interestExpense": "11205000", "nonInterestIncome": "None", "otherNonOperatingIncome": "-17175000", "depreciation": "None", "depreciationAndAmortization": "24426000", "incomeBeforeTax": "129876000", "incomeTaxExpense": "27697000", "interestAndDebtExpense": "None", "netIncomeFromContinuingOperations": "102179000", "comprehensiveIncomeNetOfTax": "None", "ebit": "143497000", "ebitda": "167923000", "netIncome": "102195000"}, {"fiscalDateEnding": "2021-03-31", "reportedCurrency": "USD", "grossProfit": "292623000", "totalRevenue": "652036000", "costOfRevenue": "359413000", "costofGoodsAndServicesSold": "359413000", "operatingIncome": "155547000", "sellingGeneralAndAdministrative": "134848000", "researchAndDevelopment": "None", "operatingExpenses": "134848000", "investmentIncomeNet": "None", "netInterestIncome": "-10776000", "interestIncome": "10776000", "interestExpense": "10776000", "nonInterestIncome": "None", "otherNonOperatingIncome": "848000", "depreciation": "None", "depreciationAndAmortization": "21544000", "incomeBeforeTax": "145619000", "incomeTaxExpense": "32947000", "interestAndDebtExpense": "None", "netIncomeFromContinuingOperations": "112672000", "comprehensiveIncomeNetOfTax": "None", "ebit": "157254000", "ebitda": "178798000", "netIncome": "112708000"}, {"fiscalDateEnding": "2020-12-31", "reportedCurrency": "USD", "grossProfit": "269168000", "totalRevenue": "614822000", "costOfRevenue": "345654000", "costofGoodsAndServicesSold": "345654000", "operatingIncome": "138965000", "sellingGeneralAndAdministrative": "132015000", "researchAndDevelopment": "82300000", "operatingExpenses": "125185000", "investmentIncomeNet": "None", "netInterestIncome": "-10788000", "interestIncome": "10788000", "interestExpense": "10788000", "nonInterestIncome": "None", "otherNonOperatingIncome": "1694000", "depreciation": "None", "depreciationAndAmortization": "21521000", "incomeBeforeTax": "129871000", "incomeTaxExpense": "28803000", "interestAndDebtExpense": "None", "netIncomeFromContinuingOperations": "101068000", "comprehensiveIncomeNetOfTax": "None", "ebit": "141527000", "ebitda": "163048000", "netIncome": "101068000"}, {"fiscalDateEnding": "2020-09-30", "reportedCurrency": "USD", "grossProfit": "251500000", "totalRevenue": "581113000", "costOfRevenue": "329613000", "costofGoodsAndServicesSold": "329613000", "operatingIncome": "131213000", "sellingGeneralAndAdministrative": "117370000", "researchAndDevelopment": "None", "operatingExpenses": "117370000", "investmentIncomeNet": "None", "netInterestIncome": "-10642000", "interestIncome": "10642000", "interestExpense": "10642000", "nonInterestIncome": "None", "otherNonOperatingIncome": "704000", "depreciation": "None", "depreciationAndAmortization": "21351000", "incomeBeforeTax": "121275000", "incomeTaxExpense": "17427000", "interestAndDebtExpense": "None", "netIncomeFromContinuingOperations": "103848000", "comprehensiveIncomeNetOfTax": "None", "ebit": "132786000", "ebitda": "154137000", "netIncome": "103848000"}, {"fiscalDateEnding": "2020-06-30", "reportedCurrency": "USD", "grossProfit": "234800000", "totalRevenue": "561249000", "costOfRevenue": "326449000", "costofGoodsAndServicesSold": "326449000", "operatingIncome": "110594000", "sellingGeneralAndAdministrative": "17000000", "researchAndDevelopment": "None", "operatingExpenses": "120365000", "investmentIncomeNet": "None", "netInterestIncome": "-12439000", "interestIncome": "12439000", "interestExpense": "12439000", "nonInterestIncome": "None", "otherNonOperatingIncome": "-6460000", "depreciation": "None", "depreciationAndAmortization": "20626000", "incomeBeforeTax": "91695000", "incomeTaxExpense": "20831000", "interestAndDebtExpense": "None", "netIncomeFromContinuingOperations": "70864000", "comprehensiveIncomeNetOfTax": "None", "ebit": "106873000", "ebitda": "127499000", "netIncome": "70864000"}, {"fiscalDateEnding": "2020-03-31", "reportedCurrency": "USD", "grossProfit": "271956000", "totalRevenue": "594462000", "costOfRevenue": "322506000", "costofGoodsAndServicesSold": "322506000", "operatingIncome": "139941000", "sellingGeneralAndAdministrative": "132015000", "researchAndDevelopment": "None", "operatingExpenses": "132015000", "investmentIncomeNet": "None", "netInterestIncome": "-10877000", "interestIncome": "10877000", "interestExpense": "10877000", "nonInterestIncome": "None", "otherNonOperatingIncome": "-1565000", "depreciation": "None", "depreciationAndAmortization": "19997000", "incomeBeforeTax": "127499000", "incomeTaxExpense": "25501000", "interestAndDebtExpense": "None", "netIncomeFromContinuingOperations": "101998000", "comprehensiveIncomeNetOfTax": "None", "ebit": "127499000", "ebitda": "147496000", "netIncome": "101998000"}, {"fiscalDateEnding": "2019-12-31", "reportedCurrency": "USD", "grossProfit": "266885000", "totalRevenue": "605997000", "costOfRevenue": "339112000", "costofGoodsAndServicesSold": "339112000", "operatingIncome": "134173000", "sellingGeneralAndAdministrative": "125750000", "researchAndDevelopment": "92400000", "operatingExpenses": "125750000", "investmentIncomeNet": "None", "netInterestIncome": "-11079000", "interestIncome": "11079000", "interestExpense": "11079000", "nonInterestIncome": "None", "otherNonOperatingIncome": "-1058000", "depreciation": "None", "depreciationAndAmortization": "19530000", "incomeBeforeTax": "122036000", "incomeTaxExpense": "25186000", "interestAndDebtExpense": "None", "netIncomeFromContinuingOperations": "96850000", "comprehensiveIncomeNetOfTax": "None", "ebit": "131525000", "ebitda": "151055000", "netIncome": "96850000"}, {"fiscalDateEnding": "2019-09-30", "reportedCurrency": "USD", "grossProfit": "281978000", "totalRevenue": "624246000", "costOfRevenue": "342268000", "costofGoodsAndServicesSold": "342268000", "operatingIncome": "141765000", "sellingGeneralAndAdministrative": "128257000", "researchAndDevelopment": "None", "operatingExpenses": "128257000", "investmentIncomeNet": "None", "netInterestIncome": "-11330000", "interestIncome": "11330000", "interestExpense": "11330000", "nonInterestIncome": "None", "otherNonOperatingIncome": "-1219000", "depreciation": "None", "depreciationAndAmortization": "19523000", "incomeBeforeTax": "129216000", "incomeTaxExpense": "24022000", "interestAndDebtExpense": "None", "netIncomeFromContinuingOperations": "105194000", "comprehensiveIncomeNetOfTax": "None", "ebit": "138980000", "ebitda": "158503000", "netIncome": "105194000"}, {"fiscalDateEnding": "2019-06-30", "reportedCurrency": "USD", "grossProfit": "292337000", "totalRevenue": "642099000", "costOfRevenue": "349762000", "costofGoodsAndServicesSold": "349762000", "operatingIncome": "155283000", "sellingGeneralAndAdministrative": "134928000", "researchAndDevelopment": "None", "operatingExpenses": "134928000", "investmentIncomeNet": "None", "netInterestIncome": "-11011000", "interestIncome": "11011000", "interestExpense": "11011000", "nonInterestIncome": "None", "otherNonOperatingIncome": "378000", "depreciation": "None", "depreciationAndAmortization": "19164000", "incomeBeforeTax": "144650000", "incomeTaxExpense": "31441000", "interestAndDebtExpense": "None", "netIncomeFromContinuingOperations": "113209000", "comprehensiveIncomeNetOfTax": "None", "ebit": "157244000", "ebitda": "176408000", "netIncome": "113209000"}, {"fiscalDateEnding": "2019-03-31", "reportedCurrency": "USD", "grossProfit": "283834000", "totalRevenue": "622231000", "costOfRevenue": "338397000", "costofGoodsAndServicesSold": "338397000", "operatingIncome": "147782000", "sellingGeneralAndAdministrative": "136052000", "researchAndDevelopment": "None", "operatingExpenses": "136052000", "investmentIncomeNet": "None", "netInterestIncome": "-10921000", "interestIncome": "None", "interestExpense": "10921000", "nonInterestIncome": "None", "otherNonOperatingIncome": "140000", "depreciation": "None", "depreciationAndAmortization": "18659000", "incomeBeforeTax": "137001000", "incomeTaxExpense": "26733000", "interestAndDebtExpense": "None", "netIncomeFromContinuingOperations": "110268000", "comprehensiveIncomeNetOfTax": "None", "ebit": "149510000", "ebitda": "168169000", "netIncome": "110268000"}, {"fiscalDateEnding": "2018-12-31", "reportedCurrency": "USD", "grossProfit": "273643000", "totalRevenue": "614094000", "costOfRevenue": "340451000", "costofGoodsAndServicesSold": "340451000", "operatingIncome": "139441000", "sellingGeneralAndAdministrative": "130370000", "researchAndDevelopment": "84900000", "operatingExpenses": "130370000", "investmentIncomeNet": "None", "netInterestIncome": "None", "interestIncome": "None", "interestExpense": "11036000", "nonInterestIncome": "None", "otherNonOperatingIncome": "420000", "depreciation": "None", "depreciationAndAmortization": "18314000", "incomeBeforeTax": "128825000", "incomeTaxExpense": "30688000", "interestAndDebtExpense": "None", "netIncomeFromContinuingOperations": "98137000", "comprehensiveIncomeNetOfTax": "None", "ebit": "141467000", "ebitda": "159781000", "netIncome": "98137000"}, {"fiscalDateEnding": "2018-09-30", "reportedCurrency": "USD", "grossProfit": "280233000", "totalRevenue": "622888000", "costOfRevenue": "342655000", "costofGoodsAndServicesSold": "342655000", "operatingIncome": "145133000", "sellingGeneralAndAdministrative": "130479000", "researchAndDevelopment": "0", "operatingExpenses": "130479000", "investmentIncomeNet": "None", "netInterestIncome": "None", "interestIncome": "None", "interestExpense": "10958000", "nonInterestIncome": "None", "otherNonOperatingIncome": "-934000", "depreciation": "None", "depreciationAndAmortization": "18606000", "incomeBeforeTax": "133241000", "incomeTaxExpense": "26889000", "interestAndDebtExpense": "None", "netIncomeFromContinuingOperations": "106352000", "comprehensiveIncomeNetOfTax": "None", "ebit": "145809000", "ebitda": "164415000", "netIncome": "106352000"}, {"fiscalDateEnding": "2018-06-30", "reportedCurrency": "USD", "grossProfit": "287367000", "totalRevenue": "634360000", "costOfRevenue": "346993000", "costofGoodsAndServicesSold": "346993000", "operatingIncome": "147831000", "sellingGeneralAndAdministrative": "137548000", "researchAndDevelopment": "0", "operatingExpenses": "137548000", "investmentIncomeNet": "None", "netInterestIncome": "None", "interestIncome": "None", "interestExpense": "11140000", "nonInterestIncome": "None", "otherNonOperatingIncome": "50000", "depreciation": "None", "depreciationAndAmortization": "19570000", "incomeBeforeTax": "136741000", "incomeTaxExpense": "29615000", "interestAndDebtExpense": "None", "netIncomeFromContinuingOperations": "107126000", "comprehensiveIncomeNetOfTax": "None", "ebit": "149508000", "ebitda": "169078000", "netIncome": "107126000"}, {"fiscalDateEnding": "2018-03-31", "reportedCurrency": "USD", "grossProfit": "276652000", "totalRevenue": "612324000", "costOfRevenue": "335672000", "costofGoodsAndServicesSold": "335672000", "operatingIncome": "136683000", "sellingGeneralAndAdministrative": "138327000", "researchAndDevelopment": "0", "operatingExpenses": "138327000", "investmentIncomeNet": "None", "netInterestIncome": "None", "interestIncome": "None", "interestExpense": "11000000", "nonInterestIncome": "None", "otherNonOperatingIncome": "4449000", "depreciation": "None", "depreciationAndAmortization": "21054000", "incomeBeforeTax": "130132000", "incomeTaxExpense": "31174000", "interestAndDebtExpense": "None", "netIncomeFromContinuingOperations": "98958000", "comprehensiveIncomeNetOfTax": "None", "ebit": "142764000", "ebitda": "163818000", "netIncome": "98958000"}, {"fiscalDateEnding": "2017-12-31", "reportedCurrency": "USD", "grossProfit": "260882000", "totalRevenue": "585904000", "costOfRevenue": "325022000", "costofGoodsAndServicesSold": "325022000", "operatingIncome": "135248000", "sellingGeneralAndAdministrative": "131249000", "researchAndDevelopment": "76400000", "operatingExpenses": "131249000", "investmentIncomeNet": "None", "netInterestIncome": "None", "interestIncome": "None", "interestExpense": "10969000", "nonInterestIncome": "None", "otherNonOperatingIncome": "-677000", "depreciation": "None", "depreciationAndAmortization": "20410000", "incomeBeforeTax": "123602000", "incomeTaxExpense": "29856000", "interestAndDebtExpense": "None", "netIncomeFromContinuingOperations": "93746000", "comprehensiveIncomeNetOfTax": "None", "ebit": "136222000", "ebitda": "156632000", "netIncome": "93746000"}, {"fiscalDateEnding": "2017-09-30", "reportedCurrency": "USD", "grossProfit": "257930000", "totalRevenue": "574490000", "costOfRevenue": "316560000", "costofGoodsAndServicesSold": "316560000", "operatingIncome": "126504000", "sellingGeneralAndAdministrative": "131426000", "researchAndDevelopment": "0", "operatingExpenses": "131426000", "investmentIncomeNet": "None", "netInterestIncome": "None", "interestIncome": "None", "interestExpense": "11064000", "nonInterestIncome": "None", "otherNonOperatingIncome": "-1653000", "depreciation": "None", "depreciationAndAmortization": "21280000", "incomeBeforeTax": "113787000", "incomeTaxExpense": "30019000", "interestAndDebtExpense": "None", "netIncomeFromContinuingOperations": "83768000", "comprehensiveIncomeNetOfTax": "None", "ebit": "126532000", "ebitda": "147812000", "netIncome": "83768000"}, {"fiscalDateEnding": "2017-06-30", "reportedCurrency": "USD", "grossProfit": "256925000", "totalRevenue": "573366000", "costOfRevenue": "316441000", "costofGoodsAndServicesSold": "316441000", "operatingIncome": "125133000", "sellingGeneralAndAdministrative": "131792000", "researchAndDevelopment": "0", "operatingExpenses": "131792000", "investmentIncomeNet": "None", "netInterestIncome": "None", "interestIncome": "None", "interestExpense": "11304000", "nonInterestIncome": "None", "otherNonOperatingIncome": "-372000", "depreciation": "None", "depreciationAndAmortization": "21834000", "incomeBeforeTax": "113457000", "incomeTaxExpense": "29613000", "interestAndDebtExpense": "None", "netIncomeFromContinuingOperations": "83844000", "comprehensiveIncomeNetOfTax": "None", "ebit": "126407000", "ebitda": "148241000", "netIncome": "83844000"}, {"fiscalDateEnding": "2017-03-31", "reportedCurrency": "USD", "grossProfit": "250941000", "totalRevenue": "553552000", "costOfRevenue": "302611000", "costofGoodsAndServicesSold": "302611000", "operatingIncome": "115671000", "sellingGeneralAndAdministrative": "130473000", "researchAndDevelopment": "0", "operatingExpenses": "130473000", "investmentIncomeNet": "None", "netInterestIncome": "None", "interestIncome": "None", "interestExpense": "11552000", "nonInterestIncome": "None", "otherNonOperatingIncome": "308000", "depreciation": "None", "depreciationAndAmortization": "20692000", "incomeBeforeTax": "104427000", "incomeTaxExpense": "28528000", "interestAndDebtExpense": "None", "netIncomeFromContinuingOperations": "75899000", "comprehensiveIncomeNetOfTax": "None", "ebit": "117656000", "ebitda": "138348000", "netIncome": "75899000"}, {"fiscalDateEnding": "2016-12-31", "reportedCurrency": "USD", "grossProfit": "232485000", "totalRevenue": "530419000", "costOfRevenue": "297934000", "costofGoodsAndServicesSold": "297934000", "operatingIncome": "81411000", "sellingGeneralAndAdministrative": "127169000", "researchAndDevelopment": "39400000", "operatingExpenses": "127169000", "investmentIncomeNet": "None", "netInterestIncome": "None", "interestIncome": "None", "interestExpense": "12009000", "nonInterestIncome": "None", "otherNonOperatingIncome": "3345000", "depreciation": "None", "depreciationAndAmortization": "22568000", "incomeBeforeTax": "72747000", "incomeTaxExpense": "15400000", "interestAndDebtExpense": "None", "netIncomeFromContinuingOperations": "57347000", "comprehensiveIncomeNetOfTax": "None", "ebit": "86463000", "ebitda": "109031000", "netIncome": "57347000"}, {"fiscalDateEnding": "2016-09-30", "reportedCurrency": "USD", "grossProfit": "230889000", "totalRevenue": "530356000", "costOfRevenue": "299467000", "costofGoodsAndServicesSold": "299467000", "operatingIncome": "108857000", "sellingGeneralAndAdministrative": "119965000", "researchAndDevelopment": "0", "operatingExpenses": "119965000", "investmentIncomeNet": "None", "netInterestIncome": "None", "interestIncome": "None", "interestExpense": "11913000", "nonInterestIncome": "None", "otherNonOperatingIncome": "2364000", "depreciation": "None", "depreciationAndAmortization": "22192000", "incomeBeforeTax": "99308000", "incomeTaxExpense": "29435000", "interestAndDebtExpense": "None", "netIncomeFromContinuingOperations": "69873000", "comprehensiveIncomeNetOfTax": "None", "ebit": "112922000", "ebitda": "135114000", "netIncome": "69873000"}, {"fiscalDateEnding": "2016-06-30", "reportedCurrency": "USD", "grossProfit": "244058000", "totalRevenue": "549696000", "costOfRevenue": "305638000", "costofGoodsAndServicesSold": "305638000", "operatingIncome": "112976000", "sellingGeneralAndAdministrative": "131082000", "researchAndDevelopment": "0", "operatingExpenses": "131082000", "investmentIncomeNet": "None", "netInterestIncome": "None", "interestIncome": "None", "interestExpense": "11205000", "nonInterestIncome": "None", "otherNonOperatingIncome": "1874000", "depreciation": "None", "depreciationAndAmortization": "22175000", "incomeBeforeTax": "103645000", "incomeTaxExpense": "27886000", "interestAndDebtExpense": "None", "netIncomeFromContinuingOperations": "75759000", "comprehensiveIncomeNetOfTax": "None", "ebit": "114850000", "ebitda": "137025000", "netIncome": "75759000"}, {"fiscalDateEnding": "2016-03-31", "reportedCurrency": "USD", "grossProfit": "223335000", "totalRevenue": "502572000", "costOfRevenue": "279237000", "costofGoodsAndServicesSold": "279237000", "operatingIncome": "102557000", "sellingGeneralAndAdministrative": "120778000", "researchAndDevelopment": "0", "operatingExpenses": "120778000", "investmentIncomeNet": "None", "netInterestIncome": "None", "interestIncome": "None", "interestExpense": "10489000", "nonInterestIncome": "None", "otherNonOperatingIncome": "744000", "depreciation": "None", "depreciationAndAmortization": "19957000", "incomeBeforeTax": "92812000", "incomeTaxExpense": "24682000", "interestAndDebtExpense": "None", "netIncomeFromContinuingOperations": "68130000", "comprehensiveIncomeNetOfTax": "None", "ebit": "103301000", "ebitda": "123258000", "netIncome": "68130000"}, {"fiscalDateEnding": "2015-12-31", "reportedCurrency": "USD", "grossProfit": "223399000", "totalRevenue": "499798000", "costOfRevenue": "276399000", "costofGoodsAndServicesSold": "276399000", "operatingIncome": "98259000", "sellingGeneralAndAdministrative": "118624000", "researchAndDevelopment": "33600000", "operatingExpenses": "118624000", "investmentIncomeNet": "None", "netInterestIncome": "None", "interestIncome": "None", "interestExpense": "10226000", "nonInterestIncome": "None", "otherNonOperatingIncome": "654000", "depreciation": "None", "depreciationAndAmortization": "20146000", "incomeBeforeTax": "88687000", "incomeTaxExpense": "20924000", "interestAndDebtExpense": "None", "netIncomeFromContinuingOperations": "67763000", "comprehensiveIncomeNetOfTax": "None", "ebit": "98913000", "ebitda": "119059000", "netIncome": "67763000"}, {"fiscalDateEnding": "2015-09-30", "reportedCurrency": "USD", "grossProfit": "223260000", "totalRevenue": "503791000", "costOfRevenue": "280531000", "costofGoodsAndServicesSold": "280531000", "operatingIncome": "121813000", "sellingGeneralAndAdministrative": "114794000", "researchAndDevelopment": "0", "operatingExpenses": "114794000", "investmentIncomeNet": "None", "netInterestIncome": "None", "interestIncome": "None", "interestExpense": "10229000", "nonInterestIncome": "None", "otherNonOperatingIncome": "693000", "depreciation": "None", "depreciationAndAmortization": "20377000", "incomeBeforeTax": "112277000", "incomeTaxExpense": "32772000", "interestAndDebtExpense": "None", "netIncomeFromContinuingOperations": "79505000", "comprehensiveIncomeNetOfTax": "None", "ebit": "122506000", "ebitda": "142883000", "netIncome": "79505000"}, {"fiscalDateEnding": "2015-06-30", "reportedCurrency": "USD", "grossProfit": "231615000", "totalRevenue": "514881000", "costOfRevenue": "283266000", "costofGoodsAndServicesSold": "283266000", "operatingIncome": "109909000", "sellingGeneralAndAdministrative": "121706000", "researchAndDevelopment": "0", "operatingExpenses": "121706000", "investmentIncomeNet": "None", "netInterestIncome": "None", "interestIncome": "None", "interestExpense": "10584000", "nonInterestIncome": "None", "otherNonOperatingIncome": "-827000", "depreciation": "None", "depreciationAndAmortization": "19087000", "incomeBeforeTax": "98498000", "incomeTaxExpense": "28913000", "interestAndDebtExpense": "None", "netIncomeFromContinuingOperations": "69585000", "comprehensiveIncomeNetOfTax": "None", "ebit": "109082000", "ebitda": "128169000", "netIncome": "69585000"}, {"fiscalDateEnding": "2015-03-31", "reportedCurrency": "USD", "grossProfit": "226041000", "totalRevenue": "502198000", "costOfRevenue": "276157000", "costofGoodsAndServicesSold": "276157000", "operatingIncome": "101757000", "sellingGeneralAndAdministrative": "124284000", "researchAndDevelopment": "0", "operatingExpenses": "124284000", "investmentIncomeNet": "None", "netInterestIncome": "None", "interestIncome": "None", "interestExpense": "10597000", "nonInterestIncome": "None", "otherNonOperatingIncome": "1723000", "depreciation": "None", "depreciationAndAmortization": "18510000", "incomeBeforeTax": "92883000", "incomeTaxExpense": "26929000", "interestAndDebtExpense": "None", "netIncomeFromContinuingOperations": "65954000", "comprehensiveIncomeNetOfTax": "None", "ebit": "103480000", "ebitda": "121990000", "netIncome": "65954000"}, {"fiscalDateEnding": "2014-12-31", "reportedCurrency": "USD", "grossProfit": "229117000", "totalRevenue": "523899000", "costOfRevenue": "294782000", "costofGoodsAndServicesSold": "294782000", "operatingIncome": "94454000", "sellingGeneralAndAdministrative": "120991000", "researchAndDevelopment": "36800000", "operatingExpenses": "120991000", "investmentIncomeNet": "None", "netInterestIncome": "None", "interestIncome": "None", "interestExpense": "10572000", "nonInterestIncome": "None", "otherNonOperatingIncome": "1460000", "depreciation": "None", "depreciationAndAmortization": "18625000", "incomeBeforeTax": "85342000", "incomeTaxExpense": "23722000", "interestAndDebtExpense": "None", "netIncomeFromContinuingOperations": "61620000", "comprehensiveIncomeNetOfTax": "None", "ebit": "95914000", "ebitda": "114539000", "netIncome": "61620000"}, {"fiscalDateEnding": "2014-09-30", "reportedCurrency": "USD", "grossProfit": "234646000", "totalRevenue": "533179000", "costOfRevenue": "298533000", "costofGoodsAndServicesSold": "298533000", "operatingIncome": "110847000", "sellingGeneralAndAdministrative": "123799000", "researchAndDevelopment": "0", "operatingExpenses": "123799000", "investmentIncomeNet": "None", "netInterestIncome": "None", "interestIncome": "None", "interestExpense": "10461000", "nonInterestIncome": "None", "otherNonOperatingIncome": "944000", "depreciation": "None", "depreciationAndAmortization": "19609000", "incomeBeforeTax": "101330000", "incomeTaxExpense": "29889000", "interestAndDebtExpense": "None", "netIncomeFromContinuingOperations": "71441000", "comprehensiveIncomeNetOfTax": "None", "ebit": "111791000", "ebitda": "131400000", "netIncome": "71441000"}, {"fiscalDateEnding": "2014-06-30", "reportedCurrency": "USD", "grossProfit": "241132000", "totalRevenue": "546693000", "costOfRevenue": "305561000", "costofGoodsAndServicesSold": "305561000", "operatingIncome": "112088000", "sellingGeneralAndAdministrative": "129044000", "researchAndDevelopment": "0", "operatingExpenses": "129044000", "investmentIncomeNet": "None", "netInterestIncome": "None", "interestIncome": "None", "interestExpense": "10405000", "nonInterestIncome": "None", "otherNonOperatingIncome": "-137000", "depreciation": "None", "depreciationAndAmortization": "19416000", "incomeBeforeTax": "101546000", "incomeTaxExpense": "29769000", "interestAndDebtExpense": "None", "netIncomeFromContinuingOperations": "71777000", "comprehensiveIncomeNetOfTax": "None", "ebit": "111951000", "ebitda": "131367000", "netIncome": "71777000"}, {"fiscalDateEnding": "2014-03-31", "reportedCurrency": "USD", "grossProfit": "244420000", "totalRevenue": "543996000", "costOfRevenue": "299576000", "costofGoodsAndServicesSold": "299576000", "operatingIncome": "113835000", "sellingGeneralAndAdministrative": "130585000", "researchAndDevelopment": "0", "operatingExpenses": "130585000", "investmentIncomeNet": "None", "netInterestIncome": "None", "interestIncome": "None", "interestExpense": "10457000", "nonInterestIncome": "None", "otherNonOperatingIncome": "844000", "depreciation": "None", "depreciationAndAmortization": "19257000", "incomeBeforeTax": "104222000", "incomeTaxExpense": "29674000", "interestAndDebtExpense": "None", "netIncomeFromContinuingOperations": "74548000", "comprehensiveIncomeNetOfTax": "None", "ebit": "114679000", "ebitda": "133936000", "netIncome": "74548000"}, {"fiscalDateEnding": "2013-12-31", "reportedCurrency": "USD", "grossProfit": "227009000", "totalRevenue": "520620000", "costOfRevenue": "293611000", "costofGoodsAndServicesSold": "293611000", "operatingIncome": "103873000", "sellingGeneralAndAdministrative": "123136000", "researchAndDevelopment": "33000000", "operatingExpenses": "123136000", "investmentIncomeNet": "None", "netInterestIncome": "None", "interestIncome": "None", "interestExpense": "10482000", "nonInterestIncome": "None", "otherNonOperatingIncome": "-696000", "depreciation": "None", "depreciationAndAmortization": "19639000", "incomeBeforeTax": "92695000", "incomeTaxExpense": "25140000", "interestAndDebtExpense": "None", "netIncomeFromContinuingOperations": "67555000", "comprehensiveIncomeNetOfTax": "None", "ebit": "103177000", "ebitda": "122816000", "netIncome": "67555000"}, {"fiscalDateEnding": "2013-09-30", "reportedCurrency": "USD", "grossProfit": "211509000", "totalRevenue": "490617000", "costOfRevenue": "279108000", "costofGoodsAndServicesSold": "279108000", "operatingIncome": "97369000", "sellingGeneralAndAdministrative": "114140000", "researchAndDevelopment": "0", "operatingExpenses": "114140000", "investmentIncomeNet": "None", "netInterestIncome": "None", "interestIncome": "None", "interestExpense": "10570000", "nonInterestIncome": "None", "otherNonOperatingIncome": "-188000", "depreciation": "None", "depreciationAndAmortization": "19779000", "incomeBeforeTax": "86611000", "incomeTaxExpense": "22812000", "interestAndDebtExpense": "None", "netIncomeFromContinuingOperations": "63799000", "comprehensiveIncomeNetOfTax": "None", "ebit": "97181000", "ebitda": "116960000", "netIncome": "63799000"}, {"fiscalDateEnding": "2013-06-30", "reportedCurrency": "USD", "grossProfit": "222849000", "totalRevenue": "518445000", "costOfRevenue": "295596000", "costofGoodsAndServicesSold": "295596000", "operatingIncome": "99559000", "sellingGeneralAndAdministrative": "123290000", "researchAndDevelopment": "0", "operatingExpenses": "123290000", "investmentIncomeNet": "None", "netInterestIncome": "None", "interestIncome": "None", "interestExpense": "10597000", "nonInterestIncome": "None", "otherNonOperatingIncome": "-573000", "depreciation": "None", "depreciationAndAmortization": "20077000", "incomeBeforeTax": "88389000", "incomeTaxExpense": "25828000", "interestAndDebtExpense": "None", "netIncomeFromContinuingOperations": "62561000", "comprehensiveIncomeNetOfTax": "None", "ebit": "98986000", "ebitda": "119063000", "netIncome": "62561000"}, {"fiscalDateEnding": "2013-03-31", "reportedCurrency": "USD", "grossProfit": "211997000", "totalRevenue": "494448000", "costOfRevenue": "282451000", "costofGoodsAndServicesSold": "282451000", "operatingIncome": "94712000", "sellingGeneralAndAdministrative": "117285000", "researchAndDevelopment": "0", "operatingExpenses": "117285000", "investmentIncomeNet": "None", "netInterestIncome": "None", "interestIncome": "None", "interestExpense": "10557000", "nonInterestIncome": "None", "otherNonOperatingIncome": "1279000", "depreciation": "None", "depreciationAndAmortization": "19839000", "incomeBeforeTax": "85434000", "incomeTaxExpense": "24134000", "interestAndDebtExpense": "None", "netIncomeFromContinuingOperations": "61300000", "comprehensiveIncomeNetOfTax": "None", "ebit": "95991000", "ebitda": "115830000", "netIncome": "61300000"}, {"fiscalDateEnding": "2012-12-31", "reportedCurrency": "USD", "grossProfit": "202858000", "totalRevenue": "490838000", "costOfRevenue": "287980000", "costofGoodsAndServicesSold": "287980000", "operatingIncome": "-125589000", "sellingGeneralAndAdministrative": "112059000", "researchAndDevelopment": "36400000", "operatingExpenses": "112059000", "investmentIncomeNet": "None", "netInterestIncome": "None", "interestIncome": "None", "interestExpense": "10516000", "nonInterestIncome": "None", "otherNonOperatingIncome": "217000", "depreciation": "None", "depreciationAndAmortization": "20374000", "incomeBeforeTax": "-135888000", "incomeTaxExpense": "-16869000", "interestAndDebtExpense": "None", "netIncomeFromContinuingOperations": "-119019000", "comprehensiveIncomeNetOfTax": "None", "ebit": "-125372000", "ebitda": "-104998000", "netIncome": "-119019000"}, {"fiscalDateEnding": "2012-09-30", "reportedCurrency": "USD", "grossProfit": "194840000", "totalRevenue": "479859000", "costOfRevenue": "285019000", "costofGoodsAndServicesSold": "285019000", "operatingIncome": "80588000", "sellingGeneralAndAdministrative": "107167000", "researchAndDevelopment": "0", "operatingExpenses": "107167000", "investmentIncomeNet": "None", "netInterestIncome": "None", "interestIncome": "None", "interestExpense": "10536000", "nonInterestIncome": "None", "otherNonOperatingIncome": "132000", "depreciation": "None", "depreciationAndAmortization": "19545000", "incomeBeforeTax": "70184000", "incomeTaxExpense": "20057000", "interestAndDebtExpense": "None", "netIncomeFromContinuingOperations": "50127000", "comprehensiveIncomeNetOfTax": "None", "ebit": "80720000", "ebitda": "100265000", "netIncome": "50127000"}, {"fiscalDateEnding": "2012-06-30", "reportedCurrency": "USD", "grossProfit": "203113000", "totalRevenue": "494144000", "costOfRevenue": "291031000", "costofGoodsAndServicesSold": "291031000", "operatingIncome": "88650000", "sellingGeneralAndAdministrative": "111882000", "researchAndDevelopment": "0", "operatingExpenses": "111882000", "investmentIncomeNet": "None", "netInterestIncome": "None", "interestIncome": "None", "interestExpense": "10536000", "nonInterestIncome": "None", "otherNonOperatingIncome": "-230000", "depreciation": "None", "depreciationAndAmortization": "19203000", "incomeBeforeTax": "77884000", "incomeTaxExpense": "23533000", "interestAndDebtExpense": "None", "netIncomeFromContinuingOperations": "54351000", "comprehensiveIncomeNetOfTax": "None", "ebit": "88420000", "ebitda": "107623000", "netIncome": "54351000"}, {"fiscalDateEnding": "2012-03-31", "reportedCurrency": "USD", "grossProfit": "202889000", "totalRevenue": "489417000", "costOfRevenue": "286528000", "costofGoodsAndServicesSold": "286528000", "operatingIncome": "84569000", "sellingGeneralAndAdministrative": "113382000", "researchAndDevelopment": "0", "operatingExpenses": "113382000", "investmentIncomeNet": "None", "netInterestIncome": "None", "interestIncome": "None", "interestExpense": "10662000", "nonInterestIncome": "None", "otherNonOperatingIncome": "117000", "depreciation": "None", "depreciationAndAmortization": "19190000", "incomeBeforeTax": "74024000", "incomeTaxExpense": "21853000", "interestAndDebtExpense": "None", "netIncomeFromContinuingOperations": "52171000", "comprehensiveIncomeNetOfTax": "None", "ebit": "84686000", "ebitda": "103876000", "netIncome": "52171000"}, {"fiscalDateEnding": "2011-12-31", "reportedCurrency": "USD", "grossProfit": "193602000", "totalRevenue": "480683000", "costOfRevenue": "287081000", "costofGoodsAndServicesSold": "287081000", "operatingIncome": "76001000", "sellingGeneralAndAdministrative": "108218000", "researchAndDevelopment": "36000000", "operatingExpenses": "108218000", "investmentIncomeNet": "None", "netInterestIncome": "None", "interestIncome": "None", "interestExpense": "8395000", "nonInterestIncome": "None", "otherNonOperatingIncome": "-442000", "depreciation": "None", "depreciationAndAmortization": "19269000", "incomeBeforeTax": "67164000", "incomeTaxExpense": "19776000", "interestAndDebtExpense": "None", "netIncomeFromContinuingOperations": "47388000", "comprehensiveIncomeNetOfTax": "None", "ebit": "3173000", "ebitda": "22442000", "netIncome": "47388000"}, {"fiscalDateEnding": "2011-09-30", "reportedCurrency": "USD", "grossProfit": "181532000", "totalRevenue": "476881000", "costOfRevenue": "295349000", "costofGoodsAndServicesSold": "295349000", "operatingIncome": "71305000", "sellingGeneralAndAdministrative": "107296000", "researchAndDevelopment": "0", "operatingExpenses": "107296000", "investmentIncomeNet": "None", "netInterestIncome": "None", "interestIncome": "None", "interestExpense": "7763000", "nonInterestIncome": "None", "otherNonOperatingIncome": "-441000", "depreciation": "None", "depreciationAndAmortization": "20541000", "incomeBeforeTax": "63101000", "incomeTaxExpense": "14765000", "interestAndDebtExpense": "None", "netIncomeFromContinuingOperations": "48336000", "comprehensiveIncomeNetOfTax": "None", "ebit": "70863000", "ebitda": "91404000", "netIncome": "48336000"}, {"fiscalDateEnding": "2011-06-30", "reportedCurrency": "USD", "grossProfit": "184839000", "totalRevenue": "453798000", "costOfRevenue": "268959000", "costofGoodsAndServicesSold": "268959000", "operatingIncome": "79629000", "sellingGeneralAndAdministrative": "105210000", "researchAndDevelopment": "0", "operatingExpenses": "105210000", "investmentIncomeNet": "None", "netInterestIncome": "None", "interestIncome": "None", "interestExpense": "6720000", "nonInterestIncome": "None", "otherNonOperatingIncome": "347000", "depreciation": "None", "depreciationAndAmortization": "16954000", "incomeBeforeTax": "73256000", "incomeTaxExpense": "23074000", "interestAndDebtExpense": "None", "netIncomeFromContinuingOperations": "50182000", "comprehensiveIncomeNetOfTax": "None", "ebit": "79976000", "ebitda": "96930000", "netIncome": "50182000"}, {"fiscalDateEnding": "2011-03-31", "reportedCurrency": "USD", "grossProfit": "178700000", "totalRevenue": "427089000", "costOfRevenue": "248389000", "costofGoodsAndServicesSold": "248389000", "operatingIncome": "77721000", "sellingGeneralAndAdministrative": "100979000", "researchAndDevelopment": "0", "operatingExpenses": "100979000", "investmentIncomeNet": "None", "netInterestIncome": "None", "interestIncome": "None", "interestExpense": "6454000", "nonInterestIncome": "None", "otherNonOperatingIncome": "-907000", "depreciation": "None", "depreciationAndAmortization": "15622000", "incomeBeforeTax": "70360000", "incomeTaxExpense": "22409000", "interestAndDebtExpense": "None", "netIncomeFromContinuingOperations": "47951000", "comprehensiveIncomeNetOfTax": "None", "ebit": "76814000", "ebitda": "92436000", "netIncome": "47951000"}, {"fiscalDateEnding": "2010-12-31", "reportedCurrency": "USD", "grossProfit": "161988000", "totalRevenue": "405218000", "costOfRevenue": "243230000", "costofGoodsAndServicesSold": "243230000", "operatingIncome": "66004000", "sellingGeneralAndAdministrative": "91311000", "researchAndDevelopment": "31800000", "operatingExpenses": "91311000", "investmentIncomeNet": "None", "netInterestIncome": "None", "interestIncome": "None", "interestExpense": "4955000", "nonInterestIncome": "None", "otherNonOperatingIncome": "None", "depreciation": "None", "depreciationAndAmortization": "13220000", "incomeBeforeTax": "60565000", "incomeTaxExpense": "19052000", "interestAndDebtExpense": "None", "netIncomeFromContinuingOperations": "0", "comprehensiveIncomeNetOfTax": "None", "ebit": "7412000", "ebitda": "20632000", "netIncome": "41513000"}, {"fiscalDateEnding": "2010-09-30", "reportedCurrency": "USD", "grossProfit": "154133000", "totalRevenue": "373731000", "costOfRevenue": "219598000", "costofGoodsAndServicesSold": "219598000", "operatingIncome": "62439000", "sellingGeneralAndAdministrative": "88170000", "researchAndDevelopment": "0", "operatingExpenses": "88170000", "investmentIncomeNet": "None", "netInterestIncome": "None", "interestIncome": "None", "interestExpense": "4162000", "nonInterestIncome": "None", "otherNonOperatingIncome": "-1101000", "depreciation": "None", "depreciationAndAmortization": "15235000", "incomeBeforeTax": "57176000", "incomeTaxExpense": "18612000", "interestAndDebtExpense": "None", "netIncomeFromContinuingOperations": "38564000", "comprehensiveIncomeNetOfTax": "None", "ebit": "61338000", "ebitda": "76573000", "netIncome": "38564000"}, {"fiscalDateEnding": "2010-06-30", "reportedCurrency": "USD", "grossProfit": "154821000", "totalRevenue": "378526000", "costOfRevenue": "223705000", "costofGoodsAndServicesSold": "223705000", "operatingIncome": "62780000", "sellingGeneralAndAdministrative": "91010000", "researchAndDevelopment": "0", "operatingExpenses": "91010000", "investmentIncomeNet": "None", "netInterestIncome": "None", "interestIncome": "None", "interestExpense": "3599000", "nonInterestIncome": "None", "otherNonOperatingIncome": "239000", "depreciation": "None", "depreciationAndAmortization": "15369000", "incomeBeforeTax": "59420000", "incomeTaxExpense": "19022000", "interestAndDebtExpense": "None", "netIncomeFromContinuingOperations": "40398000", "comprehensiveIncomeNetOfTax": "None", "ebit": "63019000", "ebitda": "78388000", "netIncome": "40398000"}, {"fiscalDateEnding": "2010-03-31", "reportedCurrency": "USD", "grossProfit": "147541000", "totalRevenue": "355598000", "costOfRevenue": "208057000", "costofGoodsAndServicesSold": "208057000", "operatingIncome": "57893000", "sellingGeneralAndAdministrative": "87781000", "researchAndDevelopment": "0", "operatingExpenses": "87781000", "investmentIncomeNet": "None", "netInterestIncome": "None", "interestIncome": "None", "interestExpense": "3434000", "nonInterestIncome": "None", "otherNonOperatingIncome": "None", "depreciation": "None", "depreciationAndAmortization": "14284000", "incomeBeforeTax": "54713000", "incomeTaxExpense": "18088000", "interestAndDebtExpense": "None", "netIncomeFromContinuingOperations": "0", "comprehensiveIncomeNetOfTax": "None", "ebit": "58147000", "ebitda": "72431000", "netIncome": "36625000"}, {"fiscalDateEnding": "2009-12-31", "reportedCurrency": "USD", "grossProfit": "139033000", "totalRevenue": "343344000", "costOfRevenue": "204311000", "costofGoodsAndServicesSold": "204311000", "operatingIncome": "52441000", "sellingGeneralAndAdministrative": "82766000", "researchAndDevelopment": "29600000", "operatingExpenses": "82766000", "investmentIncomeNet": "None", "netInterestIncome": "None", "interestIncome": "None", "interestExpense": "3966000", "nonInterestIncome": "None", "otherNonOperatingIncome": "None", "depreciation": "None", "depreciationAndAmortization": "14453000", "incomeBeforeTax": "48820000", "incomeTaxExpense": "15733000", "interestAndDebtExpense": "None", "netIncomeFromContinuingOperations": "0", "comprehensiveIncomeNetOfTax": "None", "ebit": "-3560000", "ebitda": "10893000", "netIncome": "33087000"}, {"fiscalDateEnding": "2009-09-30", "reportedCurrency": "USD", "grossProfit": "129058000", "totalRevenue": "323249000", "costOfRevenue": "194191000", "costofGoodsAndServicesSold": "194191000", "operatingIncome": "46517000", "sellingGeneralAndAdministrative": "79789000", "researchAndDevelopment": "0", "operatingExpenses": "79789000", "investmentIncomeNet": "None", "netInterestIncome": "None", "interestIncome": "None", "interestExpense": "3951000", "nonInterestIncome": "None", "otherNonOperatingIncome": "None", "depreciation": "None", "depreciationAndAmortization": "14135000", "incomeBeforeTax": "43948000", "incomeTaxExpense": "14171000", "interestAndDebtExpense": "None", "netIncomeFromContinuingOperations": "0", "comprehensiveIncomeNetOfTax": "None", "ebit": "47899000", "ebitda": "62034000", "netIncome": "29777000"}, {"fiscalDateEnding": "2009-06-30", "reportedCurrency": "USD", "grossProfit": "131101000", "totalRevenue": "336455000", "costOfRevenue": "205354000", "costofGoodsAndServicesSold": "205354000", "operatingIncome": "46735000", "sellingGeneralAndAdministrative": "81116000", "researchAndDevelopment": "0", "operatingExpenses": "81116000", "investmentIncomeNet": "None", "netInterestIncome": "None", "interestIncome": "None", "interestExpense": "4440000", "nonInterestIncome": "None", "otherNonOperatingIncome": "None", "depreciation": "None", "depreciationAndAmortization": "14164000", "incomeBeforeTax": "41910000", "incomeTaxExpense": "13988000", "interestAndDebtExpense": "None", "netIncomeFromContinuingOperations": "0", "comprehensiveIncomeNetOfTax": "None", "ebit": "46350000", "ebitda": "60514000", "netIncome": "27922000"}, {"fiscalDateEnding": "2009-03-31", "reportedCurrency": "USD", "grossProfit": "123194000", "totalRevenue": "326613000", "costOfRevenue": "203419000", "costofGoodsAndServicesSold": "203419000", "operatingIncome": "39161000", "sellingGeneralAndAdministrative": "81782000", "researchAndDevelopment": "0", "operatingExpenses": "81782000", "investmentIncomeNet": "None", "netInterestIncome": "None", "interestIncome": "None", "interestExpense": "4821000", "nonInterestIncome": "None", "otherNonOperatingIncome": "None", "depreciation": "None", "depreciationAndAmortization": "13594000", "incomeBeforeTax": "34149000", "incomeTaxExpense": "11544000", "interestAndDebtExpense": "None", "netIncomeFromContinuingOperations": "0", "comprehensiveIncomeNetOfTax": "None", "ebit": "38970000", "ebitda": "52564000", "netIncome": "22605000"}, {"fiscalDateEnding": "2008-12-31", "reportedCurrency": "USD", "grossProfit": "139137000", "totalRevenue": "355306000", "costOfRevenue": "216169000", "costofGoodsAndServicesSold": "216169000", "operatingIncome": "41108000", "sellingGeneralAndAdministrative": "85310000", "researchAndDevelopment": "29500000", "operatingExpenses": "85310000", "investmentIncomeNet": "None", "netInterestIncome": "None", "interestIncome": "None", "interestExpense": "18852000", "nonInterestIncome": "None", "otherNonOperatingIncome": "None", "depreciation": "None", "depreciationAndAmortization": "13507000", "incomeBeforeTax": "37113000", "incomeTaxExpense": "12261000", "interestAndDebtExpense": "None", "netIncomeFromContinuingOperations": "0", "comprehensiveIncomeNetOfTax": "None", "ebit": "53827000", "ebitda": "67334000", "netIncome": "24852000"}, {"fiscalDateEnding": "2008-09-30", "reportedCurrency": "USD", "grossProfit": "146397000", "totalRevenue": "365193000", "costOfRevenue": "218796000", "costofGoodsAndServicesSold": "218796000", "operatingIncome": "29417000", "sellingGeneralAndAdministrative": "81614000", "researchAndDevelopment": "0", "operatingExpenses": "111704000", "investmentIncomeNet": "None", "netInterestIncome": "None", "interestIncome": "None", "interestExpense": "3861000", "nonInterestIncome": "None", "otherNonOperatingIncome": "None", "depreciation": "None", "depreciationAndAmortization": "10724000", "incomeBeforeTax": "28279000", "incomeTaxExpense": "9204000", "interestAndDebtExpense": "None", "netIncomeFromContinuingOperations": "0", "comprehensiveIncomeNetOfTax": "None", "ebit": "34693000", "ebitda": "45417000", "netIncome": "19075000"}, {"fiscalDateEnding": "2008-06-30", "reportedCurrency": "USD", "grossProfit": "163208000", "totalRevenue": "397310000", "costOfRevenue": "234102000", "costofGoodsAndServicesSold": "234102000", "operatingIncome": "73808000", "sellingGeneralAndAdministrative": "89400000", "researchAndDevelopment": "0", "operatingExpenses": "89400000", "investmentIncomeNet": "None", "netInterestIncome": "None", "interestIncome": "None", "interestExpense": "4092000", "nonInterestIncome": "None", "otherNonOperatingIncome": "None", "depreciation": "None", "depreciationAndAmortization": "12223000", "incomeBeforeTax": "70703000", "incomeTaxExpense": "24649000", "interestAndDebtExpense": "None", "netIncomeFromContinuingOperations": "0", "comprehensiveIncomeNetOfTax": "None", "ebit": "61585000", "ebitda": "73808000", "netIncome": "46054000"}, {"fiscalDateEnding": "2008-03-31", "reportedCurrency": "USD", "grossProfit": "155167000", "totalRevenue": "371662000", "costOfRevenue": "216495000", "costofGoodsAndServicesSold": "216495000", "operatingIncome": "68099000", "sellingGeneralAndAdministrative": "87068000", "researchAndDevelopment": "0", "operatingExpenses": "87068000", "investmentIncomeNet": "None", "netInterestIncome": "None", "interestIncome": "None", "interestExpense": "5666000", "nonInterestIncome": "None", "otherNonOperatingIncome": "None", "depreciation": "None", "depreciationAndAmortization": "12145000", "incomeBeforeTax": "62608000", "incomeTaxExpense": "21229000", "interestAndDebtExpense": "None", "netIncomeFromContinuingOperations": "0", "comprehensiveIncomeNetOfTax": "None", "ebit": "55954000", "ebitda": "68099000", "netIncome": "41379000"}, {"fiscalDateEnding": "2007-12-31", "reportedCurrency": "USD", "grossProfit": "143586000", "totalRevenue": "345997000", "costOfRevenue": "202411000", "costofGoodsAndServicesSold": "202411000", "operatingIncome": "61518000", "sellingGeneralAndAdministrative": "82068000", "researchAndDevelopment": "28100000", "operatingExpenses": "82068000", "investmentIncomeNet": "None", "netInterestIncome": "None", "interestIncome": "None", "interestExpense": "5379000", "nonInterestIncome": "None", "otherNonOperatingIncome": "None", "depreciation": "None", "depreciationAndAmortization": "9848000", "incomeBeforeTax": "58042000", "incomeTaxExpense": "19661000", "interestAndDebtExpense": "None", "netIncomeFromContinuingOperations": "0", "comprehensiveIncomeNetOfTax": "None", "ebit": "61518000", "ebitda": "71366000", "netIncome": "38436000"}, {"fiscalDateEnding": "2007-09-30", "reportedCurrency": "USD", "grossProfit": "137665000", "totalRevenue": "334884000", "costOfRevenue": "197219000", "costofGoodsAndServicesSold": "197219000", "operatingIncome": "63148000", "sellingGeneralAndAdministrative": "74517000", "researchAndDevelopment": "0", "operatingExpenses": "74517000", "investmentIncomeNet": "None", "netInterestIncome": "None", "interestIncome": "None", "interestExpense": "5537000", "nonInterestIncome": "None", "otherNonOperatingIncome": "None", "depreciation": "None", "depreciationAndAmortization": "9941000", "incomeBeforeTax": "58048000", "incomeTaxExpense": "19231000", "interestAndDebtExpense": "None", "netIncomeFromContinuingOperations": "0", "comprehensiveIncomeNetOfTax": "None", "ebit": "63148000", "ebitda": "73089000", "netIncome": "38412000"}, {"fiscalDateEnding": "2007-06-30", "reportedCurrency": "USD", "grossProfit": "147534000", "totalRevenue": "344482000", "costOfRevenue": "196948000", "costofGoodsAndServicesSold": "196948000", "operatingIncome": "68865000", "sellingGeneralAndAdministrative": "78669000", "researchAndDevelopment": "0", "operatingExpenses": "78669000", "investmentIncomeNet": "None", "netInterestIncome": "None", "interestIncome": "None", "interestExpense": "6058000", "nonInterestIncome": "None", "otherNonOperatingIncome": "None", "depreciation": "None", "depreciationAndAmortization": "9455000", "incomeBeforeTax": "63328000", "incomeTaxExpense": "21493000", "interestAndDebtExpense": "None", "netIncomeFromContinuingOperations": "0", "comprehensiveIncomeNetOfTax": "None", "ebit": "68865000", "ebitda": "78320000", "netIncome": "41630000"}, {"fiscalDateEnding": "2007-03-31", "reportedCurrency": "USD", "grossProfit": "139664000", "totalRevenue": "333268000", "costOfRevenue": "193604000", "costofGoodsAndServicesSold": "193604000", "operatingIncome": "61552000", "sellingGeneralAndAdministrative": "78112000", "researchAndDevelopment": "0", "operatingExpenses": "78112000", "investmentIncomeNet": "None", "netInterestIncome": "None", "interestIncome": "None", "interestExpense": "6379000", "nonInterestIncome": "None", "otherNonOperatingIncome": "None", "depreciation": "None", "depreciationAndAmortization": "9254000", "incomeBeforeTax": "55746000", "incomeTaxExpense": "18915000", "interestAndDebtExpense": "None", "netIncomeFromContinuingOperations": "0", "comprehensiveIncomeNetOfTax": "None", "ebit": "61552000", "ebitda": "70806000", "netIncome": "36667000"}, {"fiscalDateEnding": "2006-12-31", "reportedCurrency": "USD", "grossProfit": "125588000", "totalRevenue": "302131000", "costOfRevenue": "176543000", "costofGoodsAndServicesSold": "176543000", "operatingIncome": "59031000", "sellingGeneralAndAdministrative": "66557000", "researchAndDevelopment": "24800000", "operatingExpenses": "66557000", "investmentIncomeNet": "None", "netInterestIncome": "None", "interestIncome": "None", "interestExpense": "5985000", "nonInterestIncome": "None", "otherNonOperatingIncome": "None", "depreciation": "None", "depreciationAndAmortization": "9383000", "incomeBeforeTax": "53316000", "incomeTaxExpense": "17127000", "interestAndDebtExpense": "None", "netIncomeFromContinuingOperations": "0", "comprehensiveIncomeNetOfTax": "None", "ebit": "59031000", "ebitda": "68414000", "netIncome": "35641000"}, {"fiscalDateEnding": "2006-09-30", "reportedCurrency": "USD", "grossProfit": "118765000", "totalRevenue": "289848000", "costOfRevenue": "171083000", "costofGoodsAndServicesSold": "171083000", "operatingIncome": "54413000", "sellingGeneralAndAdministrative": "64352000", "researchAndDevelopment": "0", "operatingExpenses": "64352000", "investmentIncomeNet": "None", "netInterestIncome": "None", "interestIncome": "None", "interestExpense": "3366000", "nonInterestIncome": "None", "otherNonOperatingIncome": "None", "depreciation": "None", "depreciationAndAmortization": "6660000", "incomeBeforeTax": "51548000", "incomeTaxExpense": "18215000", "interestAndDebtExpense": "None", "netIncomeFromContinuingOperations": "0", "comprehensiveIncomeNetOfTax": "None", "ebit": "54413000", "ebitda": "61073000", "netIncome": "45996000"}, {"fiscalDateEnding": "2006-06-30", "reportedCurrency": "USD", "grossProfit": "123013000", "totalRevenue": "297169000", "costOfRevenue": "174156000", "costofGoodsAndServicesSold": "174156000", "operatingIncome": "55613000", "sellingGeneralAndAdministrative": "67400000", "researchAndDevelopment": "0", "operatingExpenses": "67400000", "investmentIncomeNet": "None", "netInterestIncome": "None", "interestIncome": "None", "interestExpense": "4061000", "nonInterestIncome": "None", "otherNonOperatingIncome": "None", "depreciation": "None", "depreciationAndAmortization": "7766000", "incomeBeforeTax": "51794000", "incomeTaxExpense": "17382000", "interestAndDebtExpense": "None", "netIncomeFromContinuingOperations": "0", "comprehensiveIncomeNetOfTax": "None", "ebit": "55809000", "ebitda": "63575000", "netIncome": "34956000"}, {"fiscalDateEnding": "2006-03-31", "reportedCurrency": "USD", "grossProfit": "113110000", "totalRevenue": "275071000", "costOfRevenue": "161961000", "costofGoodsAndServicesSold": "161961000", "operatingIncome": "48461000", "sellingGeneralAndAdministrative": "64649000", "researchAndDevelopment": "0", "operatingExpenses": "64649000", "investmentIncomeNet": "None", "netInterestIncome": "None", "interestIncome": "None", "interestExpense": "2941000", "nonInterestIncome": "None", "otherNonOperatingIncome": "None", "depreciation": "None", "depreciationAndAmortization": "6603000", "incomeBeforeTax": "45573000", "incomeTaxExpense": "15495000", "interestAndDebtExpense": "None", "netIncomeFromContinuingOperations": "0", "comprehensiveIncomeNetOfTax": "None", "ebit": "47582000", "ebitda": "54185000", "netIncome": "30078000"}, {"fiscalDateEnding": "2005-12-31", "reportedCurrency": "USD", "grossProfit": "106194000", "totalRevenue": "261529000", "costOfRevenue": "155335000", "costofGoodsAndServicesSold": "155335000", "operatingIncome": "47311000", "sellingGeneralAndAdministrative": "58883000", "researchAndDevelopment": "24213000", "operatingExpenses": "58883000", "investmentIncomeNet": "None", "netInterestIncome": "None", "interestIncome": "None", "interestExpense": "3176000", "nonInterestIncome": "None", "otherNonOperatingIncome": "None", "depreciation": "None", "depreciationAndAmortization": "7368000", "incomeBeforeTax": "44169000", "incomeTaxExpense": "15459000", "interestAndDebtExpense": "None", "netIncomeFromContinuingOperations": "0", "comprehensiveIncomeNetOfTax": "None", "ebit": "47311000", "ebitda": "54679000", "netIncome": "28710000"}, {"fiscalDateEnding": "2005-09-30", "reportedCurrency": "USD", "grossProfit": "104044000", "totalRevenue": "257930000", "costOfRevenue": "153886000", "costofGoodsAndServicesSold": "153886000", "operatingIncome": "46649000", "sellingGeneralAndAdministrative": "57395000", "researchAndDevelopment": "0", "operatingExpenses": "57395000", "investmentIncomeNet": "None", "netInterestIncome": "None", "interestIncome": "None", "interestExpense": "3534000", "nonInterestIncome": "None", "otherNonOperatingIncome": "None", "depreciation": "None", "depreciationAndAmortization": "7334000", "incomeBeforeTax": "43242000", "incomeTaxExpense": "14727000", "interestAndDebtExpense": "None", "netIncomeFromContinuingOperations": "0", "comprehensiveIncomeNetOfTax": "None", "ebit": "44970000", "ebitda": "52304000", "netIncome": "28515000"}, {"fiscalDateEnding": "2005-06-30", "reportedCurrency": "USD", "grossProfit": "111649000", "totalRevenue": "271758000", "costOfRevenue": "160109000", "costofGoodsAndServicesSold": "160109000", "operatingIncome": "48132000", "sellingGeneralAndAdministrative": "63517000", "researchAndDevelopment": "0", "operatingExpenses": "63517000", "investmentIncomeNet": "None", "netInterestIncome": "None", "interestIncome": "None", "interestExpense": "3781000", "nonInterestIncome": "None", "otherNonOperatingIncome": "None", "depreciation": "None", "depreciationAndAmortization": "7928000", "incomeBeforeTax": "44571000", "incomeTaxExpense": "15638000", "interestAndDebtExpense": "None", "netIncomeFromContinuingOperations": "0", "comprehensiveIncomeNetOfTax": "None", "ebit": "46401000", "ebitda": "54329000", "netIncome": "28933000"}, {"fiscalDateEnding": "2005-03-31", "reportedCurrency": "USD", "grossProfit": "101957000", "totalRevenue": "252058000", "costOfRevenue": "150101000", "costofGoodsAndServicesSold": "150101000", "operatingIncome": "40695000", "sellingGeneralAndAdministrative": "61262000", "researchAndDevelopment": "0", "operatingExpenses": "61262000", "investmentIncomeNet": "None", "netInterestIncome": "None", "interestIncome": "None", "interestExpense": "3879000", "nonInterestIncome": "None", "otherNonOperatingIncome": "None", "depreciation": "None", "depreciationAndAmortization": "8021000", "incomeBeforeTax": "36946000", "incomeTaxExpense": "13301000", "interestAndDebtExpense": "None", "netIncomeFromContinuingOperations": "0", "comprehensiveIncomeNetOfTax": "None", "ebit": "39957000", "ebitda": "47978000", "netIncome": "23645000"}, {"fiscalDateEnding": "2004-12-31", "reportedCurrency": "USD", "grossProfit": "96153000", "totalRevenue": "242550000", "costOfRevenue": "146397000", "costofGoodsAndServicesSold": "146397000", "operatingIncome": "38323000", "sellingGeneralAndAdministrative": "57830000", "researchAndDevelopment": "21242000", "operatingExpenses": "57830000", "investmentIncomeNet": "None", "netInterestIncome": "None", "interestIncome": "None", "interestExpense": "3853000", "nonInterestIncome": "None", "otherNonOperatingIncome": "None", "depreciation": "None", "depreciationAndAmortization": "7759000", "incomeBeforeTax": "34335000", "incomeTaxExpense": "11674000", "interestAndDebtExpense": "None", "netIncomeFromContinuingOperations": "0", "comprehensiveIncomeNetOfTax": "None", "ebit": "38323000", "ebitda": "46082000", "netIncome": "22661000"}]}