{"symbol": "DTE", "annualReports": [{"fiscalDateEnding": "2024-12-31", "reportedCurrency": "USD", "grossProfit": "4338000000", "totalRevenue": "12457000000", "costOfRevenue": "8119000000", "costofGoodsAndServicesSold": "8119000000", "operatingIncome": "2091000000", "sellingGeneralAndAdministrative": "None", "researchAndDevelopment": "None", "operatingExpenses": "2247000000", "investmentIncomeNet": "None", "netInterestIncome": "-815000000", "interestIncome": "136000000", "interestExpense": "951000000", "nonInterestIncome": "None", "otherNonOperatingIncome": "None", "depreciation": "None", "depreciationAndAmortization": "1732000000", "incomeBeforeTax": "1370000000", "incomeTaxExpense": "-34000000", "interestAndDebtExpense": "None", "netIncomeFromContinuingOperations": "1404000000", "comprehensiveIncomeNetOfTax": "None", "ebit": "2321000000", "ebitda": "4053000000", "netIncome": "1404000000"}, {"fiscalDateEnding": "2023-12-31", "reportedCurrency": "USD", "grossProfit": "4327000000", "totalRevenue": "12745000000", "costOfRevenue": "8418000000", "costofGoodsAndServicesSold": "8418000000", "operatingIncome": "2243000000", "sellingGeneralAndAdministrative": "9000000", "researchAndDevelopment": "None", "operatingExpenses": "2084000000", "investmentIncomeNet": "None", "netInterestIncome": "-734000000", "interestIncome": "57000000", "interestExpense": "791000000", "nonInterestIncome": "None", "otherNonOperatingIncome": "None", "depreciation": "None", "depreciationAndAmortization": "1606000000", "incomeBeforeTax": "1566000000", "incomeTaxExpense": "169000000", "interestAndDebtExpense": "None", "netIncomeFromContinuingOperations": "1397000000", "comprehensiveIncomeNetOfTax": "None", "ebit": "2357000000", "ebitda": "3963000000", "netIncome": "1397000000"}, {"fiscalDateEnding": "2022-12-31", "reportedCurrency": "USD", "grossProfit": "3668000000", "totalRevenue": "19228000000", "costOfRevenue": "15560000000", "costofGoodsAndServicesSold": "15560000000", "operatingIncome": "1748000000", "sellingGeneralAndAdministrative": "1000000", "researchAndDevelopment": "None", "operatingExpenses": "1920000000", "investmentIncomeNet": "None", "netInterestIncome": "-629000000", "interestIncome": "46000000", "interestExpense": "675000000", "nonInterestIncome": "None", "otherNonOperatingIncome": "39000000", "depreciation": "None", "depreciationAndAmortization": "1510000000", "incomeBeforeTax": "1112000000", "incomeTaxExpense": "29000000", "interestAndDebtExpense": "None", "netIncomeFromContinuingOperations": "1083000000", "comprehensiveIncomeNetOfTax": "None", "ebit": "1745000000", "ebitda": "3255000000", "netIncome": "1083000000"}, {"fiscalDateEnding": "2021-12-31", "reportedCurrency": "USD", "grossProfit": "3336000000", "totalRevenue": "14964000000", "costOfRevenue": "11628000000", "costofGoodsAndServicesSold": "11628000000", "operatingIncome": "1495000000", "sellingGeneralAndAdministrative": "17000000", "researchAndDevelopment": "None", "operatingExpenses": "1841000000", "investmentIncomeNet": "None", "netInterestIncome": "-608000000", "interestIncome": "22000000", "interestExpense": "630000000", "nonInterestIncome": "None", "otherNonOperatingIncome": "-209000000", "depreciation": "None", "depreciationAndAmortization": "1435000000", "incomeBeforeTax": "656000000", "incomeTaxExpense": "-130000000", "interestAndDebtExpense": "None", "netIncomeFromContinuingOperations": "786000000", "comprehensiveIncomeNetOfTax": "None", "ebit": "1286000000", "ebitda": "2721000000", "netIncome": "907000000"}, {"fiscalDateEnding": "2020-12-31", "reportedCurrency": "USD", "grossProfit": "3874000000", "totalRevenue": "12177000000", "costOfRevenue": "8303000000", "costofGoodsAndServicesSold": "8303000000", "operatingIncome": "1986000000", "sellingGeneralAndAdministrative": "50000000", "researchAndDevelopment": "None", "operatingExpenses": "1853000000", "investmentIncomeNet": "None", "netInterestIncome": "-682000000", "interestIncome": "38000000", "interestExpense": "720000000", "nonInterestIncome": "None", "otherNonOperatingIncome": "272000000", "depreciation": "None", "depreciationAndAmortization": "1329000000", "incomeBeforeTax": "1538000000", "incomeTaxExpense": "167000000", "interestAndDebtExpense": "None", "netIncomeFromContinuingOperations": "1371000000", "comprehensiveIncomeNetOfTax": "None", "ebit": "1683000000", "ebitda": "3012000000", "netIncome": "1368000000"}, {"fiscalDateEnding": "2019-12-31", "reportedCurrency": "USD", "grossProfit": "3399000000", "totalRevenue": "12669000000", "costOfRevenue": "9270000000", "costofGoodsAndServicesSold": "9270000000", "operatingIncome": "1707000000", "sellingGeneralAndAdministrative": "414000000", "researchAndDevelopment": "None", "operatingExpenses": "1677000000", "investmentIncomeNet": "None", "netInterestIncome": "-624000000", "interestIncome": "17000000", "interestExpense": "641000000", "nonInterestIncome": "None", "otherNonOperatingIncome": "258000000", "depreciation": "None", "depreciationAndAmortization": "1323000000", "incomeBeforeTax": "1324000000", "incomeTaxExpense": "152000000", "interestAndDebtExpense": "None", "netIncomeFromContinuingOperations": "1172000000", "comprehensiveIncomeNetOfTax": "None", "ebit": "1965000000", "ebitda": "3288000000", "netIncome": "1169000000"}, {"fiscalDateEnding": "2018-12-31", "reportedCurrency": "USD", "grossProfit": "3150000000", "totalRevenue": "14212000000", "costOfRevenue": "11062000000", "costofGoodsAndServicesSold": "11062000000", "operatingIncome": "1594000000", "sellingGeneralAndAdministrative": "405000000", "researchAndDevelopment": "0", "operatingExpenses": "1529000000", "investmentIncomeNet": "None", "netInterestIncome": "-547000000", "interestIncome": "12000000", "interestExpense": "559000000", "nonInterestIncome": "None", "otherNonOperatingIncome": "181000000", "depreciation": "None", "depreciationAndAmortization": "1169000000", "incomeBeforeTax": "1216000000", "incomeTaxExpense": "98000000", "interestAndDebtExpense": "None", "netIncomeFromContinuingOperations": "1118000000", "comprehensiveIncomeNetOfTax": "None", "ebit": "1775000000", "ebitda": "2944000000", "netIncome": "1120000000"}, {"fiscalDateEnding": "2017-12-31", "reportedCurrency": "USD", "grossProfit": "3108000000", "totalRevenue": "12607000000", "costOfRevenue": "9499000000", "costofGoodsAndServicesSold": "9499000000", "operatingIncome": "1646000000", "sellingGeneralAndAdministrative": "391000000", "researchAndDevelopment": "0", "operatingExpenses": "1421000000", "investmentIncomeNet": "None", "netInterestIncome": "-524000000", "interestIncome": "12000000", "interestExpense": "536000000", "nonInterestIncome": "None", "otherNonOperatingIncome": "177000000", "depreciation": "None", "depreciationAndAmortization": "1083000000", "incomeBeforeTax": "1287000000", "incomeTaxExpense": "175000000", "interestAndDebtExpense": "None", "netIncomeFromContinuingOperations": "1112000000", "comprehensiveIncomeNetOfTax": "None", "ebit": "1823000000", "ebitda": "2906000000", "netIncome": "1134000000"}, {"fiscalDateEnding": "2016-12-31", "reportedCurrency": "USD", "grossProfit": "2798000000", "totalRevenue": "10630000000", "costOfRevenue": "7832000000", "costofGoodsAndServicesSold": "7832000000", "operatingIncome": "1445000000", "sellingGeneralAndAdministrative": "370000000", "researchAndDevelopment": "0", "operatingExpenses": "1346000000", "investmentIncomeNet": "None", "netInterestIncome": "-452000000", "interestIncome": "20000000", "interestExpense": "472000000", "nonInterestIncome": "None", "otherNonOperatingIncome": "132000000", "depreciation": "None", "depreciationAndAmortization": "1034000000", "incomeBeforeTax": "1105000000", "incomeTaxExpense": "271000000", "interestAndDebtExpense": "None", "netIncomeFromContinuingOperations": "834000000", "comprehensiveIncomeNetOfTax": "None", "ebit": "1577000000", "ebitda": "2611000000", "netIncome": "868000000"}, {"fiscalDateEnding": "2015-12-31", "reportedCurrency": "USD", "grossProfit": "2561000000", "totalRevenue": "10337000000", "costOfRevenue": "7776000000", "costofGoodsAndServicesSold": "7776000000", "operatingIncome": "1239000000", "sellingGeneralAndAdministrative": "364000000", "researchAndDevelopment": "0", "operatingExpenses": "1216000000", "investmentIncomeNet": "None", "netInterestIncome": "None", "interestIncome": "437000000", "interestExpense": "450000000", "nonInterestIncome": "None", "otherNonOperatingIncome": "161000000", "depreciation": "None", "depreciationAndAmortization": "852000000", "incomeBeforeTax": "950000000", "incomeTaxExpense": "230000000", "interestAndDebtExpense": "None", "netIncomeFromContinuingOperations": "720000000", "comprehensiveIncomeNetOfTax": "None", "ebit": "1400000000", "ebitda": "2252000000", "netIncome": "727000000"}, {"fiscalDateEnding": "2014-12-31", "reportedCurrency": "USD", "grossProfit": "3075000000", "totalRevenue": "12301000000", "costOfRevenue": "9226000000", "costofGoodsAndServicesSold": "9226000000", "operatingIncome": "1590000000", "sellingGeneralAndAdministrative": "340000000", "researchAndDevelopment": "0", "operatingExpenses": "1497000000", "investmentIncomeNet": "None", "netInterestIncome": "None", "interestIncome": "None", "interestExpense": "429000000", "nonInterestIncome": "None", "otherNonOperatingIncome": "114000000", "depreciation": "None", "depreciationAndAmortization": "1145000000", "incomeBeforeTax": "1275000000", "incomeTaxExpense": "364000000", "interestAndDebtExpense": "None", "netIncomeFromContinuingOperations": "911000000", "comprehensiveIncomeNetOfTax": "None", "ebit": "1704000000", "ebitda": "2849000000", "netIncome": "905000000"}, {"fiscalDateEnding": "2013-12-31", "reportedCurrency": "USD", "grossProfit": "2628000000", "totalRevenue": "9661000000", "costOfRevenue": "7033000000", "costofGoodsAndServicesSold": "7033000000", "operatingIncome": "1203000000", "sellingGeneralAndAdministrative": "331000000", "researchAndDevelopment": "0", "operatingExpenses": "1425000000", "investmentIncomeNet": "None", "netInterestIncome": "None", "interestIncome": "None", "interestExpense": "436000000", "nonInterestIncome": "None", "otherNonOperatingIncome": "155000000", "depreciation": "None", "depreciationAndAmortization": "1094000000", "incomeBeforeTax": "922000000", "incomeTaxExpense": "254000000", "interestAndDebtExpense": "None", "netIncomeFromContinuingOperations": "668000000", "comprehensiveIncomeNetOfTax": "None", "ebit": "1358000000", "ebitda": "2452000000", "netIncome": "661000000"}, {"fiscalDateEnding": "2012-12-31", "reportedCurrency": "USD", "grossProfit": "2603000000", "totalRevenue": "8791000000", "costOfRevenue": "6188000000", "costofGoodsAndServicesSold": "6188000000", "operatingIncome": "1279000000", "sellingGeneralAndAdministrative": "329000000", "researchAndDevelopment": "0", "operatingExpenses": "1324000000", "investmentIncomeNet": "None", "netInterestIncome": "None", "interestIncome": "None", "interestExpense": "440000000", "nonInterestIncome": "None", "otherNonOperatingIncome": "121000000", "depreciation": "None", "depreciationAndAmortization": "1018000000", "incomeBeforeTax": "960000000", "incomeTaxExpense": "286000000", "interestAndDebtExpense": "None", "netIncomeFromContinuingOperations": "674000000", "comprehensiveIncomeNetOfTax": "None", "ebit": "1377000000", "ebitda": "2395000000", "netIncome": "610000000"}, {"fiscalDateEnding": "2011-12-31", "reportedCurrency": "USD", "grossProfit": "5360000000", "totalRevenue": "8897000000", "costOfRevenue": "3537000000", "costofGoodsAndServicesSold": "3537000000", "operatingIncome": "1423000000", "sellingGeneralAndAdministrative": "0", "researchAndDevelopment": "0", "operatingExpenses": "3937000000", "investmentIncomeNet": "None", "netInterestIncome": "None", "interestIncome": "None", "interestExpense": "494000000", "nonInterestIncome": "None", "otherNonOperatingIncome": "None", "depreciation": "None", "depreciationAndAmortization": "995000000", "incomeBeforeTax": "987000000", "incomeTaxExpense": "267000000", "interestAndDebtExpense": "None", "netIncomeFromContinuingOperations": "None", "comprehensiveIncomeNetOfTax": "None", "ebit": "1481000000", "ebitda": "2476000000", "netIncome": "711000000"}, {"fiscalDateEnding": "2010-12-31", "reportedCurrency": "USD", "grossProfit": "5367000000", "totalRevenue": "8557000000", "costOfRevenue": "3190000000", "costofGoodsAndServicesSold": "3190000000", "operatingIncome": "1464000000", "sellingGeneralAndAdministrative": "298000000", "researchAndDevelopment": "0", "operatingExpenses": "3913000000", "investmentIncomeNet": "None", "netInterestIncome": "None", "interestIncome": "None", "interestExpense": "549000000", "nonInterestIncome": "None", "otherNonOperatingIncome": "35000000", "depreciation": "None", "depreciationAndAmortization": "1027000000", "incomeBeforeTax": "950000000", "incomeTaxExpense": "311000000", "interestAndDebtExpense": "None", "netIncomeFromContinuingOperations": "639000000", "comprehensiveIncomeNetOfTax": "None", "ebit": "1496000000", "ebitda": "2523000000", "netIncome": "630000000"}, {"fiscalDateEnding": "2009-12-31", "reportedCurrency": "USD", "grossProfit": "4896000000", "totalRevenue": "8014000000", "costOfRevenue": "3118000000", "costofGoodsAndServicesSold": "3118000000", "operatingIncome": "1249000000", "sellingGeneralAndAdministrative": "0", "researchAndDevelopment": "0", "operatingExpenses": "3647000000", "investmentIncomeNet": "None", "netInterestIncome": "None", "interestIncome": "None", "interestExpense": "545000000", "nonInterestIncome": "None", "otherNonOperatingIncome": "None", "depreciation": "None", "depreciationAndAmortization": "1020000000", "incomeBeforeTax": "782000000", "incomeTaxExpense": "247000000", "interestAndDebtExpense": "None", "netIncomeFromContinuingOperations": "None", "comprehensiveIncomeNetOfTax": "None", "ebit": "1324000000", "ebitda": "2344000000", "netIncome": "532000000"}, {"fiscalDateEnding": "2008-12-31", "reportedCurrency": "USD", "grossProfit": "5023000000", "totalRevenue": "9329000000", "costOfRevenue": "4306000000", "costofGoodsAndServicesSold": "4306000000", "operatingIncome": "1263000000", "sellingGeneralAndAdministrative": "None", "researchAndDevelopment": "None", "operatingExpenses": "3760000000", "investmentIncomeNet": "None", "netInterestIncome": "None", "interestIncome": "None", "interestExpense": "503000000", "nonInterestIncome": "None", "otherNonOperatingIncome": "None", "depreciation": "None", "depreciationAndAmortization": "899000000", "incomeBeforeTax": "814000000", "incomeTaxExpense": "288000000", "interestAndDebtExpense": "None", "netIncomeFromContinuingOperations": "None", "comprehensiveIncomeNetOfTax": "None", "ebit": "1339000000", "ebitda": "2238000000", "netIncome": "546000000"}, {"fiscalDateEnding": "2007-12-31", "reportedCurrency": "USD", "grossProfit": "4953000000", "totalRevenue": "8506000000", "costOfRevenue": "3553000000", "costofGoodsAndServicesSold": "3553000000", "operatingIncome": "1635000000", "sellingGeneralAndAdministrative": "None", "researchAndDevelopment": "None", "operatingExpenses": "3318000000", "investmentIncomeNet": "None", "netInterestIncome": "None", "interestIncome": "None", "interestExpense": "533000000", "nonInterestIncome": "None", "otherNonOperatingIncome": "None", "depreciation": "None", "depreciationAndAmortization": "926000000", "incomeBeforeTax": "1151000000", "incomeTaxExpense": "364000000", "interestAndDebtExpense": "None", "netIncomeFromContinuingOperations": "None", "comprehensiveIncomeNetOfTax": "None", "ebit": "1611000000", "ebitda": "2537000000", "netIncome": "971000000"}, {"fiscalDateEnding": "2006-12-31", "reportedCurrency": "USD", "grossProfit": "5966000000", "totalRevenue": "9022000000", "costOfRevenue": "3056000000", "costofGoodsAndServicesSold": "3056000000", "operatingIncome": "828000000", "sellingGeneralAndAdministrative": "None", "researchAndDevelopment": "None", "operatingExpenses": "5138000000", "investmentIncomeNet": "None", "netInterestIncome": "None", "interestIncome": "None", "interestExpense": "526000000", "nonInterestIncome": "None", "otherNonOperatingIncome": "None", "depreciation": "None", "depreciationAndAmortization": "1014000000", "incomeBeforeTax": "574000000", "incomeTaxExpense": "137000000", "interestAndDebtExpense": "None", "netIncomeFromContinuingOperations": "None", "comprehensiveIncomeNetOfTax": "None", "ebit": "1067000000", "ebitda": "2081000000", "netIncome": "433000000"}, {"fiscalDateEnding": "2005-12-31", "reportedCurrency": "USD", "grossProfit": "5492000000", "totalRevenue": "9022000000", "costOfRevenue": "3530000000", "costofGoodsAndServicesSold": "3530000000", "operatingIncome": "556000000", "sellingGeneralAndAdministrative": "None", "researchAndDevelopment": "None", "operatingExpenses": "4936000000", "investmentIncomeNet": "None", "netInterestIncome": "None", "interestIncome": "None", "interestExpense": "519000000", "nonInterestIncome": "None", "otherNonOperatingIncome": "None", "depreciation": "None", "depreciationAndAmortization": "872000000", "incomeBeforeTax": "778000000", "incomeTaxExpense": "202000000", "interestAndDebtExpense": "None", "netIncomeFromContinuingOperations": "None", "comprehensiveIncomeNetOfTax": "None", "ebit": "898000000", "ebitda": "1770000000", "netIncome": "537000000"}], "quarterlyReports": [{"fiscalDateEnding": "2024-12-31", "reportedCurrency": "USD", "grossProfit": "7960000000", "totalRevenue": "3500000000", "costOfRevenue": "-4460000000", "costofGoodsAndServicesSold": "-4460000000", "operatingIncome": "658000000", "sellingGeneralAndAdministrative": "None", "researchAndDevelopment": "None", "operatingExpenses": "7302000000", "investmentIncomeNet": "None", "netInterestIncome": "-214000000", "interestIncome": "34000000", "interestExpense": "248000000", "nonInterestIncome": "None", "otherNonOperatingIncome": "None", "depreciation": "None", "depreciationAndAmortization": "423000000", "incomeBeforeTax": "322000000", "incomeTaxExpense": "30000000", "interestAndDebtExpense": "None", "netIncomeFromContinuingOperations": "292000000", "comprehensiveIncomeNetOfTax": "None", "ebit": "570000000", "ebitda": "993000000", "netIncome": "292000000"}, {"fiscalDateEnding": "2024-09-30", "reportedCurrency": "USD", "grossProfit": "1074000000", "totalRevenue": "2906000000", "costOfRevenue": "1832000000", "costofGoodsAndServicesSold": "1832000000", "operatingIncome": "517000000", "sellingGeneralAndAdministrative": "0", "researchAndDevelopment": "None", "operatingExpenses": "557000000", "investmentIncomeNet": "None", "netInterestIncome": "-204000000", "interestIncome": "48000000", "interestExpense": "252000000", "nonInterestIncome": "None", "otherNonOperatingIncome": "None", "depreciation": "None", "depreciationAndAmortization": "438000000", "incomeBeforeTax": "356000000", "incomeTaxExpense": "-121000000", "interestAndDebtExpense": "None", "netIncomeFromContinuingOperations": "477000000", "comprehensiveIncomeNetOfTax": "None", "ebit": "608000000", "ebitda": "1046000000", "netIncome": "477000000"}, {"fiscalDateEnding": "2024-06-30", "reportedCurrency": "USD", "grossProfit": "1052000000", "totalRevenue": "2875000000", "costOfRevenue": "1823000000", "costofGoodsAndServicesSold": "1823000000", "operatingIncome": "502000000", "sellingGeneralAndAdministrative": "0", "researchAndDevelopment": "None", "operatingExpenses": "550000000", "investmentIncomeNet": "None", "netInterestIncome": "-197000000", "interestIncome": "36000000", "interestExpense": "233000000", "nonInterestIncome": "None", "otherNonOperatingIncome": "None", "depreciation": "None", "depreciationAndAmortization": "436000000", "incomeBeforeTax": "358000000", "incomeTaxExpense": "36000000", "interestAndDebtExpense": "None", "netIncomeFromContinuingOperations": "322000000", "comprehensiveIncomeNetOfTax": "None", "ebit": "591000000", "ebitda": "1027000000", "netIncome": "322000000"}, {"fiscalDateEnding": "2024-03-31", "reportedCurrency": "USD", "grossProfit": "1061000000", "totalRevenue": "3240000000", "costOfRevenue": "2179000000", "costofGoodsAndServicesSold": "2179000000", "operatingIncome": "517000000", "sellingGeneralAndAdministrative": "0", "researchAndDevelopment": "None", "operatingExpenses": "544000000", "investmentIncomeNet": "None", "netInterestIncome": "-200000000", "interestIncome": "18000000", "interestExpense": "218000000", "nonInterestIncome": "None", "otherNonOperatingIncome": "None", "depreciation": "None", "depreciationAndAmortization": "435000000", "incomeBeforeTax": "334000000", "incomeTaxExpense": "21000000", "interestAndDebtExpense": "None", "netIncomeFromContinuingOperations": "313000000", "comprehensiveIncomeNetOfTax": "None", "ebit": "552000000", "ebitda": "987000000", "netIncome": "313000000"}, {"fiscalDateEnding": "2023-12-31", "reportedCurrency": "USD", "grossProfit": "1216000000", "totalRevenue": "3394000000", "costOfRevenue": "2178000000", "costofGoodsAndServicesSold": "2178000000", "operatingIncome": "656000000", "sellingGeneralAndAdministrative": "0", "researchAndDevelopment": "None", "operatingExpenses": "491000000", "investmentIncomeNet": "None", "netInterestIncome": "-196000000", "interestIncome": "12000000", "interestExpense": "208000000", "nonInterestIncome": "None", "otherNonOperatingIncome": "None", "depreciation": "None", "depreciationAndAmortization": "437000000", "incomeBeforeTax": "482000000", "incomeTaxExpense": "63000000", "interestAndDebtExpense": "None", "netIncomeFromContinuingOperations": "419000000", "comprehensiveIncomeNetOfTax": "None", "ebit": "650000000", "ebitda": "1087000000", "netIncome": "419000000"}, {"fiscalDateEnding": "2023-09-30", "reportedCurrency": "USD", "grossProfit": "1044000000", "totalRevenue": "2888000000", "costOfRevenue": "1844000000", "costofGoodsAndServicesSold": "1844000000", "operatingIncome": "538000000", "sellingGeneralAndAdministrative": "1000000", "researchAndDevelopment": "None", "operatingExpenses": "518000000", "investmentIncomeNet": "None", "netInterestIncome": "-185000000", "interestIncome": "182000000", "interestExpense": "200000000", "nonInterestIncome": "None", "otherNonOperatingIncome": "None", "depreciation": "None", "depreciationAndAmortization": "416000000", "incomeBeforeTax": "354000000", "incomeTaxExpense": "22000000", "interestAndDebtExpense": "None", "netIncomeFromContinuingOperations": "332000000", "comprehensiveIncomeNetOfTax": "None", "ebit": "525000000", "ebitda": "941000000", "netIncome": "332000000"}, {"fiscalDateEnding": "2023-06-30", "reportedCurrency": "USD", "grossProfit": "909000000", "totalRevenue": "2684000000", "costOfRevenue": "1775000000", "costofGoodsAndServicesSold": "1775000000", "operatingIncome": "397000000", "sellingGeneralAndAdministrative": "5000000", "researchAndDevelopment": "None", "operatingExpenses": "510000000", "investmentIncomeNet": "None", "netInterestIncome": "-179000000", "interestIncome": "13000000", "interestExpense": "192000000", "nonInterestIncome": "None", "otherNonOperatingIncome": "30000000", "depreciation": "None", "depreciationAndAmortization": "411000000", "incomeBeforeTax": "235000000", "incomeTaxExpense": "34000000", "interestAndDebtExpense": "None", "netIncomeFromContinuingOperations": "201000000", "comprehensiveIncomeNetOfTax": "None", "ebit": "394000000", "ebitda": "805000000", "netIncome": "201000000"}, {"fiscalDateEnding": "2023-03-31", "reportedCurrency": "USD", "grossProfit": "1158000000", "totalRevenue": "3779000000", "costOfRevenue": "2621000000", "costofGoodsAndServicesSold": "2621000000", "operatingIncome": "652000000", "sellingGeneralAndAdministrative": "3000000", "researchAndDevelopment": "None", "operatingExpenses": "506000000", "investmentIncomeNet": "None", "netInterestIncome": "-174000000", "interestIncome": "170000000", "interestExpense": "191000000", "nonInterestIncome": "None", "otherNonOperatingIncome": "34000000", "depreciation": "None", "depreciationAndAmortization": "385000000", "incomeBeforeTax": "495000000", "incomeTaxExpense": "50000000", "interestAndDebtExpense": "None", "netIncomeFromContinuingOperations": "445000000", "comprehensiveIncomeNetOfTax": "None", "ebit": "686000000", "ebitda": "1071000000", "netIncome": "445000000"}, {"fiscalDateEnding": "2022-12-31", "reportedCurrency": "USD", "grossProfit": "944000000", "totalRevenue": "4476000000", "costOfRevenue": "3532000000", "costofGoodsAndServicesSold": "3532000000", "operatingIncome": "462000000", "sellingGeneralAndAdministrative": "12000000", "researchAndDevelopment": "None", "operatingExpenses": "454000000", "investmentIncomeNet": "None", "netInterestIncome": "-169000000", "interestIncome": "20000000", "interestExpense": "189000000", "nonInterestIncome": "None", "otherNonOperatingIncome": "21000000", "depreciation": "None", "depreciationAndAmortization": "391000000", "incomeBeforeTax": "294000000", "incomeTaxExpense": "29000000", "interestAndDebtExpense": "None", "netIncomeFromContinuingOperations": "265000000", "comprehensiveIncomeNetOfTax": "None", "ebit": "423000000", "ebitda": "814000000", "netIncome": "265000000"}, {"fiscalDateEnding": "2022-09-30", "reportedCurrency": "USD", "grossProfit": "1026000000", "totalRevenue": "5251000000", "costOfRevenue": "4225000000", "costofGoodsAndServicesSold": "4225000000", "operatingIncome": "545000000", "sellingGeneralAndAdministrative": "111000000", "researchAndDevelopment": "None", "operatingExpenses": "480000000", "investmentIncomeNet": "None", "netInterestIncome": "-161000000", "interestIncome": "161000000", "interestExpense": "171000000", "nonInterestIncome": "None", "otherNonOperatingIncome": "19000000", "depreciation": "None", "depreciationAndAmortization": "384000000", "incomeBeforeTax": "393000000", "incomeTaxExpense": "6000000", "interestAndDebtExpense": "None", "netIncomeFromContinuingOperations": "387000000", "comprehensiveIncomeNetOfTax": "None", "ebit": "551000000", "ebitda": "935000000", "netIncome": "387000000"}, {"fiscalDateEnding": "2022-06-30", "reportedCurrency": "USD", "grossProfit": "659000000", "totalRevenue": "4924000000", "costOfRevenue": "4265000000", "costofGoodsAndServicesSold": "4265000000", "operatingIncome": "183000000", "sellingGeneralAndAdministrative": "115000000", "researchAndDevelopment": "None", "operatingExpenses": "481000000", "investmentIncomeNet": "None", "netInterestIncome": "-153000000", "interestIncome": "8000000", "interestExpense": "161000000", "nonInterestIncome": "None", "otherNonOperatingIncome": "-7000000", "depreciation": "None", "depreciationAndAmortization": "374000000", "incomeBeforeTax": "15000000", "incomeTaxExpense": "-22000000", "interestAndDebtExpense": "None", "netIncomeFromContinuingOperations": "37000000", "comprehensiveIncomeNetOfTax": "None", "ebit": "183000000", "ebitda": "557000000", "netIncome": "37000000"}, {"fiscalDateEnding": "2022-03-31", "reportedCurrency": "USD", "grossProfit": "1039000000", "totalRevenue": "4577000000", "costOfRevenue": "3538000000", "costofGoodsAndServicesSold": "3538000000", "operatingIncome": "558000000", "sellingGeneralAndAdministrative": "123000000", "researchAndDevelopment": "None", "operatingExpenses": "481000000", "investmentIncomeNet": "None", "netInterestIncome": "-146000000", "interestIncome": "8000000", "interestExpense": "154000000", "nonInterestIncome": "None", "otherNonOperatingIncome": "6000000", "depreciation": "None", "depreciationAndAmortization": "361000000", "incomeBeforeTax": "410000000", "incomeTaxExpense": "16000000", "interestAndDebtExpense": "None", "netIncomeFromContinuingOperations": "394000000", "comprehensiveIncomeNetOfTax": "None", "ebit": "561000000", "ebitda": "922000000", "netIncome": "394000000"}, {"fiscalDateEnding": "2021-12-31", "reportedCurrency": "USD", "grossProfit": "888000000", "totalRevenue": "4647000000", "costOfRevenue": "3759000000", "costofGoodsAndServicesSold": "3759000000", "operatingIncome": "415000000", "sellingGeneralAndAdministrative": "89000000", "researchAndDevelopment": "None", "operatingExpenses": "442000000", "investmentIncomeNet": "None", "netInterestIncome": "-147000000", "interestIncome": "6000000", "interestExpense": "153000000", "nonInterestIncome": "None", "otherNonOperatingIncome": "-34000000", "depreciation": "None", "depreciationAndAmortization": "381000000", "incomeBeforeTax": "294000000", "incomeTaxExpense": "-6000000", "interestAndDebtExpense": "None", "netIncomeFromContinuingOperations": "155000000", "comprehensiveIncomeNetOfTax": "None", "ebit": "447000000", "ebitda": "828000000", "netIncome": "306000000"}, {"fiscalDateEnding": "2021-09-30", "reportedCurrency": "USD", "grossProfit": "857000000", "totalRevenue": "3715000000", "costOfRevenue": "2858000000", "costofGoodsAndServicesSold": "2858000000", "operatingIncome": "405000000", "sellingGeneralAndAdministrative": "106000000", "researchAndDevelopment": "None", "operatingExpenses": "450000000", "investmentIncomeNet": "None", "netInterestIncome": "-150000000", "interestIncome": "6000000", "interestExpense": "156000000", "nonInterestIncome": "None", "otherNonOperatingIncome": "-313000000", "depreciation": "None", "depreciationAndAmortization": "277000000", "incomeBeforeTax": "-64000000", "incomeTaxExpense": "-119000000", "interestAndDebtExpense": "None", "netIncomeFromContinuingOperations": "55000000", "comprehensiveIncomeNetOfTax": "None", "ebit": "159000000", "ebitda": "436000000", "netIncome": "25000000"}, {"fiscalDateEnding": "2021-06-30", "reportedCurrency": "USD", "grossProfit": "861000000", "totalRevenue": "3229000000", "costOfRevenue": "2368000000", "costofGoodsAndServicesSold": "2368000000", "operatingIncome": "322000000", "sellingGeneralAndAdministrative": "114000000", "researchAndDevelopment": "None", "operatingExpenses": "494000000", "investmentIncomeNet": "None", "netInterestIncome": "-183000000", "interestIncome": "7000000", "interestExpense": "190000000", "nonInterestIncome": "None", "otherNonOperatingIncome": "69000000", "depreciation": "None", "depreciationAndAmortization": "394000000", "incomeBeforeTax": "201000000", "incomeTaxExpense": "22000000", "interestAndDebtExpense": "None", "netIncomeFromContinuingOperations": "179000000", "comprehensiveIncomeNetOfTax": "None", "ebit": "391000000", "ebitda": "785000000", "netIncome": "179000000"}, {"fiscalDateEnding": "2021-03-31", "reportedCurrency": "USD", "grossProfit": "1026000000", "totalRevenue": "3778000000", "costOfRevenue": "2752000000", "costofGoodsAndServicesSold": "2752000000", "operatingIncome": "537000000", "sellingGeneralAndAdministrative": "122000000", "researchAndDevelopment": "None", "operatingExpenses": "490000000", "investmentIncomeNet": "None", "netInterestIncome": "-174000000", "interestIncome": "7000000", "interestExpense": "181000000", "nonInterestIncome": "None", "otherNonOperatingIncome": "69000000", "depreciation": "None", "depreciationAndAmortization": "383000000", "incomeBeforeTax": "425000000", "incomeTaxExpense": "28000000", "interestAndDebtExpense": "None", "netIncomeFromContinuingOperations": "397000000", "comprehensiveIncomeNetOfTax": "None", "ebit": "606000000", "ebitda": "989000000", "netIncome": "397000000"}, {"fiscalDateEnding": "2020-12-31", "reportedCurrency": "USD", "grossProfit": "949000000", "totalRevenue": "3288000000", "costOfRevenue": "2339000000", "costofGoodsAndServicesSold": "2339000000", "operatingIncome": "465000000", "sellingGeneralAndAdministrative": "104000000", "researchAndDevelopment": "None", "operatingExpenses": "488000000", "investmentIncomeNet": "None", "netInterestIncome": "-181000000", "interestIncome": "7000000", "interestExpense": "188000000", "nonInterestIncome": "None", "otherNonOperatingIncome": "47000000", "depreciation": "None", "depreciationAndAmortization": "384000000", "incomeBeforeTax": "324000000", "incomeTaxExpense": "49000000", "interestAndDebtExpense": "None", "netIncomeFromContinuingOperations": "275000000", "comprehensiveIncomeNetOfTax": "None", "ebit": "512000000", "ebitda": "896000000", "netIncome": "275000000"}, {"fiscalDateEnding": "2020-09-30", "reportedCurrency": "USD", "grossProfit": "1061000000", "totalRevenue": "3284000000", "costOfRevenue": "2223000000", "costofGoodsAndServicesSold": "2223000000", "operatingIncome": "608000000", "sellingGeneralAndAdministrative": "103000000", "researchAndDevelopment": "None", "operatingExpenses": "459000000", "investmentIncomeNet": "None", "netInterestIncome": "-163000000", "interestIncome": "124000000", "interestExpense": "178000000", "nonInterestIncome": "None", "otherNonOperatingIncome": "110000000", "depreciation": "None", "depreciationAndAmortization": "356000000", "incomeBeforeTax": "540000000", "incomeTaxExpense": "63000000", "interestAndDebtExpense": "None", "netIncomeFromContinuingOperations": "477000000", "comprehensiveIncomeNetOfTax": "None", "ebit": "718000000", "ebitda": "1074000000", "netIncome": "476000000"}, {"fiscalDateEnding": "2020-06-30", "reportedCurrency": "USD", "grossProfit": "856000000", "totalRevenue": "2583000000", "costOfRevenue": "1727000000", "costofGoodsAndServicesSold": "1727000000", "operatingIncome": "367000000", "sellingGeneralAndAdministrative": "84000000", "researchAndDevelopment": "None", "operatingExpenses": "434000000", "investmentIncomeNet": "None", "netInterestIncome": "-173000000", "interestIncome": "6000000", "interestExpense": "179000000", "nonInterestIncome": "None", "otherNonOperatingIncome": "95000000", "depreciation": "None", "depreciationAndAmortization": "350000000", "incomeBeforeTax": "283000000", "incomeTaxExpense": "6000000", "interestAndDebtExpense": "None", "netIncomeFromContinuingOperations": "277000000", "comprehensiveIncomeNetOfTax": "None", "ebit": "462000000", "ebitda": "812000000", "netIncome": "277000000"}, {"fiscalDateEnding": "2020-03-31", "reportedCurrency": "USD", "grossProfit": "1008000000", "totalRevenue": "3022000000", "costOfRevenue": "2014000000", "costofGoodsAndServicesSold": "2014000000", "operatingIncome": "546000000", "sellingGeneralAndAdministrative": "119000000", "researchAndDevelopment": "None", "operatingExpenses": "472000000", "investmentIncomeNet": "None", "netInterestIncome": "-165000000", "interestIncome": "10000000", "interestExpense": "175000000", "nonInterestIncome": "None", "otherNonOperatingIncome": "20000000", "depreciation": "None", "depreciationAndAmortization": "353000000", "incomeBeforeTax": "391000000", "incomeTaxExpense": "49000000", "interestAndDebtExpense": "None", "netIncomeFromContinuingOperations": "342000000", "comprehensiveIncomeNetOfTax": "None", "ebit": "527000000", "ebitda": "880000000", "netIncome": "340000000"}, {"fiscalDateEnding": "2019-12-31", "reportedCurrency": "USD", "grossProfit": "859000000", "totalRevenue": "3148000000", "costOfRevenue": "2289000000", "costofGoodsAndServicesSold": "2289000000", "operatingIncome": "415000000", "sellingGeneralAndAdministrative": "103000000", "researchAndDevelopment": "None", "operatingExpenses": "443000000", "investmentIncomeNet": "None", "netInterestIncome": "-167000000", "interestIncome": "6000000", "interestExpense": "173000000", "nonInterestIncome": "None", "otherNonOperatingIncome": "56000000", "depreciation": "None", "depreciationAndAmortization": "340000000", "incomeBeforeTax": "298000000", "incomeTaxExpense": "30000000", "interestAndDebtExpense": "None", "netIncomeFromContinuingOperations": "268000000", "comprehensiveIncomeNetOfTax": "None", "ebit": "471000000", "ebitda": "811000000", "netIncome": "267000000"}, {"fiscalDateEnding": "2019-09-30", "reportedCurrency": "USD", "grossProfit": "874000000", "totalRevenue": "3119000000", "costOfRevenue": "2245000000", "costofGoodsAndServicesSold": "2245000000", "operatingIncome": "450000000", "sellingGeneralAndAdministrative": "101000000", "researchAndDevelopment": "None", "operatingExpenses": "423000000", "investmentIncomeNet": "None", "netInterestIncome": "-158000000", "interestIncome": "4000000", "interestExpense": "162000000", "nonInterestIncome": "None", "otherNonOperatingIncome": "76000000", "depreciation": "None", "depreciationAndAmortization": "322000000", "incomeBeforeTax": "364000000", "incomeTaxExpense": "47000000", "interestAndDebtExpense": "None", "netIncomeFromContinuingOperations": "317000000", "comprehensiveIncomeNetOfTax": "None", "ebit": "526000000", "ebitda": "848000000", "netIncome": "319000000"}, {"fiscalDateEnding": "2019-06-30", "reportedCurrency": "USD", "grossProfit": "710000000", "totalRevenue": "2888000000", "costOfRevenue": "2178000000", "costofGoodsAndServicesSold": "2178000000", "operatingIncome": "300000000", "sellingGeneralAndAdministrative": "92000000", "researchAndDevelopment": "None", "operatingExpenses": "397000000", "investmentIncomeNet": "None", "netInterestIncome": "-151000000", "interestIncome": "3000000", "interestExpense": "154000000", "nonInterestIncome": "None", "otherNonOperatingIncome": "54000000", "depreciation": "None", "depreciationAndAmortization": "305000000", "incomeBeforeTax": "200000000", "incomeTaxExpense": "21000000", "interestAndDebtExpense": "None", "netIncomeFromContinuingOperations": "179000000", "comprehensiveIncomeNetOfTax": "None", "ebit": "354000000", "ebitda": "659000000", "netIncome": "182000000"}, {"fiscalDateEnding": "2019-03-31", "reportedCurrency": "USD", "grossProfit": "956000000", "totalRevenue": "3514000000", "costOfRevenue": "2558000000", "costofGoodsAndServicesSold": "2558000000", "operatingIncome": "542000000", "sellingGeneralAndAdministrative": "118000000", "researchAndDevelopment": "None", "operatingExpenses": "414000000", "investmentIncomeNet": "None", "netInterestIncome": "-148000000", "interestIncome": "4000000", "interestExpense": "152000000", "nonInterestIncome": "None", "otherNonOperatingIncome": "72000000", "depreciation": "None", "depreciationAndAmortization": "296000000", "incomeBeforeTax": "462000000", "incomeTaxExpense": "54000000", "interestAndDebtExpense": "None", "netIncomeFromContinuingOperations": "408000000", "comprehensiveIncomeNetOfTax": "None", "ebit": "614000000", "ebitda": "910000000", "netIncome": "401000000"}, {"fiscalDateEnding": "2018-12-31", "reportedCurrency": "USD", "grossProfit": "747000000", "totalRevenue": "3750000000", "costOfRevenue": "3003000000", "costofGoodsAndServicesSold": "3003000000", "operatingIncome": "332000000", "sellingGeneralAndAdministrative": "98000000", "researchAndDevelopment": "0", "operatingExpenses": "396000000", "investmentIncomeNet": "None", "netInterestIncome": "None", "interestIncome": "None", "interestExpense": "147000000", "nonInterestIncome": "None", "otherNonOperatingIncome": "-12000000", "depreciation": "None", "depreciationAndAmortization": "298000000", "incomeBeforeTax": "173000000", "incomeTaxExpense": "-23000000", "interestAndDebtExpense": "None", "netIncomeFromContinuingOperations": "196000000", "comprehensiveIncomeNetOfTax": "None", "ebit": "320000000", "ebitda": "618000000", "netIncome": "191000000"}, {"fiscalDateEnding": "2018-09-30", "reportedCurrency": "USD", "grossProfit": "811000000", "totalRevenue": "3550000000", "costOfRevenue": "2739000000", "costofGoodsAndServicesSold": "2739000000", "operatingIncome": "429000000", "sellingGeneralAndAdministrative": "99000000", "researchAndDevelopment": "0", "operatingExpenses": "372000000", "investmentIncomeNet": "None", "netInterestIncome": "None", "interestIncome": "None", "interestExpense": "142000000", "nonInterestIncome": "None", "otherNonOperatingIncome": "82000000", "depreciation": "None", "depreciationAndAmortization": "273000000", "incomeBeforeTax": "369000000", "incomeTaxExpense": "34000000", "interestAndDebtExpense": "None", "netIncomeFromContinuingOperations": "335000000", "comprehensiveIncomeNetOfTax": "None", "ebit": "511000000", "ebitda": "784000000", "netIncome": "334000000"}, {"fiscalDateEnding": "2018-06-30", "reportedCurrency": "USD", "grossProfit": "699000000", "totalRevenue": "3159000000", "costOfRevenue": "2460000000", "costofGoodsAndServicesSold": "2460000000", "operatingIncome": "329000000", "sellingGeneralAndAdministrative": "97000000", "researchAndDevelopment": "0", "operatingExpenses": "369000000", "investmentIncomeNet": "None", "netInterestIncome": "None", "interestIncome": "None", "interestExpense": "135000000", "nonInterestIncome": "None", "otherNonOperatingIncome": "61000000", "depreciation": "None", "depreciationAndAmortization": "272000000", "incomeBeforeTax": "255000000", "incomeTaxExpense": "19000000", "interestAndDebtExpense": "None", "netIncomeFromContinuingOperations": "236000000", "comprehensiveIncomeNetOfTax": "None", "ebit": "390000000", "ebitda": "662000000", "netIncome": "234000000"}, {"fiscalDateEnding": "2018-03-31", "reportedCurrency": "USD", "grossProfit": "893000000", "totalRevenue": "3753000000", "costOfRevenue": "2860000000", "costofGoodsAndServicesSold": "2860000000", "operatingIncome": "504000000", "sellingGeneralAndAdministrative": "111000000", "researchAndDevelopment": "0", "operatingExpenses": "392000000", "investmentIncomeNet": "None", "netInterestIncome": "None", "interestIncome": "None", "interestExpense": "135000000", "nonInterestIncome": "None", "otherNonOperatingIncome": "50000000", "depreciation": "None", "depreciationAndAmortization": "281000000", "incomeBeforeTax": "419000000", "incomeTaxExpense": "68000000", "interestAndDebtExpense": "None", "netIncomeFromContinuingOperations": "351000000", "comprehensiveIncomeNetOfTax": "None", "ebit": "554000000", "ebitda": "835000000", "netIncome": "361000000"}, {"fiscalDateEnding": "2017-12-31", "reportedCurrency": "USD", "grossProfit": "756000000", "totalRevenue": "3271000000", "costOfRevenue": "2515000000", "costofGoodsAndServicesSold": "2515000000", "operatingIncome": "356000000", "sellingGeneralAndAdministrative": "94000000", "researchAndDevelopment": "0", "operatingExpenses": "368000000", "investmentIncomeNet": "None", "netInterestIncome": "None", "interestIncome": "None", "interestExpense": "132000000", "nonInterestIncome": "None", "otherNonOperatingIncome": "-10000000", "depreciation": "None", "depreciationAndAmortization": "274000000", "incomeBeforeTax": "214000000", "incomeTaxExpense": "-66000000", "interestAndDebtExpense": "None", "netIncomeFromContinuingOperations": "280000000", "comprehensiveIncomeNetOfTax": "None", "ebit": "346000000", "ebitda": "620000000", "netIncome": "287000000"}, {"fiscalDateEnding": "2017-09-30", "reportedCurrency": "USD", "grossProfit": "773000000", "totalRevenue": "3245000000", "costOfRevenue": "2472000000", "costofGoodsAndServicesSold": "2472000000", "operatingIncome": "418000000", "sellingGeneralAndAdministrative": "91000000", "researchAndDevelopment": "0", "operatingExpenses": "349000000", "investmentIncomeNet": "None", "netInterestIncome": "None", "interestIncome": "None", "interestExpense": "146000000", "nonInterestIncome": "None", "otherNonOperatingIncome": "65000000", "depreciation": "None", "depreciationAndAmortization": "258000000", "incomeBeforeTax": "337000000", "incomeTaxExpense": "74000000", "interestAndDebtExpense": "None", "netIncomeFromContinuingOperations": "263000000", "comprehensiveIncomeNetOfTax": "None", "ebit": "483000000", "ebitda": "741000000", "netIncome": "270000000"}, {"fiscalDateEnding": "2017-06-30", "reportedCurrency": "USD", "grossProfit": "652000000", "totalRevenue": "2855000000", "costOfRevenue": "2203000000", "costofGoodsAndServicesSold": "2203000000", "operatingIncome": "303000000", "sellingGeneralAndAdministrative": "97000000", "researchAndDevelopment": "0", "operatingExpenses": "346000000", "investmentIncomeNet": "None", "netInterestIncome": "None", "interestIncome": "None", "interestExpense": "133000000", "nonInterestIncome": "None", "otherNonOperatingIncome": "62000000", "depreciation": "None", "depreciationAndAmortization": "249000000", "incomeBeforeTax": "232000000", "incomeTaxExpense": "57000000", "interestAndDebtExpense": "None", "netIncomeFromContinuingOperations": "175000000", "comprehensiveIncomeNetOfTax": "None", "ebit": "365000000", "ebitda": "614000000", "netIncome": "177000000"}, {"fiscalDateEnding": "2017-03-31", "reportedCurrency": "USD", "grossProfit": "927000000", "totalRevenue": "3236000000", "costOfRevenue": "2309000000", "costofGoodsAndServicesSold": "2309000000", "operatingIncome": "569000000", "sellingGeneralAndAdministrative": "109000000", "researchAndDevelopment": "0", "operatingExpenses": "358000000", "investmentIncomeNet": "None", "netInterestIncome": "None", "interestIncome": "None", "interestExpense": "125000000", "nonInterestIncome": "None", "otherNonOperatingIncome": "60000000", "depreciation": "None", "depreciationAndAmortization": "249000000", "incomeBeforeTax": "504000000", "incomeTaxExpense": "110000000", "interestAndDebtExpense": "None", "netIncomeFromContinuingOperations": "394000000", "comprehensiveIncomeNetOfTax": "None", "ebit": "629000000", "ebitda": "878000000", "netIncome": "400000000"}, {"fiscalDateEnding": "2016-12-31", "reportedCurrency": "USD", "grossProfit": "671000000", "totalRevenue": "2874000000", "costOfRevenue": "2203000000", "costofGoodsAndServicesSold": "2203000000", "operatingIncome": "301000000", "sellingGeneralAndAdministrative": "41000000", "researchAndDevelopment": "0", "operatingExpenses": "362000000", "investmentIncomeNet": "None", "netInterestIncome": "None", "interestIncome": "None", "interestExpense": "131000000", "nonInterestIncome": "None", "otherNonOperatingIncome": "None", "depreciation": "None", "depreciationAndAmortization": "274000000", "incomeBeforeTax": "152000000", "incomeTaxExpense": "28000000", "interestAndDebtExpense": "None", "netIncomeFromContinuingOperations": "952000000", "comprehensiveIncomeNetOfTax": "None", "ebit": "283000000", "ebitda": "557000000", "netIncome": "131000000"}, {"fiscalDateEnding": "2016-09-30", "reportedCurrency": "USD", "grossProfit": "829000000", "totalRevenue": "2928000000", "costOfRevenue": "2099000000", "costofGoodsAndServicesSold": "2099000000", "operatingIncome": "507000000", "sellingGeneralAndAdministrative": "0", "researchAndDevelopment": "0", "operatingExpenses": "322000000", "investmentIncomeNet": "None", "netInterestIncome": "None", "interestIncome": "None", "interestExpense": "114000000", "nonInterestIncome": "None", "otherNonOperatingIncome": "None", "depreciation": "None", "depreciationAndAmortization": "230000000", "incomeBeforeTax": "435000000", "incomeTaxExpense": "110000000", "interestAndDebtExpense": "None", "netIncomeFromContinuingOperations": "-270000000", "comprehensiveIncomeNetOfTax": "None", "ebit": "549000000", "ebitda": "779000000", "netIncome": "338000000"}, {"fiscalDateEnding": "2016-06-30", "reportedCurrency": "USD", "grossProfit": "589000000", "totalRevenue": "2262000000", "costOfRevenue": "1673000000", "costofGoodsAndServicesSold": "1673000000", "operatingIncome": "256000000", "sellingGeneralAndAdministrative": "91000000", "researchAndDevelopment": "0", "operatingExpenses": "334000000", "investmentIncomeNet": "None", "netInterestIncome": "None", "interestIncome": "None", "interestExpense": "114000000", "nonInterestIncome": "None", "otherNonOperatingIncome": "53000000", "depreciation": "None", "depreciationAndAmortization": "243000000", "incomeBeforeTax": "195000000", "incomeTaxExpense": "50000000", "interestAndDebtExpense": "None", "netIncomeFromContinuingOperations": "145000000", "comprehensiveIncomeNetOfTax": "None", "ebit": "309000000", "ebitda": "552000000", "netIncome": "152000000"}, {"fiscalDateEnding": "2016-03-31", "reportedCurrency": "USD", "grossProfit": "709000000", "totalRevenue": "2566000000", "costOfRevenue": "1857000000", "costofGoodsAndServicesSold": "1857000000", "operatingIncome": "381000000", "sellingGeneralAndAdministrative": "99000000", "researchAndDevelopment": "0", "operatingExpenses": "328000000", "investmentIncomeNet": "None", "netInterestIncome": "None", "interestIncome": "None", "interestExpense": "113000000", "nonInterestIncome": "None", "otherNonOperatingIncome": "55000000", "depreciation": "None", "depreciationAndAmortization": "229000000", "incomeBeforeTax": "323000000", "incomeTaxExpense": "83000000", "interestAndDebtExpense": "None", "netIncomeFromContinuingOperations": "240000000", "comprehensiveIncomeNetOfTax": "None", "ebit": "436000000", "ebitda": "665000000", "netIncome": "247000000"}, {"fiscalDateEnding": "2015-12-31", "reportedCurrency": "USD", "grossProfit": "540000000", "totalRevenue": "2487000000", "costOfRevenue": "1947000000", "costofGoodsAndServicesSold": "1947000000", "operatingIncome": "134000000", "sellingGeneralAndAdministrative": "41000000", "researchAndDevelopment": "0", "operatingExpenses": "309000000", "investmentIncomeNet": "None", "netInterestIncome": "None", "interestIncome": "None", "interestExpense": "109000000", "nonInterestIncome": "None", "otherNonOperatingIncome": "None", "depreciation": "None", "depreciationAndAmortization": "227000000", "incomeBeforeTax": "57000000", "incomeTaxExpense": "-20000000", "interestAndDebtExpense": "None", "netIncomeFromContinuingOperations": "720000000", "comprehensiveIncomeNetOfTax": "None", "ebit": "166000000", "ebitda": "393000000", "netIncome": "80000000"}, {"fiscalDateEnding": "2015-09-30", "reportedCurrency": "USD", "grossProfit": "728000000", "totalRevenue": "2598000000", "costOfRevenue": "1870000000", "costofGoodsAndServicesSold": "1870000000", "operatingIncome": "440000000", "sellingGeneralAndAdministrative": "91000000", "researchAndDevelopment": "0", "operatingExpenses": "287000000", "investmentIncomeNet": "None", "netInterestIncome": "None", "interestIncome": "None", "interestExpense": "116000000", "nonInterestIncome": "None", "otherNonOperatingIncome": "42000000", "depreciation": "None", "depreciationAndAmortization": "196000000", "incomeBeforeTax": "366000000", "incomeTaxExpense": "102000000", "interestAndDebtExpense": "None", "netIncomeFromContinuingOperations": "264000000", "comprehensiveIncomeNetOfTax": "None", "ebit": "482000000", "ebitda": "678000000", "netIncome": "265000000"}, {"fiscalDateEnding": "2015-06-30", "reportedCurrency": "USD", "grossProfit": "533000000", "totalRevenue": "2268000000", "costOfRevenue": "1735000000", "costofGoodsAndServicesSold": "1735000000", "operatingIncome": "204000000", "sellingGeneralAndAdministrative": "91000000", "researchAndDevelopment": "0", "operatingExpenses": "311000000", "investmentIncomeNet": "None", "netInterestIncome": "None", "interestIncome": "None", "interestExpense": "115000000", "nonInterestIncome": "None", "otherNonOperatingIncome": "42000000", "depreciation": "None", "depreciationAndAmortization": "220000000", "incomeBeforeTax": "131000000", "incomeTaxExpense": "26000000", "interestAndDebtExpense": "None", "netIncomeFromContinuingOperations": "105000000", "comprehensiveIncomeNetOfTax": "None", "ebit": "246000000", "ebitda": "466000000", "netIncome": "109000000"}, {"fiscalDateEnding": "2015-03-31", "reportedCurrency": "USD", "grossProfit": "760000000", "totalRevenue": "2984000000", "costOfRevenue": "2224000000", "costofGoodsAndServicesSold": "2224000000", "operatingIncome": "461000000", "sellingGeneralAndAdministrative": "100000000", "researchAndDevelopment": "0", "operatingExpenses": "309000000", "investmentIncomeNet": "None", "netInterestIncome": "None", "interestIncome": "None", "interestExpense": "110000000", "nonInterestIncome": "None", "otherNonOperatingIncome": "45000000", "depreciation": "None", "depreciationAndAmortization": "209000000", "incomeBeforeTax": "396000000", "incomeTaxExpense": "122000000", "interestAndDebtExpense": "None", "netIncomeFromContinuingOperations": "274000000", "comprehensiveIncomeNetOfTax": "None", "ebit": "506000000", "ebitda": "715000000", "netIncome": "273000000"}, {"fiscalDateEnding": "2014-12-31", "reportedCurrency": "USD", "grossProfit": "914000000", "totalRevenue": "3078000000", "costOfRevenue": "2164000000", "costofGoodsAndServicesSold": "2164000000", "operatingIncome": "542000000", "sellingGeneralAndAdministrative": "82000000", "researchAndDevelopment": "0", "operatingExpenses": "374000000", "investmentIncomeNet": "None", "netInterestIncome": "None", "interestIncome": "None", "interestExpense": "106000000", "nonInterestIncome": "None", "otherNonOperatingIncome": "None", "depreciation": "None", "depreciationAndAmortization": "290000000", "incomeBeforeTax": "436000000", "incomeTaxExpense": "135000000", "interestAndDebtExpense": "None", "netIncomeFromContinuingOperations": "301000000", "comprehensiveIncomeNetOfTax": "None", "ebit": "540000000", "ebitda": "830000000", "netIncome": "299000000"}, {"fiscalDateEnding": "2014-09-30", "reportedCurrency": "USD", "grossProfit": "616000000", "totalRevenue": "2595000000", "costOfRevenue": "1979000000", "costofGoodsAndServicesSold": "1979000000", "operatingIncome": "239000000", "sellingGeneralAndAdministrative": "84000000", "researchAndDevelopment": "0", "operatingExpenses": "377000000", "investmentIncomeNet": "None", "netInterestIncome": "None", "interestIncome": "None", "interestExpense": "107000000", "nonInterestIncome": "None", "otherNonOperatingIncome": "46000000", "depreciation": "None", "depreciationAndAmortization": "293000000", "incomeBeforeTax": "178000000", "incomeTaxExpense": "21000000", "interestAndDebtExpense": "None", "netIncomeFromContinuingOperations": "157000000", "comprehensiveIncomeNetOfTax": "None", "ebit": "285000000", "ebitda": "578000000", "netIncome": "156000000"}, {"fiscalDateEnding": "2014-06-30", "reportedCurrency": "USD", "grossProfit": "611000000", "totalRevenue": "2698000000", "costOfRevenue": "2087000000", "costofGoodsAndServicesSold": "2087000000", "operatingIncome": "249000000", "sellingGeneralAndAdministrative": "80000000", "researchAndDevelopment": "0", "operatingExpenses": "362000000", "investmentIncomeNet": "None", "netInterestIncome": "None", "interestIncome": "None", "interestExpense": "106000000", "nonInterestIncome": "None", "otherNonOperatingIncome": "33000000", "depreciation": "None", "depreciationAndAmortization": "282000000", "incomeBeforeTax": "176000000", "incomeTaxExpense": "50000000", "interestAndDebtExpense": "None", "netIncomeFromContinuingOperations": "126000000", "comprehensiveIncomeNetOfTax": "None", "ebit": "282000000", "ebitda": "564000000", "netIncome": "124000000"}, {"fiscalDateEnding": "2014-03-31", "reportedCurrency": "USD", "grossProfit": "934000000", "totalRevenue": "3930000000", "costOfRevenue": "2996000000", "costofGoodsAndServicesSold": "2996000000", "operatingIncome": "560000000", "sellingGeneralAndAdministrative": "94000000", "researchAndDevelopment": "0", "operatingExpenses": "374000000", "investmentIncomeNet": "None", "netInterestIncome": "None", "interestIncome": "None", "interestExpense": "110000000", "nonInterestIncome": "None", "otherNonOperatingIncome": "35000000", "depreciation": "None", "depreciationAndAmortization": "280000000", "incomeBeforeTax": "485000000", "incomeTaxExpense": "158000000", "interestAndDebtExpense": "None", "netIncomeFromContinuingOperations": "327000000", "comprehensiveIncomeNetOfTax": "None", "ebit": "595000000", "ebitda": "875000000", "netIncome": "326000000"}, {"fiscalDateEnding": "2013-12-31", "reportedCurrency": "USD", "grossProfit": "599000000", "totalRevenue": "2533000000", "costOfRevenue": "1934000000", "costofGoodsAndServicesSold": "1934000000", "operatingIncome": "241000000", "sellingGeneralAndAdministrative": "75000000", "researchAndDevelopment": "0", "operatingExpenses": "358000000", "investmentIncomeNet": "None", "netInterestIncome": "None", "interestIncome": "None", "interestExpense": "109000000", "nonInterestIncome": "None", "otherNonOperatingIncome": "23000000", "depreciation": "None", "depreciationAndAmortization": "283000000", "incomeBeforeTax": "155000000", "incomeTaxExpense": "29000000", "interestAndDebtExpense": "None", "netIncomeFromContinuingOperations": "-172000000", "comprehensiveIncomeNetOfTax": "None", "ebit": "264000000", "ebitda": "547000000", "netIncome": "124000000"}, {"fiscalDateEnding": "2013-09-30", "reportedCurrency": "USD", "grossProfit": "692000000", "totalRevenue": "2387000000", "costOfRevenue": "1695000000", "costofGoodsAndServicesSold": "1695000000", "operatingIncome": "329000000", "sellingGeneralAndAdministrative": "79000000", "researchAndDevelopment": "0", "operatingExpenses": "363000000", "investmentIncomeNet": "None", "netInterestIncome": "None", "interestIncome": "None", "interestExpense": "106000000", "nonInterestIncome": "None", "otherNonOperatingIncome": "53000000", "depreciation": "None", "depreciationAndAmortization": "284000000", "incomeBeforeTax": "276000000", "incomeTaxExpense": "76000000", "interestAndDebtExpense": "None", "netIncomeFromContinuingOperations": "200000000", "comprehensiveIncomeNetOfTax": "None", "ebit": "382000000", "ebitda": "666000000", "netIncome": "198000000"}, {"fiscalDateEnding": "2013-06-30", "reportedCurrency": "USD", "grossProfit": "580000000", "totalRevenue": "2225000000", "costOfRevenue": "1645000000", "costofGoodsAndServicesSold": "1645000000", "operatingIncome": "223000000", "sellingGeneralAndAdministrative": "89000000", "researchAndDevelopment": "0", "operatingExpenses": "357000000", "investmentIncomeNet": "None", "netInterestIncome": "None", "interestIncome": "None", "interestExpense": "112000000", "nonInterestIncome": "None", "otherNonOperatingIncome": "40000000", "depreciation": "None", "depreciationAndAmortization": "268000000", "incomeBeforeTax": "151000000", "incomeTaxExpense": "44000000", "interestAndDebtExpense": "None", "netIncomeFromContinuingOperations": "195000000", "comprehensiveIncomeNetOfTax": "None", "ebit": "263000000", "ebitda": "531000000", "netIncome": "105000000"}, {"fiscalDateEnding": "2013-03-31", "reportedCurrency": "USD", "grossProfit": "757000000", "totalRevenue": "2516000000", "costOfRevenue": "1759000000", "costofGoodsAndServicesSold": "1759000000", "operatingIncome": "410000000", "sellingGeneralAndAdministrative": "88000000", "researchAndDevelopment": "0", "operatingExpenses": "347000000", "investmentIncomeNet": "None", "netInterestIncome": "None", "interestIncome": "None", "interestExpense": "109000000", "nonInterestIncome": "None", "otherNonOperatingIncome": "39000000", "depreciation": "None", "depreciationAndAmortization": "259000000", "incomeBeforeTax": "340000000", "incomeTaxExpense": "105000000", "interestAndDebtExpense": "None", "netIncomeFromContinuingOperations": "445000000", "comprehensiveIncomeNetOfTax": "None", "ebit": "449000000", "ebitda": "708000000", "netIncome": "234000000"}, {"fiscalDateEnding": "2012-12-31", "reportedCurrency": "USD", "grossProfit": "-1530000000", "totalRevenue": "2311000000", "costOfRevenue": "3841000000", "costofGoodsAndServicesSold": "3841000000", "operatingIncome": "263000000", "sellingGeneralAndAdministrative": "0", "researchAndDevelopment": "0", "operatingExpenses": "-1793000000", "investmentIncomeNet": "None", "netInterestIncome": "None", "interestIncome": "None", "interestExpense": "106000000", "nonInterestIncome": "None", "otherNonOperatingIncome": "None", "depreciation": "None", "depreciationAndAmortization": "271000000", "incomeBeforeTax": "174000000", "incomeTaxExpense": "35000000", "interestAndDebtExpense": "None", "netIncomeFromContinuingOperations": "0", "comprehensiveIncomeNetOfTax": "None", "ebit": "280000000", "ebitda": "551000000", "netIncome": "81000000"}, {"fiscalDateEnding": "2012-09-30", "reportedCurrency": "USD", "grossProfit": "1445000000", "totalRevenue": "2206000000", "costOfRevenue": "761000000", "costofGoodsAndServicesSold": "761000000", "operatingIncome": "410000000", "sellingGeneralAndAdministrative": "0", "researchAndDevelopment": "0", "operatingExpenses": "1035000000", "investmentIncomeNet": "None", "netInterestIncome": "None", "interestIncome": "None", "interestExpense": "112000000", "nonInterestIncome": "None", "otherNonOperatingIncome": "None", "depreciation": "None", "depreciationAndAmortization": "265000000", "incomeBeforeTax": "338000000", "incomeTaxExpense": "108000000", "interestAndDebtExpense": "None", "netIncomeFromContinuingOperations": "0", "comprehensiveIncomeNetOfTax": "None", "ebit": "450000000", "ebitda": "715000000", "netIncome": "227000000"}, {"fiscalDateEnding": "2012-06-30", "reportedCurrency": "USD", "grossProfit": "1328000000", "totalRevenue": "2025000000", "costOfRevenue": "697000000", "costofGoodsAndServicesSold": "697000000", "operatingIncome": "294000000", "sellingGeneralAndAdministrative": "0", "researchAndDevelopment": "0", "operatingExpenses": "1034000000", "investmentIncomeNet": "None", "netInterestIncome": "None", "interestIncome": "None", "interestExpense": "109000000", "nonInterestIncome": "None", "otherNonOperatingIncome": "None", "depreciation": "None", "depreciationAndAmortization": "250000000", "incomeBeforeTax": "217000000", "incomeTaxExpense": "70000000", "interestAndDebtExpense": "None", "netIncomeFromContinuingOperations": "0", "comprehensiveIncomeNetOfTax": "None", "ebit": "327000000", "ebitda": "577000000", "netIncome": "146000000"}, {"fiscalDateEnding": "2012-03-31", "reportedCurrency": "USD", "grossProfit": "1360000000", "totalRevenue": "2249000000", "costOfRevenue": "889000000", "costofGoodsAndServicesSold": "889000000", "operatingIncome": "312000000", "sellingGeneralAndAdministrative": "0", "researchAndDevelopment": "0", "operatingExpenses": "1048000000", "investmentIncomeNet": "None", "netInterestIncome": "None", "interestIncome": "None", "interestExpense": "113000000", "nonInterestIncome": "None", "otherNonOperatingIncome": "None", "depreciation": "None", "depreciationAndAmortization": "232000000", "incomeBeforeTax": "231000000", "incomeTaxExpense": "73000000", "interestAndDebtExpense": "None", "netIncomeFromContinuingOperations": "0", "comprehensiveIncomeNetOfTax": "None", "ebit": "344000000", "ebitda": "576000000", "netIncome": "156000000"}, {"fiscalDateEnding": "2011-12-31", "reportedCurrency": "USD", "grossProfit": "1344000000", "totalRevenue": "2173000000", "costOfRevenue": "829000000", "costofGoodsAndServicesSold": "829000000", "operatingIncome": "346000000", "sellingGeneralAndAdministrative": "0", "researchAndDevelopment": "0", "operatingExpenses": "998000000", "investmentIncomeNet": "None", "netInterestIncome": "None", "interestIncome": "None", "interestExpense": "124000000", "nonInterestIncome": "None", "otherNonOperatingIncome": "None", "depreciation": "None", "depreciationAndAmortization": "243000000", "incomeBeforeTax": "244000000", "incomeTaxExpense": "87000000", "interestAndDebtExpense": "None", "netIncomeFromContinuingOperations": "0", "comprehensiveIncomeNetOfTax": "None", "ebit": "368000000", "ebitda": "611000000", "netIncome": "150000000"}, {"fiscalDateEnding": "2011-09-30", "reportedCurrency": "USD", "grossProfit": "1399000000", "totalRevenue": "2265000000", "costOfRevenue": "866000000", "costofGoodsAndServicesSold": "866000000", "operatingIncome": "399000000", "sellingGeneralAndAdministrative": "71000000", "researchAndDevelopment": "0", "operatingExpenses": "1008000000", "investmentIncomeNet": "None", "netInterestIncome": "None", "interestIncome": "None", "interestExpense": "120000000", "nonInterestIncome": "None", "otherNonOperatingIncome": "7000000", "depreciation": "None", "depreciationAndAmortization": "259000000", "incomeBeforeTax": "286000000", "incomeTaxExpense": "101000000", "interestAndDebtExpense": "None", "netIncomeFromContinuingOperations": "185000000", "comprehensiveIncomeNetOfTax": "None", "ebit": "406000000", "ebitda": "665000000", "netIncome": "183000000"}, {"fiscalDateEnding": "2011-06-30", "reportedCurrency": "USD", "grossProfit": "1257000000", "totalRevenue": "2028000000", "costOfRevenue": "771000000", "costofGoodsAndServicesSold": "771000000", "operatingIncome": "288000000", "sellingGeneralAndAdministrative": "74000000", "researchAndDevelopment": "0", "operatingExpenses": "969000000", "investmentIncomeNet": "None", "netInterestIncome": "None", "interestIncome": "None", "interestExpense": "124000000", "nonInterestIncome": "None", "otherNonOperatingIncome": "12000000", "depreciation": "None", "depreciationAndAmortization": "248000000", "incomeBeforeTax": "176000000", "incomeTaxExpense": "-24000000", "interestAndDebtExpense": "None", "netIncomeFromContinuingOperations": "200000000", "comprehensiveIncomeNetOfTax": "None", "ebit": "300000000", "ebitda": "548000000", "netIncome": "202000000"}, {"fiscalDateEnding": "2011-03-31", "reportedCurrency": "USD", "grossProfit": "1360000000", "totalRevenue": "2431000000", "costOfRevenue": "1071000000", "costofGoodsAndServicesSold": "1071000000", "operatingIncome": "390000000", "sellingGeneralAndAdministrative": "94000000", "researchAndDevelopment": "0", "operatingExpenses": "970000000", "investmentIncomeNet": "None", "netInterestIncome": "None", "interestIncome": "None", "interestExpense": "126000000", "nonInterestIncome": "None", "otherNonOperatingIncome": "-86000000", "depreciation": "None", "depreciationAndAmortization": "245000000", "incomeBeforeTax": "281000000", "incomeTaxExpense": "103000000", "interestAndDebtExpense": "None", "netIncomeFromContinuingOperations": "281000000", "comprehensiveIncomeNetOfTax": "None", "ebit": "407000000", "ebitda": "652000000", "netIncome": "176000000"}, {"fiscalDateEnding": "2010-12-31", "reportedCurrency": "USD", "grossProfit": "1349000000", "totalRevenue": "2173000000", "costOfRevenue": "824000000", "costofGoodsAndServicesSold": "824000000", "operatingIncome": "350000000", "sellingGeneralAndAdministrative": "0", "researchAndDevelopment": "0", "operatingExpenses": "1009000000", "investmentIncomeNet": "None", "netInterestIncome": "None", "interestIncome": "None", "interestExpense": "131000000", "nonInterestIncome": "None", "otherNonOperatingIncome": "None", "depreciation": "None", "depreciationAndAmortization": "252000000", "incomeBeforeTax": "215000000", "incomeTaxExpense": "59000000", "interestAndDebtExpense": "None", "netIncomeFromContinuingOperations": "0", "comprehensiveIncomeNetOfTax": "None", "ebit": "346000000", "ebitda": "598000000", "netIncome": "152000000"}, {"fiscalDateEnding": "2010-09-30", "reportedCurrency": "USD", "grossProfit": "1376000000", "totalRevenue": "2139000000", "costOfRevenue": "763000000", "costofGoodsAndServicesSold": "763000000", "operatingIncome": "386000000", "sellingGeneralAndAdministrative": "0", "researchAndDevelopment": "0", "operatingExpenses": "990000000", "investmentIncomeNet": "None", "netInterestIncome": "None", "interestIncome": "None", "interestExpense": "142000000", "nonInterestIncome": "None", "otherNonOperatingIncome": "None", "depreciation": "None", "depreciationAndAmortization": "271000000", "incomeBeforeTax": "258000000", "incomeTaxExpense": "92000000", "interestAndDebtExpense": "None", "netIncomeFromContinuingOperations": "0", "comprehensiveIncomeNetOfTax": "None", "ebit": "400000000", "ebitda": "671000000", "netIncome": "163000000"}, {"fiscalDateEnding": "2010-06-30", "reportedCurrency": "USD", "grossProfit": "1184000000", "totalRevenue": "1792000000", "costOfRevenue": "608000000", "costofGoodsAndServicesSold": "608000000", "operatingIncome": "256000000", "sellingGeneralAndAdministrative": "0", "researchAndDevelopment": "0", "operatingExpenses": "928000000", "investmentIncomeNet": "None", "netInterestIncome": "None", "interestIncome": "None", "interestExpense": "136000000", "nonInterestIncome": "None", "otherNonOperatingIncome": "None", "depreciation": "None", "depreciationAndAmortization": "253000000", "incomeBeforeTax": "131000000", "incomeTaxExpense": "44000000", "interestAndDebtExpense": "None", "netIncomeFromContinuingOperations": "0", "comprehensiveIncomeNetOfTax": "None", "ebit": "267000000", "ebitda": "520000000", "netIncome": "86000000"}, {"fiscalDateEnding": "2010-03-31", "reportedCurrency": "USD", "grossProfit": "1458000000", "totalRevenue": "2453000000", "costOfRevenue": "995000000", "costofGoodsAndServicesSold": "995000000", "operatingIncome": "472000000", "sellingGeneralAndAdministrative": "0", "researchAndDevelopment": "0", "operatingExpenses": "985000000", "investmentIncomeNet": "None", "netInterestIncome": "None", "interestIncome": "None", "interestExpense": "140000000", "nonInterestIncome": "None", "otherNonOperatingIncome": "None", "depreciation": "None", "depreciationAndAmortization": "251000000", "incomeBeforeTax": "346000000", "incomeTaxExpense": "116000000", "interestAndDebtExpense": "None", "netIncomeFromContinuingOperations": "0", "comprehensiveIncomeNetOfTax": "None", "ebit": "486000000", "ebitda": "737000000", "netIncome": "229000000"}, {"fiscalDateEnding": "2009-12-31", "reportedCurrency": "USD", "grossProfit": "1264000000", "totalRevenue": "2110000000", "costOfRevenue": "846000000", "costofGoodsAndServicesSold": "846000000", "operatingIncome": "296000000", "sellingGeneralAndAdministrative": "0", "researchAndDevelopment": "0", "operatingExpenses": "968000000", "investmentIncomeNet": "None", "netInterestIncome": "None", "interestIncome": "None", "interestExpense": "136000000", "nonInterestIncome": "None", "otherNonOperatingIncome": "None", "depreciation": "None", "depreciationAndAmortization": "282000000", "incomeBeforeTax": "164000000", "incomeTaxExpense": "50000000", "interestAndDebtExpense": "None", "netIncomeFromContinuingOperations": "0", "comprehensiveIncomeNetOfTax": "None", "ebit": "300000000", "ebitda": "582000000", "netIncome": "113000000"}, {"fiscalDateEnding": "2009-09-30", "reportedCurrency": "USD", "grossProfit": "1226000000", "totalRevenue": "1961000000", "costOfRevenue": "735000000", "costofGoodsAndServicesSold": "735000000", "operatingIncome": "343000000", "sellingGeneralAndAdministrative": "0", "researchAndDevelopment": "0", "operatingExpenses": "883000000", "investmentIncomeNet": "None", "netInterestIncome": "None", "interestIncome": "None", "interestExpense": "143000000", "nonInterestIncome": "None", "otherNonOperatingIncome": "None", "depreciation": "None", "depreciationAndAmortization": "266000000", "incomeBeforeTax": "231000000", "incomeTaxExpense": "73000000", "interestAndDebtExpense": "None", "netIncomeFromContinuingOperations": "0", "comprehensiveIncomeNetOfTax": "None", "ebit": "374000000", "ebitda": "640000000", "netIncome": "158000000"}, {"fiscalDateEnding": "2009-06-30", "reportedCurrency": "USD", "grossProfit": "1111000000", "totalRevenue": "1688000000", "costOfRevenue": "577000000", "costofGoodsAndServicesSold": "577000000", "operatingIncome": "215000000", "sellingGeneralAndAdministrative": "0", "researchAndDevelopment": "0", "operatingExpenses": "896000000", "investmentIncomeNet": "None", "netInterestIncome": "None", "interestIncome": "None", "interestExpense": "134000000", "nonInterestIncome": "None", "otherNonOperatingIncome": "None", "depreciation": "None", "depreciationAndAmortization": "240000000", "incomeBeforeTax": "111000000", "incomeTaxExpense": "27000000", "interestAndDebtExpense": "None", "netIncomeFromContinuingOperations": "0", "comprehensiveIncomeNetOfTax": "None", "ebit": "245000000", "ebitda": "485000000", "netIncome": "83000000"}, {"fiscalDateEnding": "2009-03-31", "reportedCurrency": "USD", "grossProfit": "1295000000", "totalRevenue": "2255000000", "costOfRevenue": "960000000", "costofGoodsAndServicesSold": "960000000", "operatingIncome": "395000000", "sellingGeneralAndAdministrative": "0", "researchAndDevelopment": "0", "operatingExpenses": "900000000", "investmentIncomeNet": "None", "netInterestIncome": "None", "interestIncome": "None", "interestExpense": "132000000", "nonInterestIncome": "None", "otherNonOperatingIncome": "None", "depreciation": "None", "depreciationAndAmortization": "232000000", "incomeBeforeTax": "276000000", "incomeTaxExpense": "97000000", "interestAndDebtExpense": "None", "netIncomeFromContinuingOperations": "0", "comprehensiveIncomeNetOfTax": "None", "ebit": "408000000", "ebitda": "640000000", "netIncome": "179000000"}, {"fiscalDateEnding": "2008-12-31", "reportedCurrency": "USD", "grossProfit": "1196000000", "totalRevenue": "2170000000", "costOfRevenue": "974000000", "costofGoodsAndServicesSold": "974000000", "operatingIncome": "302000000", "sellingGeneralAndAdministrative": "0", "researchAndDevelopment": "0", "operatingExpenses": "894000000", "investmentIncomeNet": "None", "netInterestIncome": "None", "interestIncome": "None", "interestExpense": "503000000", "nonInterestIncome": "None", "otherNonOperatingIncome": "None", "depreciation": "None", "depreciationAndAmortization": "224000000", "incomeBeforeTax": "186000000", "incomeTaxExpense": "57000000", "interestAndDebtExpense": "None", "netIncomeFromContinuingOperations": "0", "comprehensiveIncomeNetOfTax": "None", "ebit": "302000000", "ebitda": "526000000", "netIncome": "129000000"}, {"fiscalDateEnding": "2008-09-30", "reportedCurrency": "USD", "grossProfit": "1304000000", "totalRevenue": "2338000000", "costOfRevenue": "1034000000", "costofGoodsAndServicesSold": "1034000000", "operatingIncome": "375000000", "sellingGeneralAndAdministrative": "0", "researchAndDevelopment": "0", "operatingExpenses": "929000000", "investmentIncomeNet": "None", "netInterestIncome": "None", "interestIncome": "None", "interestExpense": "125000000", "nonInterestIncome": "None", "otherNonOperatingIncome": "None", "depreciation": "None", "depreciationAndAmortization": "235000000", "incomeBeforeTax": "266000000", "incomeTaxExpense": "97000000", "interestAndDebtExpense": "None", "netIncomeFromContinuingOperations": "0", "comprehensiveIncomeNetOfTax": "None", "ebit": "363000000", "ebitda": "598000000", "netIncome": "177000000"}, {"fiscalDateEnding": "2008-06-30", "reportedCurrency": "USD", "grossProfit": "1219000000", "totalRevenue": "2251000000", "costOfRevenue": "1032000000", "costofGoodsAndServicesSold": "1032000000", "operatingIncome": "171000000", "sellingGeneralAndAdministrative": "0", "researchAndDevelopment": "0", "operatingExpenses": "1048000000", "investmentIncomeNet": "None", "netInterestIncome": "None", "interestIncome": "None", "interestExpense": "122000000", "nonInterestIncome": "None", "otherNonOperatingIncome": "None", "depreciation": "None", "depreciationAndAmortization": "215000000", "incomeBeforeTax": "46000000", "incomeTaxExpense": "18000000", "interestAndDebtExpense": "None", "netIncomeFromContinuingOperations": "0", "comprehensiveIncomeNetOfTax": "None", "ebit": "169000000", "ebitda": "384000000", "netIncome": "28000000"}, {"fiscalDateEnding": "2008-03-31", "reportedCurrency": "USD", "grossProfit": "1304000000", "totalRevenue": "2570000000", "costOfRevenue": "1266000000", "costofGoodsAndServicesSold": "1266000000", "operatingIncome": "299000000", "sellingGeneralAndAdministrative": "0", "researchAndDevelopment": "0", "operatingExpenses": "1005000000", "investmentIncomeNet": "None", "netInterestIncome": "None", "interestIncome": "None", "interestExpense": "124000000", "nonInterestIncome": "None", "otherNonOperatingIncome": "None", "depreciation": "None", "depreciationAndAmortization": "225000000", "incomeBeforeTax": "316000000", "incomeTaxExpense": "116000000", "interestAndDebtExpense": "None", "netIncomeFromContinuingOperations": "0", "comprehensiveIncomeNetOfTax": "None", "ebit": "300000000", "ebitda": "525000000", "netIncome": "212000000"}, {"fiscalDateEnding": "2007-12-31", "reportedCurrency": "USD", "grossProfit": "448000000", "totalRevenue": "1405000000", "costOfRevenue": "957000000", "costofGoodsAndServicesSold": "957000000", "operatingIncome": "1374000000", "sellingGeneralAndAdministrative": "0", "researchAndDevelopment": "0", "operatingExpenses": "-926000000", "investmentIncomeNet": "None", "netInterestIncome": "None", "interestIncome": "None", "interestExpense": "533000000", "nonInterestIncome": "None", "otherNonOperatingIncome": "None", "depreciation": "None", "depreciationAndAmortization": "210000000", "incomeBeforeTax": "83000000", "incomeTaxExpense": "12000000", "interestAndDebtExpense": "None", "netIncomeFromContinuingOperations": "0", "comprehensiveIncomeNetOfTax": "None", "ebit": "1380000000", "ebitda": "1590000000", "netIncome": "255000000"}, {"fiscalDateEnding": "2007-09-30", "reportedCurrency": "USD", "grossProfit": "1654000000", "totalRevenue": "2417000000", "costOfRevenue": "763000000", "costofGoodsAndServicesSold": "763000000", "operatingIncome": "253000000", "sellingGeneralAndAdministrative": "0", "researchAndDevelopment": "0", "operatingExpenses": "1401000000", "investmentIncomeNet": "None", "netInterestIncome": "None", "interestIncome": "None", "interestExpense": "131000000", "nonInterestIncome": "None", "otherNonOperatingIncome": "None", "depreciation": "None", "depreciationAndAmortization": "249000000", "incomeBeforeTax": "252000000", "incomeTaxExpense": "55000000", "interestAndDebtExpense": "None", "netIncomeFromContinuingOperations": "0", "comprehensiveIncomeNetOfTax": "None", "ebit": "286000000", "ebitda": "535000000", "netIncome": "197000000"}, {"fiscalDateEnding": "2007-06-30", "reportedCurrency": "USD", "grossProfit": "1256000000", "totalRevenue": "1954000000", "costOfRevenue": "698000000", "costofGoodsAndServicesSold": "698000000", "operatingIncome": "-210000000", "sellingGeneralAndAdministrative": "0", "researchAndDevelopment": "0", "operatingExpenses": "1466000000", "investmentIncomeNet": "None", "netInterestIncome": "None", "interestIncome": "None", "interestExpense": "134000000", "nonInterestIncome": "None", "otherNonOperatingIncome": "None", "depreciation": "None", "depreciationAndAmortization": "242000000", "incomeBeforeTax": "632000000", "incomeTaxExpense": "247000000", "interestAndDebtExpense": "None", "netIncomeFromContinuingOperations": "0", "comprehensiveIncomeNetOfTax": "None", "ebit": "-167000000", "ebitda": "75000000", "netIncome": "385000000"}, {"fiscalDateEnding": "2007-03-31", "reportedCurrency": "USD", "grossProfit": "1595000000", "totalRevenue": "2730000000", "costOfRevenue": "1135000000", "costofGoodsAndServicesSold": "1135000000", "operatingIncome": "218000000", "sellingGeneralAndAdministrative": "0", "researchAndDevelopment": "0", "operatingExpenses": "1377000000", "investmentIncomeNet": "None", "netInterestIncome": "None", "interestIncome": "None", "interestExpense": "137000000", "nonInterestIncome": "None", "otherNonOperatingIncome": "None", "depreciation": "None", "depreciationAndAmortization": "225000000", "incomeBeforeTax": "184000000", "incomeTaxExpense": "50000000", "interestAndDebtExpense": "None", "netIncomeFromContinuingOperations": "0", "comprehensiveIncomeNetOfTax": "None", "ebit": "280000000", "ebitda": "505000000", "netIncome": "134000000"}, {"fiscalDateEnding": "2006-12-31", "reportedCurrency": "USD", "grossProfit": "1517000000", "totalRevenue": "2296000000", "costOfRevenue": "779000000", "costofGoodsAndServicesSold": "779000000", "operatingIncome": "127000000", "sellingGeneralAndAdministrative": "0", "researchAndDevelopment": "0", "operatingExpenses": "1390000000", "investmentIncomeNet": "None", "netInterestIncome": "None", "interestIncome": "None", "interestExpense": "526000000", "nonInterestIncome": "None", "otherNonOperatingIncome": "None", "depreciation": "None", "depreciationAndAmortization": "213000000", "incomeBeforeTax": "172000000", "incomeTaxExpense": "28000000", "interestAndDebtExpense": "None", "netIncomeFromContinuingOperations": "0", "comprehensiveIncomeNetOfTax": "None", "ebit": "127000000", "ebitda": "340000000", "netIncome": "142000000"}, {"fiscalDateEnding": "2006-09-30", "reportedCurrency": "USD", "grossProfit": "1567000000", "totalRevenue": "2196000000", "costOfRevenue": "629000000", "costofGoodsAndServicesSold": "629000000", "operatingIncome": "367000000", "sellingGeneralAndAdministrative": "0", "researchAndDevelopment": "0", "operatingExpenses": "1200000000", "investmentIncomeNet": "None", "netInterestIncome": "None", "interestIncome": "None", "interestExpense": "123000000", "nonInterestIncome": "None", "otherNonOperatingIncome": "None", "depreciation": "None", "depreciationAndAmortization": "355000000", "incomeBeforeTax": "248000000", "incomeTaxExpense": "59000000", "interestAndDebtExpense": "None", "netIncomeFromContinuingOperations": "0", "comprehensiveIncomeNetOfTax": "None", "ebit": "367000000", "ebitda": "722000000", "netIncome": "188000000"}, {"fiscalDateEnding": "2006-06-30", "reportedCurrency": "USD", "grossProfit": "1307000000", "totalRevenue": "1895000000", "costOfRevenue": "588000000", "costofGoodsAndServicesSold": "588000000", "operatingIncome": "97000000", "sellingGeneralAndAdministrative": "0", "researchAndDevelopment": "0", "operatingExpenses": "1210000000", "investmentIncomeNet": "None", "netInterestIncome": "None", "interestIncome": "None", "interestExpense": "134000000", "nonInterestIncome": "None", "otherNonOperatingIncome": "None", "depreciation": "None", "depreciationAndAmortization": "221000000", "incomeBeforeTax": "-40000000", "incomeTaxExpense": "-8000000", "interestAndDebtExpense": "None", "netIncomeFromContinuingOperations": "0", "comprehensiveIncomeNetOfTax": "None", "ebit": "97000000", "ebitda": "318000000", "netIncome": "-33000000"}, {"fiscalDateEnding": "2006-03-31", "reportedCurrency": "USD", "grossProfit": "1575000000", "totalRevenue": "2635000000", "costOfRevenue": "1060000000", "costofGoodsAndServicesSold": "1060000000", "operatingIncome": "237000000", "sellingGeneralAndAdministrative": "0", "researchAndDevelopment": "0", "operatingExpenses": "1338000000", "investmentIncomeNet": "None", "netInterestIncome": "None", "interestIncome": "None", "interestExpense": "133000000", "nonInterestIncome": "None", "otherNonOperatingIncome": "None", "depreciation": "None", "depreciationAndAmortization": "225000000", "incomeBeforeTax": "194000000", "incomeTaxExpense": "58000000", "interestAndDebtExpense": "None", "netIncomeFromContinuingOperations": "0", "comprehensiveIncomeNetOfTax": "None", "ebit": "237000000", "ebitda": "462000000", "netIncome": "136000000"}, {"fiscalDateEnding": "2005-12-31", "reportedCurrency": "USD", "grossProfit": "1628000000", "totalRevenue": "2712000000", "costOfRevenue": "1084000000", "costofGoodsAndServicesSold": "1084000000", "operatingIncome": "394000000", "sellingGeneralAndAdministrative": "0", "researchAndDevelopment": "0", "operatingExpenses": "1234000000", "investmentIncomeNet": "None", "netInterestIncome": "None", "interestIncome": "None", "interestExpense": "519000000", "nonInterestIncome": "None", "otherNonOperatingIncome": "None", "depreciation": "None", "depreciationAndAmortization": "209000000", "incomeBeforeTax": "536000000", "incomeTaxExpense": "148000000", "interestAndDebtExpense": "None", "netIncomeFromContinuingOperations": "0", "comprehensiveIncomeNetOfTax": "None", "ebit": "394000000", "ebitda": "603000000", "netIncome": "382000000"}, {"fiscalDateEnding": "2005-09-30", "reportedCurrency": "USD", "grossProfit": "1221000000", "totalRevenue": "2060000000", "costOfRevenue": "839000000", "costofGoodsAndServicesSold": "839000000", "operatingIncome": "-57000000", "sellingGeneralAndAdministrative": "0", "researchAndDevelopment": "0", "operatingExpenses": "1278000000", "investmentIncomeNet": "None", "netInterestIncome": "None", "interestIncome": "None", "interestExpense": "129000000", "nonInterestIncome": "None", "otherNonOperatingIncome": "None", "depreciation": "None", "depreciationAndAmortization": "239000000", "incomeBeforeTax": "39000000", "incomeTaxExpense": "10000000", "interestAndDebtExpense": "None", "netIncomeFromContinuingOperations": "0", "comprehensiveIncomeNetOfTax": "None", "ebit": "-57000000", "ebitda": "182000000", "netIncome": "4000000"}, {"fiscalDateEnding": "2005-06-30", "reportedCurrency": "USD", "grossProfit": "1307000000", "totalRevenue": "1945000000", "costOfRevenue": "638000000", "costofGoodsAndServicesSold": "638000000", "operatingIncome": "66000000", "sellingGeneralAndAdministrative": "0", "researchAndDevelopment": "0", "operatingExpenses": "1241000000", "investmentIncomeNet": "None", "netInterestIncome": "None", "interestIncome": "None", "interestExpense": "129000000", "nonInterestIncome": "None", "otherNonOperatingIncome": "None", "depreciation": "None", "depreciationAndAmortization": "216000000", "incomeBeforeTax": "33000000", "incomeTaxExpense": "3000000", "interestAndDebtExpense": "None", "netIncomeFromContinuingOperations": "0", "comprehensiveIncomeNetOfTax": "None", "ebit": "71000000", "ebitda": "287000000", "netIncome": "29000000"}, {"fiscalDateEnding": "2005-03-31", "reportedCurrency": "USD", "grossProfit": "1346000000", "totalRevenue": "2315000000", "costOfRevenue": "969000000", "costofGoodsAndServicesSold": "969000000", "operatingIncome": "143000000", "sellingGeneralAndAdministrative": "0", "researchAndDevelopment": "0", "operatingExpenses": "1203000000", "investmentIncomeNet": "None", "netInterestIncome": "None", "interestIncome": "None", "interestExpense": "128000000", "nonInterestIncome": "None", "otherNonOperatingIncome": "None", "depreciation": "None", "depreciationAndAmortization": "208000000", "incomeBeforeTax": "159000000", "incomeTaxExpense": "37000000", "interestAndDebtExpense": "None", "netIncomeFromContinuingOperations": "0", "comprehensiveIncomeNetOfTax": "None", "ebit": "148000000", "ebitda": "356000000", "netIncome": "122000000"}, {"fiscalDateEnding": "2004-12-31", "reportedCurrency": "USD", "grossProfit": "1353000000", "totalRevenue": "1926000000", "costOfRevenue": "573000000", "costofGoodsAndServicesSold": "573000000", "operatingIncome": "376000000", "sellingGeneralAndAdministrative": "0", "researchAndDevelopment": "0", "operatingExpenses": "977000000", "investmentIncomeNet": "None", "netInterestIncome": "None", "interestIncome": "None", "interestExpense": "518000000", "nonInterestIncome": "None", "otherNonOperatingIncome": "None", "depreciation": "None", "depreciationAndAmortization": "208000000", "incomeBeforeTax": "154000000", "incomeTaxExpense": "36000000", "interestAndDebtExpense": "None", "netIncomeFromContinuingOperations": "0", "comprehensiveIncomeNetOfTax": "None", "ebit": "376000000", "ebitda": "584000000", "netIncome": "113000000"}]}