{"symbol": "CHTR", "annualReports": [{"fiscalDateEnding": "2024-12-31", "reportedCurrency": "USD", "grossProfit": "30777000000", "totalRevenue": "55085000000", "costOfRevenue": "24308000000", "costofGoodsAndServicesSold": "24308000000", "operatingIncome": "13118000000", "sellingGeneralAndAdministrative": "651000000", "researchAndDevelopment": "None", "operatingExpenses": "17659000000", "investmentIncomeNet": "None", "netInterestIncome": "-5229000000", "interestIncome": "None", "interestExpense": "5229000000", "nonInterestIncome": "None", "otherNonOperatingIncome": "None", "depreciation": "None", "depreciationAndAmortization": "8673000000", "incomeBeforeTax": "7502000000", "incomeTaxExpense": "1649000000", "interestAndDebtExpense": "None", "netIncomeFromContinuingOperations": "5853000000", "comprehensiveIncomeNetOfTax": "None", "ebit": "12731000000", "ebitda": "21404000000", "netIncome": "5083000000"}, {"fiscalDateEnding": "2023-12-31", "reportedCurrency": "USD", "grossProfit": "21202000000", "totalRevenue": "54607000000", "costOfRevenue": "33405000000", "costofGoodsAndServicesSold": "33405000000", "operatingIncome": "12559000000", "sellingGeneralAndAdministrative": "216000000", "researchAndDevelopment": "None", "operatingExpenses": "8643000000", "investmentIncomeNet": "None", "netInterestIncome": "-5096000000", "interestIncome": "None", "interestExpense": "5188000000", "nonInterestIncome": "None", "otherNonOperatingIncome": "None", "depreciation": "None", "depreciationAndAmortization": "8696000000", "incomeBeforeTax": "6854000000", "incomeTaxExpense": "1593000000", "interestAndDebtExpense": "None", "netIncomeFromContinuingOperations": "5417000000", "comprehensiveIncomeNetOfTax": "None", "ebit": "12042000000", "ebitda": "20738000000", "netIncome": "4557000000"}, {"fiscalDateEnding": "2022-12-31", "reportedCurrency": "USD", "grossProfit": "21146000000", "totalRevenue": "54022000000", "costOfRevenue": "32876000000", "costofGoodsAndServicesSold": "32876000000", "operatingIncome": "11962000000", "sellingGeneralAndAdministrative": "254000000", "researchAndDevelopment": "None", "operatingExpenses": "9184000000", "investmentIncomeNet": "None", "netInterestIncome": "-4556000000", "interestIncome": "None", "interestExpense": "4556000000", "nonInterestIncome": "None", "otherNonOperatingIncome": "56000000", "depreciation": "None", "depreciationAndAmortization": "8903000000", "incomeBeforeTax": "7462000000", "incomeTaxExpense": "1613000000", "interestAndDebtExpense": "None", "netIncomeFromContinuingOperations": "5849000000", "comprehensiveIncomeNetOfTax": "None", "ebit": "12018000000", "ebitda": "20921000000", "netIncome": "5055000000"}, {"fiscalDateEnding": "2021-12-31", "reportedCurrency": "USD", "grossProfit": "23701000000", "totalRevenue": "51682000000", "costOfRevenue": "27981000000", "costofGoodsAndServicesSold": "27981000000", "operatingIncome": "10526000000", "sellingGeneralAndAdministrative": "430000000", "researchAndDevelopment": "None", "operatingExpenses": "13175000000", "investmentIncomeNet": "None", "netInterestIncome": "-4037000000", "interestIncome": "None", "interestExpense": "4037000000", "nonInterestIncome": "None", "otherNonOperatingIncome": "-101000000", "depreciation": "None", "depreciationAndAmortization": "9345000000", "incomeBeforeTax": "6388000000", "incomeTaxExpense": "1068000000", "interestAndDebtExpense": "None", "netIncomeFromContinuingOperations": "5320000000", "comprehensiveIncomeNetOfTax": "None", "ebit": "10425000000", "ebitda": "19770000000", "netIncome": "4654000000"}, {"fiscalDateEnding": "2020-12-31", "reportedCurrency": "USD", "grossProfit": "21549000000", "totalRevenue": "48097000000", "costOfRevenue": "26548000000", "costofGoodsAndServicesSold": "26548000000", "operatingIncome": "8405000000", "sellingGeneralAndAdministrative": "351000000", "researchAndDevelopment": "None", "operatingExpenses": "13144000000", "investmentIncomeNet": "None", "netInterestIncome": "-3848000000", "interestIncome": "None", "interestExpense": "3848000000", "nonInterestIncome": "None", "otherNonOperatingIncome": "-255000000", "depreciation": "None", "depreciationAndAmortization": "9704000000", "incomeBeforeTax": "4302000000", "incomeTaxExpense": "626000000", "interestAndDebtExpense": "None", "netIncomeFromContinuingOperations": "3676000000", "comprehensiveIncomeNetOfTax": "None", "ebit": "8397000000", "ebitda": "18101000000", "netIncome": "3222000000"}, {"fiscalDateEnding": "2019-12-31", "reportedCurrency": "USD", "grossProfit": "19899000000", "totalRevenue": "45764000000", "costOfRevenue": "25865000000", "costofGoodsAndServicesSold": "25865000000", "operatingIncome": "6511000000", "sellingGeneralAndAdministrative": "315000000", "researchAndDevelopment": "None", "operatingExpenses": "13388000000", "investmentIncomeNet": "None", "netInterestIncome": "-3797000000", "interestIncome": "3988000000", "interestExpense": "3797000000", "nonInterestIncome": "None", "otherNonOperatingIncome": "-283000000", "depreciation": "None", "depreciationAndAmortization": "9926000000", "incomeBeforeTax": "2431000000", "incomeTaxExpense": "439000000", "interestAndDebtExpense": "None", "netIncomeFromContinuingOperations": "1992000000", "comprehensiveIncomeNetOfTax": "None", "ebit": "6545000000", "ebitda": "16471000000", "netIncome": "1668000000"}, {"fiscalDateEnding": "2018-12-31", "reportedCurrency": "USD", "grossProfit": "15774000000", "totalRevenue": "43634000000", "costOfRevenue": "27860000000", "costofGoodsAndServicesSold": "27860000000", "operatingIncome": "5221000000", "sellingGeneralAndAdministrative": "285000000", "researchAndDevelopment": "0", "operatingExpenses": "10318000000", "investmentIncomeNet": "None", "netInterestIncome": "-3540000000", "interestIncome": "3727000000", "interestExpense": "3540000000", "nonInterestIncome": "None", "otherNonOperatingIncome": "5000000", "depreciation": "None", "depreciationAndAmortization": "10318000000", "incomeBeforeTax": "1686000000", "incomeTaxExpense": "180000000", "interestAndDebtExpense": "None", "netIncomeFromContinuingOperations": "1506000000", "comprehensiveIncomeNetOfTax": "None", "ebit": "5648000000", "ebitda": "15966000000", "netIncome": "1230000000"}, {"fiscalDateEnding": "2017-12-31", "reportedCurrency": "USD", "grossProfit": "15040000000", "totalRevenue": "41581000000", "costOfRevenue": "26541000000", "costofGoodsAndServicesSold": "26541000000", "operatingIncome": "4106000000", "sellingGeneralAndAdministrative": "261000000", "researchAndDevelopment": "0", "operatingExpenses": "10588000000", "investmentIncomeNet": "None", "netInterestIncome": "-3090000000", "interestIncome": "3021000000", "interestExpense": "3090000000", "nonInterestIncome": "None", "otherNonOperatingIncome": "12000000", "depreciation": "None", "depreciationAndAmortization": "10588000000", "incomeBeforeTax": "1028000000", "incomeTaxExpense": "-9087000000", "interestAndDebtExpense": "None", "netIncomeFromContinuingOperations": "10115000000", "comprehensiveIncomeNetOfTax": "None", "ebit": "4453000000", "ebitda": "15041000000", "netIncome": "9895000000"}, {"fiscalDateEnding": "2016-12-31", "reportedCurrency": "USD", "grossProfit": "10348000000", "totalRevenue": "29003000000", "costOfRevenue": "18655000000", "costofGoodsAndServicesSold": "18655000000", "operatingIncome": "3355000000", "sellingGeneralAndAdministrative": "899000000", "researchAndDevelopment": "0", "operatingExpenses": "6008000000", "investmentIncomeNet": "None", "netInterestIncome": "-2499000000", "interestIncome": "2410000000", "interestExpense": "2499000000", "nonInterestIncome": "None", "otherNonOperatingIncome": "-2535000000", "depreciation": "None", "depreciationAndAmortization": "6907000000", "incomeBeforeTax": "820000000", "incomeTaxExpense": "-2925000000", "interestAndDebtExpense": "None", "netIncomeFromContinuingOperations": "3745000000", "comprehensiveIncomeNetOfTax": "None", "ebit": "4340000000", "ebitda": "11247000000", "netIncome": "3522000000"}, {"fiscalDateEnding": "2015-12-31", "reportedCurrency": "USD", "grossProfit": "3328000000", "totalRevenue": "9754000000", "costOfRevenue": "6426000000", "costofGoodsAndServicesSold": "6426000000", "operatingIncome": "1114000000", "sellingGeneralAndAdministrative": "78000000", "researchAndDevelopment": "0", "operatingExpenses": "2125000000", "investmentIncomeNet": "None", "netInterestIncome": "None", "interestIncome": "1310000000", "interestExpense": "1306000000", "nonInterestIncome": "None", "otherNonOperatingIncome": "-139000000", "depreciation": "None", "depreciationAndAmortization": "2125000000", "incomeBeforeTax": "-331000000", "incomeTaxExpense": "-60000000", "interestAndDebtExpense": "None", "netIncomeFromContinuingOperations": "-271000000", "comprehensiveIncomeNetOfTax": "None", "ebit": "975000000", "ebitda": "3100000000", "netIncome": "-271000000"}, {"fiscalDateEnding": "2014-12-31", "reportedCurrency": "USD", "grossProfit": "3135000000", "totalRevenue": "9108000000", "costOfRevenue": "5973000000", "costofGoodsAndServicesSold": "5973000000", "operatingIncome": "971000000", "sellingGeneralAndAdministrative": "55000000", "researchAndDevelopment": "0", "operatingExpenses": "2102000000", "investmentIncomeNet": "None", "netInterestIncome": "None", "interestIncome": "None", "interestExpense": "911000000", "nonInterestIncome": "None", "otherNonOperatingIncome": "-7000000", "depreciation": "None", "depreciationAndAmortization": "2102000000", "incomeBeforeTax": "53000000", "incomeTaxExpense": "236000000", "interestAndDebtExpense": "None", "netIncomeFromContinuingOperations": "-183000000", "comprehensiveIncomeNetOfTax": "None", "ebit": "964000000", "ebitda": "3066000000", "netIncome": "-183000000"}, {"fiscalDateEnding": "2013-12-31", "reportedCurrency": "USD", "grossProfit": "2810000000", "totalRevenue": "8155000000", "costOfRevenue": "5345000000", "costofGoodsAndServicesSold": "5345000000", "operatingIncome": "925000000", "sellingGeneralAndAdministrative": "48000000", "researchAndDevelopment": "0", "operatingExpenses": "1854000000", "investmentIncomeNet": "None", "netInterestIncome": "None", "interestIncome": "None", "interestExpense": "846000000", "nonInterestIncome": "None", "otherNonOperatingIncome": "-128000000", "depreciation": "None", "depreciationAndAmortization": "1854000000", "incomeBeforeTax": "-49000000", "incomeTaxExpense": "120000000", "interestAndDebtExpense": "None", "netIncomeFromContinuingOperations": "-169000000", "comprehensiveIncomeNetOfTax": "None", "ebit": "956000000", "ebitda": "2810000000", "netIncome": "-169000000"}, {"fiscalDateEnding": "2012-12-31", "reportedCurrency": "USD", "grossProfit": "2644000000", "totalRevenue": "7504000000", "costOfRevenue": "4860000000", "costofGoodsAndServicesSold": "4860000000", "operatingIncome": "916000000", "sellingGeneralAndAdministrative": "0", "researchAndDevelopment": "0", "operatingExpenses": "1713000000", "investmentIncomeNet": "None", "netInterestIncome": "None", "interestIncome": "None", "interestExpense": "907000000", "nonInterestIncome": "None", "otherNonOperatingIncome": "-56000000", "depreciation": "None", "depreciationAndAmortization": "1713000000", "incomeBeforeTax": "-47000000", "incomeTaxExpense": "257000000", "interestAndDebtExpense": "None", "netIncomeFromContinuingOperations": "-304000000", "comprehensiveIncomeNetOfTax": "None", "ebit": "824000000", "ebitda": "2537000000", "netIncome": "-304000000"}, {"fiscalDateEnding": "2011-12-31", "reportedCurrency": "USD", "grossProfit": "4066000000", "totalRevenue": "7204000000", "costOfRevenue": "3138000000", "costofGoodsAndServicesSold": "3138000000", "operatingIncome": "1041000000", "sellingGeneralAndAdministrative": "1426000000", "researchAndDevelopment": "0", "operatingExpenses": "3025000000", "investmentIncomeNet": "None", "netInterestIncome": "None", "interestIncome": "None", "interestExpense": "963000000", "nonInterestIncome": "None", "otherNonOperatingIncome": "-148000000", "depreciation": "None", "depreciationAndAmortization": "1592000000", "incomeBeforeTax": "-70000000", "incomeTaxExpense": "299000000", "interestAndDebtExpense": "None", "netIncomeFromContinuingOperations": "-369000000", "comprehensiveIncomeNetOfTax": "None", "ebit": "854000000", "ebitda": "2446000000", "netIncome": "-369000000"}, {"fiscalDateEnding": "2010-12-31", "reportedCurrency": "USD", "grossProfit": "3995000000", "totalRevenue": "7059000000", "costOfRevenue": "3064000000", "costofGoodsAndServicesSold": "3064000000", "operatingIncome": "1049000000", "sellingGeneralAndAdministrative": "1422000000", "researchAndDevelopment": "None", "operatingExpenses": "2946000000", "investmentIncomeNet": "None", "netInterestIncome": "None", "interestIncome": "None", "interestExpense": "877000000", "nonInterestIncome": "None", "otherNonOperatingIncome": "None", "depreciation": "None", "depreciationAndAmortization": "1524000000", "incomeBeforeTax": "58000000", "incomeTaxExpense": "295000000", "interestAndDebtExpense": "None", "netIncomeFromContinuingOperations": "None", "comprehensiveIncomeNetOfTax": "None", "ebit": "935000000", "ebitda": "2459000000", "netIncome": "-237000000"}, {"fiscalDateEnding": "2009-12-31", "reportedCurrency": "USD", "grossProfit": "3846000000", "totalRevenue": "6755000000", "costOfRevenue": "2909000000", "costofGoodsAndServicesSold": "2909000000", "operatingIncome": "10851000000", "sellingGeneralAndAdministrative": "1380000000", "researchAndDevelopment": "None", "operatingExpenses": "-7005000000", "investmentIncomeNet": "None", "netInterestIncome": "None", "interestIncome": "None", "interestExpense": "68000000", "nonInterestIncome": "None", "otherNonOperatingIncome": "None", "depreciation": "None", "depreciationAndAmortization": "1316000000", "incomeBeforeTax": "9758000000", "incomeTaxExpense": "-8000000", "interestAndDebtExpense": "None", "netIncomeFromContinuingOperations": "None", "comprehensiveIncomeNetOfTax": "None", "ebit": "10846000000", "ebitda": "12162000000", "netIncome": "11366000000"}, {"fiscalDateEnding": "2008-12-31", "reportedCurrency": "USD", "grossProfit": "3687000000", "totalRevenue": "6479000000", "costOfRevenue": "2792000000", "costofGoodsAndServicesSold": "2792000000", "operatingIncome": "963000000", "sellingGeneralAndAdministrative": "1401000000", "researchAndDevelopment": "None", "operatingExpenses": "2724000000", "investmentIncomeNet": "None", "netInterestIncome": "None", "interestIncome": "None", "interestExpense": "1903000000", "nonInterestIncome": "None", "otherNonOperatingIncome": "None", "depreciation": "None", "depreciationAndAmortization": "1310000000", "incomeBeforeTax": "-2554000000", "incomeTaxExpense": "-103000000", "interestAndDebtExpense": "None", "netIncomeFromContinuingOperations": "None", "comprehensiveIncomeNetOfTax": "None", "ebit": "976000000", "ebitda": "2286000000", "netIncome": "-2451000000"}, {"fiscalDateEnding": "2007-12-31", "reportedCurrency": "USD", "grossProfit": "3382000000", "totalRevenue": "6002000000", "costOfRevenue": "2620000000", "costofGoodsAndServicesSold": "2620000000", "operatingIncome": "548000000", "sellingGeneralAndAdministrative": "1289000000", "researchAndDevelopment": "None", "operatingExpenses": "2834000000", "investmentIncomeNet": "None", "netInterestIncome": "None", "interestIncome": "None", "interestExpense": "1851000000", "nonInterestIncome": "None", "otherNonOperatingIncome": "None", "depreciation": "None", "depreciationAndAmortization": "1328000000", "incomeBeforeTax": "-1407000000", "incomeTaxExpense": "209000000", "interestAndDebtExpense": "None", "netIncomeFromContinuingOperations": "None", "comprehensiveIncomeNetOfTax": "None", "ebit": "765000000", "ebitda": "2093000000", "netIncome": "-1616000000"}, {"fiscalDateEnding": "2006-12-31", "reportedCurrency": "USD", "grossProfit": "3066000000", "totalRevenue": "5504000000", "costOfRevenue": "2438000000", "costofGoodsAndServicesSold": "2438000000", "operatingIncome": "367000000", "sellingGeneralAndAdministrative": "1165000000", "researchAndDevelopment": "None", "operatingExpenses": "2699000000", "investmentIncomeNet": "None", "netInterestIncome": "None", "interestIncome": "None", "interestExpense": "1887000000", "nonInterestIncome": "None", "otherNonOperatingIncome": "None", "depreciation": "None", "depreciationAndAmortization": "1362000000", "incomeBeforeTax": "-1399000000", "incomeTaxExpense": "187000000", "interestAndDebtExpense": "None", "netIncomeFromContinuingOperations": "None", "comprehensiveIncomeNetOfTax": "None", "ebit": "367000000", "ebitda": "1729000000", "netIncome": "-1370000000"}, {"fiscalDateEnding": "2005-12-31", "reportedCurrency": "USD", "grossProfit": "2961000000", "totalRevenue": "5254000000", "costOfRevenue": "2293000000", "costofGoodsAndServicesSold": "2293000000", "operatingIncome": "343000000", "sellingGeneralAndAdministrative": "1048000000", "researchAndDevelopment": "None", "operatingExpenses": "2618000000", "investmentIncomeNet": "None", "netInterestIncome": "None", "interestIncome": "None", "interestExpense": "1789000000", "nonInterestIncome": "None", "otherNonOperatingIncome": "None", "depreciation": "None", "depreciationAndAmortization": "1499000000", "incomeBeforeTax": "-852000000", "incomeTaxExpense": "115000000", "interestAndDebtExpense": "None", "netIncomeFromContinuingOperations": "None", "comprehensiveIncomeNetOfTax": "None", "ebit": "304000000", "ebitda": "1803000000", "netIncome": "-967000000"}], "quarterlyReports": [{"fiscalDateEnding": "2024-12-31", "reportedCurrency": "USD", "grossProfit": "13926000000", "totalRevenue": "13926000000", "costOfRevenue": "-555000000", "costofGoodsAndServicesSold": "-555000000", "operatingIncome": "3389000000", "sellingGeneralAndAdministrative": "None", "researchAndDevelopment": "None", "operatingExpenses": "10537000000", "investmentIncomeNet": "None", "netInterestIncome": "-1274000000", "interestIncome": "None", "interestExpense": "1274000000", "nonInterestIncome": "None", "otherNonOperatingIncome": "None", "depreciation": "None", "depreciationAndAmortization": "2168000000", "incomeBeforeTax": "2046000000", "incomeTaxExpense": "370000000", "interestAndDebtExpense": "None", "netIncomeFromContinuingOperations": "1676000000", "comprehensiveIncomeNetOfTax": "None", "ebit": "3320000000", "ebitda": "5488000000", "netIncome": "1466000000"}, {"fiscalDateEnding": "2024-09-30", "reportedCurrency": "USD", "grossProfit": "5480000000", "totalRevenue": "13795000000", "costOfRevenue": "8315000000", "costofGoodsAndServicesSold": "8315000000", "operatingIncome": "3335000000", "sellingGeneralAndAdministrative": "None", "researchAndDevelopment": "None", "operatingExpenses": "2145000000", "investmentIncomeNet": "None", "netInterestIncome": "-1311000000", "interestIncome": "None", "interestExpense": "1311000000", "nonInterestIncome": "None", "otherNonOperatingIncome": "None", "depreciation": "None", "depreciationAndAmortization": "2145000000", "incomeBeforeTax": "1880000000", "incomeTaxExpense": "406000000", "interestAndDebtExpense": "None", "netIncomeFromContinuingOperations": "1474000000", "comprehensiveIncomeNetOfTax": "None", "ebit": "3191000000", "ebitda": "5336000000", "netIncome": "1280000000"}, {"fiscalDateEnding": "2024-06-30", "reportedCurrency": "USD", "grossProfit": "5524000000", "totalRevenue": "13685000000", "costOfRevenue": "8161000000", "costofGoodsAndServicesSold": "8161000000", "operatingIncome": "3342000000", "sellingGeneralAndAdministrative": "None", "researchAndDevelopment": "None", "operatingExpenses": "2182000000", "investmentIncomeNet": "None", "netInterestIncome": "-1328000000", "interestIncome": "None", "interestExpense": "1328000000", "nonInterestIncome": "None", "otherNonOperatingIncome": "None", "depreciation": "None", "depreciationAndAmortization": "2170000000", "incomeBeforeTax": "1850000000", "incomeTaxExpense": "427000000", "interestAndDebtExpense": "None", "netIncomeFromContinuingOperations": "1423000000", "comprehensiveIncomeNetOfTax": "None", "ebit": "3343000000", "ebitda": "5513000000", "netIncome": "1231000000"}, {"fiscalDateEnding": "2024-03-31", "reportedCurrency": "USD", "grossProfit": "5367000000", "totalRevenue": "13679000000", "costOfRevenue": "8312000000", "costofGoodsAndServicesSold": "8312000000", "operatingIncome": "3093000000", "sellingGeneralAndAdministrative": "1354000000", "researchAndDevelopment": "None", "operatingExpenses": "2274000000", "investmentIncomeNet": "None", "netInterestIncome": "-1316000000", "interestIncome": "None", "interestExpense": "1316000000", "nonInterestIncome": "None", "otherNonOperatingIncome": "None", "depreciation": "None", "depreciationAndAmortization": "2190000000", "incomeBeforeTax": "1726000000", "incomeTaxExpense": "446000000", "interestAndDebtExpense": "None", "netIncomeFromContinuingOperations": "1280000000", "comprehensiveIncomeNetOfTax": "None", "ebit": "3094000000", "ebitda": "5284000000", "netIncome": "1106000000"}, {"fiscalDateEnding": "2023-12-31", "reportedCurrency": "USD", "grossProfit": "9074000000", "totalRevenue": "13711000000", "costOfRevenue": "4637000000", "costofGoodsAndServicesSold": "4637000000", "operatingIncome": "3267000000", "sellingGeneralAndAdministrative": "221000000", "researchAndDevelopment": "None", "operatingExpenses": "6062000000", "investmentIncomeNet": "None", "netInterestIncome": "-1319000000", "interestIncome": "None", "interestExpense": "1319000000", "nonInterestIncome": "None", "otherNonOperatingIncome": "None", "depreciation": "None", "depreciationAndAmortization": "2188000000", "incomeBeforeTax": "1635000000", "incomeTaxExpense": "406000000", "interestAndDebtExpense": "None", "netIncomeFromContinuingOperations": "1229000000", "comprehensiveIncomeNetOfTax": "None", "ebit": "3012000000", "ebitda": "5200000000", "netIncome": "1058000000"}, {"fiscalDateEnding": "2023-09-30", "reportedCurrency": "USD", "grossProfit": "5285000000", "totalRevenue": "13584000000", "costOfRevenue": "8299000000", "costofGoodsAndServicesSold": "8299000000", "operatingIncome": "3126000000", "sellingGeneralAndAdministrative": "2000000", "researchAndDevelopment": "None", "operatingExpenses": "2159000000", "investmentIncomeNet": "None", "netInterestIncome": "-1306000000", "interestIncome": "None", "interestExpense": "1306000000", "nonInterestIncome": "None", "otherNonOperatingIncome": "None", "depreciation": "None", "depreciationAndAmortization": "2130000000", "incomeBeforeTax": "1805000000", "incomeTaxExpense": "-369000000", "interestAndDebtExpense": "None", "netIncomeFromContinuingOperations": "1436000000", "comprehensiveIncomeNetOfTax": "None", "ebit": "3157000000", "ebitda": "5287000000", "netIncome": "1255000000"}, {"fiscalDateEnding": "2023-06-30", "reportedCurrency": "USD", "grossProfit": "5354000000", "totalRevenue": "13659000000", "costOfRevenue": "8305000000", "costofGoodsAndServicesSold": "8305000000", "operatingIncome": "-58000000", "sellingGeneralAndAdministrative": "1000000", "researchAndDevelopment": "None", "operatingExpenses": "5412000000", "investmentIncomeNet": "None", "netInterestIncome": "-1298000000", "interestIncome": "None", "interestExpense": "1298000000", "nonInterestIncome": "None", "otherNonOperatingIncome": "-85000000", "depreciation": "None", "depreciationAndAmortization": "2172000000", "incomeBeforeTax": "1857000000", "incomeTaxExpense": "-444000000", "interestAndDebtExpense": "None", "netIncomeFromContinuingOperations": "1413000000", "comprehensiveIncomeNetOfTax": "None", "ebit": "3183000000", "ebitda": "5355000000", "netIncome": "1223000000"}, {"fiscalDateEnding": "2023-03-31", "reportedCurrency": "USD", "grossProfit": "5142000000", "totalRevenue": "13653000000", "costOfRevenue": "8511000000", "costofGoodsAndServicesSold": "8511000000", "operatingIncome": "2926000000", "sellingGeneralAndAdministrative": "2000000", "researchAndDevelopment": "None", "operatingExpenses": "2216000000", "investmentIncomeNet": "None", "netInterestIncome": "-1265000000", "interestIncome": "None", "interestExpense": "1265000000", "nonInterestIncome": "None", "otherNonOperatingIncome": "-104000000", "depreciation": "None", "depreciationAndAmortization": "2206000000", "incomeBeforeTax": "1557000000", "incomeTaxExpense": "374000000", "interestAndDebtExpense": "None", "netIncomeFromContinuingOperations": "1183000000", "comprehensiveIncomeNetOfTax": "None", "ebit": "2822000000", "ebitda": "5028000000", "netIncome": "1021000000"}, {"fiscalDateEnding": "2022-12-31", "reportedCurrency": "USD", "grossProfit": "5372000000", "totalRevenue": "13674000000", "costOfRevenue": "8302000000", "costofGoodsAndServicesSold": "8302000000", "operatingIncome": "3040000000", "sellingGeneralAndAdministrative": "13000000", "researchAndDevelopment": "None", "operatingExpenses": "2332000000", "investmentIncomeNet": "None", "netInterestIncome": "-1227000000", "interestIncome": "None", "interestExpense": "1227000000", "nonInterestIncome": "None", "otherNonOperatingIncome": "-9000000", "depreciation": "None", "depreciationAndAmortization": "2192000000", "incomeBeforeTax": "1804000000", "incomeTaxExpense": "419000000", "interestAndDebtExpense": "None", "netIncomeFromContinuingOperations": "1385000000", "comprehensiveIncomeNetOfTax": "None", "ebit": "3031000000", "ebitda": "5223000000", "netIncome": "1196000000"}, {"fiscalDateEnding": "2022-09-30", "reportedCurrency": "USD", "grossProfit": "6273000000", "totalRevenue": "13550000000", "costOfRevenue": "7277000000", "costofGoodsAndServicesSold": "7277000000", "operatingIncome": "2924000000", "sellingGeneralAndAdministrative": "861000000", "researchAndDevelopment": "None", "operatingExpenses": "3240000000", "investmentIncomeNet": "None", "netInterestIncome": "-1160000000", "interestIncome": "None", "interestExpense": "1160000000", "nonInterestIncome": "None", "otherNonOperatingIncome": "-37000000", "depreciation": "None", "depreciationAndAmortization": "2177000000", "incomeBeforeTax": "1727000000", "incomeTaxExpense": "360000000", "interestAndDebtExpense": "None", "netIncomeFromContinuingOperations": "1367000000", "comprehensiveIncomeNetOfTax": "None", "ebit": "2887000000", "ebitda": "5064000000", "netIncome": "1185000000"}, {"fiscalDateEnding": "2022-06-30", "reportedCurrency": "USD", "grossProfit": "6211000000", "totalRevenue": "13598000000", "costOfRevenue": "7387000000", "costofGoodsAndServicesSold": "7387000000", "operatingIncome": "3227000000", "sellingGeneralAndAdministrative": "806000000", "researchAndDevelopment": "None", "operatingExpenses": "3046000000", "investmentIncomeNet": "None", "netInterestIncome": "-1109000000", "interestIncome": "None", "interestExpense": "1109000000", "nonInterestIncome": "None", "otherNonOperatingIncome": "79000000", "depreciation": "None", "depreciationAndAmortization": "2240000000", "incomeBeforeTax": "2197000000", "incomeTaxExpense": "489000000", "interestAndDebtExpense": "None", "netIncomeFromContinuingOperations": "1708000000", "comprehensiveIncomeNetOfTax": "None", "ebit": "3182000000", "ebitda": "5422000000", "netIncome": "1471000000"}, {"fiscalDateEnding": "2022-03-31", "reportedCurrency": "USD", "grossProfit": "5892000000", "totalRevenue": "13200000000", "costOfRevenue": "7308000000", "costofGoodsAndServicesSold": "7308000000", "operatingIncome": "2771000000", "sellingGeneralAndAdministrative": "826000000", "researchAndDevelopment": "None", "operatingExpenses": "3120000000", "investmentIncomeNet": "None", "netInterestIncome": "-1060000000", "interestIncome": "None", "interestExpense": "1060000000", "nonInterestIncome": "None", "otherNonOperatingIncome": "23000000", "depreciation": "None", "depreciationAndAmortization": "2294000000", "incomeBeforeTax": "1734000000", "incomeTaxExpense": "345000000", "interestAndDebtExpense": "None", "netIncomeFromContinuingOperations": "1389000000", "comprehensiveIncomeNetOfTax": "None", "ebit": "2789000000", "ebitda": "5083000000", "netIncome": "1203000000"}, {"fiscalDateEnding": "2021-12-31", "reportedCurrency": "USD", "grossProfit": "5281000000", "totalRevenue": "13212000000", "costOfRevenue": "7931000000", "costofGoodsAndServicesSold": "7931000000", "operatingIncome": "2868000000", "sellingGeneralAndAdministrative": "98000000", "researchAndDevelopment": "None", "operatingExpenses": "2280000000", "investmentIncomeNet": "None", "netInterestIncome": "-1034000000", "interestIncome": "None", "interestExpense": "1034000000", "nonInterestIncome": "None", "otherNonOperatingIncome": "136000000", "depreciation": "None", "depreciationAndAmortization": "2280000000", "incomeBeforeTax": "2058000000", "incomeTaxExpense": "224000000", "interestAndDebtExpense": "None", "netIncomeFromContinuingOperations": "1834000000", "comprehensiveIncomeNetOfTax": "None", "ebit": "3130000000", "ebitda": "5410000000", "netIncome": "1610000000"}, {"fiscalDateEnding": "2021-09-30", "reportedCurrency": "USD", "grossProfit": "5188000000", "totalRevenue": "13146000000", "costOfRevenue": "7958000000", "costofGoodsAndServicesSold": "7958000000", "operatingIncome": "2927000000", "sellingGeneralAndAdministrative": "788000000", "researchAndDevelopment": "None", "operatingExpenses": "2270000000", "investmentIncomeNet": "None", "netInterestIncome": "-1016000000", "interestIncome": "None", "interestExpense": "1016000000", "nonInterestIncome": "None", "otherNonOperatingIncome": "-157000000", "depreciation": "None", "depreciationAndAmortization": "2270000000", "incomeBeforeTax": "1754000000", "incomeTaxExpense": "347000000", "interestAndDebtExpense": "None", "netIncomeFromContinuingOperations": "1407000000", "comprehensiveIncomeNetOfTax": "None", "ebit": "2903000000", "ebitda": "5173000000", "netIncome": "1217000000"}, {"fiscalDateEnding": "2021-06-30", "reportedCurrency": "USD", "grossProfit": "4920000000", "totalRevenue": "12802000000", "costOfRevenue": "7882000000", "costofGoodsAndServicesSold": "7882000000", "operatingIncome": "2575000000", "sellingGeneralAndAdministrative": "741000000", "researchAndDevelopment": "None", "operatingExpenses": "2354000000", "investmentIncomeNet": "None", "netInterestIncome": "-1004000000", "interestIncome": "None", "interestExpense": "1004000000", "nonInterestIncome": "None", "otherNonOperatingIncome": "-132000000", "depreciation": "None", "depreciationAndAmortization": "2354000000", "incomeBeforeTax": "1439000000", "incomeTaxExpense": "281000000", "interestAndDebtExpense": "None", "netIncomeFromContinuingOperations": "1158000000", "comprehensiveIncomeNetOfTax": "None", "ebit": "2739000000", "ebitda": "5093000000", "netIncome": "1020000000"}, {"fiscalDateEnding": "2021-03-31", "reportedCurrency": "USD", "grossProfit": "4811000000", "totalRevenue": "12522000000", "costOfRevenue": "7711000000", "costofGoodsAndServicesSold": "7711000000", "operatingIncome": "2068000000", "sellingGeneralAndAdministrative": "751000000", "researchAndDevelopment": "None", "operatingExpenses": "2441000000", "investmentIncomeNet": "None", "netInterestIncome": "-983000000", "interestIncome": "None", "interestExpense": "983000000", "nonInterestIncome": "None", "otherNonOperatingIncome": "52000000", "depreciation": "None", "depreciationAndAmortization": "2441000000", "incomeBeforeTax": "1137000000", "incomeTaxExpense": "216000000", "interestAndDebtExpense": "None", "netIncomeFromContinuingOperations": "921000000", "comprehensiveIncomeNetOfTax": "None", "ebit": "2388000000", "ebitda": "4829000000", "netIncome": "807000000"}, {"fiscalDateEnding": "2020-12-31", "reportedCurrency": "USD", "grossProfit": "4906000000", "totalRevenue": "12624000000", "costOfRevenue": "7718000000", "costofGoodsAndServicesSold": "7718000000", "operatingIncome": "2462000000", "sellingGeneralAndAdministrative": "88000000", "researchAndDevelopment": "None", "operatingExpenses": "2409000000", "investmentIncomeNet": "None", "netInterestIncome": "-965000000", "interestIncome": "None", "interestExpense": "965000000", "nonInterestIncome": "None", "otherNonOperatingIncome": "2095000000", "depreciation": "None", "depreciationAndAmortization": "2409000000", "incomeBeforeTax": "1655000000", "incomeTaxExpense": "254000000", "interestAndDebtExpense": "None", "netIncomeFromContinuingOperations": "1401000000", "comprehensiveIncomeNetOfTax": "None", "ebit": "2525000000", "ebitda": "4934000000", "netIncome": "1246000000"}, {"fiscalDateEnding": "2020-09-30", "reportedCurrency": "USD", "grossProfit": "4556000000", "totalRevenue": "12039000000", "costOfRevenue": "7483000000", "costofGoodsAndServicesSold": "7483000000", "operatingIncome": "2172000000", "sellingGeneralAndAdministrative": "83000000", "researchAndDevelopment": "None", "operatingExpenses": "2370000000", "investmentIncomeNet": "None", "netInterestIncome": "-946000000", "interestIncome": "None", "interestExpense": "946000000", "nonInterestIncome": "None", "otherNonOperatingIncome": "-117000000", "depreciation": "None", "depreciationAndAmortization": "2370000000", "incomeBeforeTax": "1109000000", "incomeTaxExpense": "177000000", "interestAndDebtExpense": "None", "netIncomeFromContinuingOperations": "932000000", "comprehensiveIncomeNetOfTax": "None", "ebit": "2071000000", "ebitda": "4441000000", "netIncome": "814000000"}, {"fiscalDateEnding": "2020-06-30", "reportedCurrency": "USD", "grossProfit": "4399000000", "totalRevenue": "11696000000", "costOfRevenue": "7297000000", "costofGoodsAndServicesSold": "7297000000", "operatingIncome": "1969000000", "sellingGeneralAndAdministrative": "None", "researchAndDevelopment": "None", "operatingExpenses": "2428000000", "investmentIncomeNet": "None", "netInterestIncome": "-957000000", "interestIncome": "None", "interestExpense": "957000000", "nonInterestIncome": "None", "otherNonOperatingIncome": "-927000000", "depreciation": "None", "depreciationAndAmortization": "2428000000", "incomeBeforeTax": "1042000000", "incomeTaxExpense": "166000000", "interestAndDebtExpense": "None", "netIncomeFromContinuingOperations": "876000000", "comprehensiveIncomeNetOfTax": "None", "ebit": "1982000000", "ebitda": "4410000000", "netIncome": "766000000"}, {"fiscalDateEnding": "2020-03-31", "reportedCurrency": "USD", "grossProfit": "4306000000", "totalRevenue": "11738000000", "costOfRevenue": "7432000000", "costofGoodsAndServicesSold": "7432000000", "operatingIncome": "1802000000", "sellingGeneralAndAdministrative": "856000000", "researchAndDevelopment": "None", "operatingExpenses": "2497000000", "investmentIncomeNet": "None", "netInterestIncome": "-980000000", "interestIncome": "1298000000", "interestExpense": "980000000", "nonInterestIncome": "None", "otherNonOperatingIncome": "-1306000000", "depreciation": "None", "depreciationAndAmortization": "2497000000", "incomeBeforeTax": "496000000", "incomeTaxExpense": "29000000", "interestAndDebtExpense": "None", "netIncomeFromContinuingOperations": "467000000", "comprehensiveIncomeNetOfTax": "None", "ebit": "1819000000", "ebitda": "4316000000", "netIncome": "396000000"}, {"fiscalDateEnding": "2019-12-31", "reportedCurrency": "USD", "grossProfit": "4452000000", "totalRevenue": "11761000000", "costOfRevenue": "7309000000", "costofGoodsAndServicesSold": "7309000000", "operatingIncome": "1959000000", "sellingGeneralAndAdministrative": "77000000", "researchAndDevelopment": "None", "operatingExpenses": "2461000000", "investmentIncomeNet": "None", "netInterestIncome": "-964000000", "interestIncome": "918000000", "interestExpense": "964000000", "nonInterestIncome": "None", "otherNonOperatingIncome": "-63000000", "depreciation": "None", "depreciationAndAmortization": "2461000000", "incomeBeforeTax": "932000000", "incomeTaxExpense": "110000000", "interestAndDebtExpense": "None", "netIncomeFromContinuingOperations": "822000000", "comprehensiveIncomeNetOfTax": "None", "ebit": "1895000000", "ebitda": "4356000000", "netIncome": "714000000"}, {"fiscalDateEnding": "2019-09-30", "reportedCurrency": "USD", "grossProfit": "4015000000", "totalRevenue": "11450000000", "costOfRevenue": "7435000000", "costofGoodsAndServicesSold": "7435000000", "operatingIncome": "1586000000", "sellingGeneralAndAdministrative": "864000000", "researchAndDevelopment": "None", "operatingExpenses": "2415000000", "investmentIncomeNet": "None", "netInterestIncome": "-963000000", "interestIncome": "997000000", "interestExpense": "963000000", "nonInterestIncome": "None", "otherNonOperatingIncome": "-30000000", "depreciation": "None", "depreciationAndAmortization": "2415000000", "incomeBeforeTax": "593000000", "incomeTaxExpense": "126000000", "interestAndDebtExpense": "None", "netIncomeFromContinuingOperations": "467000000", "comprehensiveIncomeNetOfTax": "None", "ebit": "1609000000", "ebitda": "4024000000", "netIncome": "387000000"}, {"fiscalDateEnding": "2019-06-30", "reportedCurrency": "USD", "grossProfit": "4103000000", "totalRevenue": "11347000000", "costOfRevenue": "7244000000", "costofGoodsAndServicesSold": "7244000000", "operatingIncome": "1541000000", "sellingGeneralAndAdministrative": "850000000", "researchAndDevelopment": "None", "operatingExpenses": "2500000000", "investmentIncomeNet": "None", "netInterestIncome": "-945000000", "interestIncome": "1075000000", "interestExpense": "945000000", "nonInterestIncome": "None", "otherNonOperatingIncome": "-126000000", "depreciation": "None", "depreciationAndAmortization": "2500000000", "incomeBeforeTax": "470000000", "incomeTaxExpense": "84000000", "interestAndDebtExpense": "None", "netIncomeFromContinuingOperations": "386000000", "comprehensiveIncomeNetOfTax": "None", "ebit": "1612000000", "ebitda": "4112000000", "netIncome": "314000000"}, {"fiscalDateEnding": "2019-03-31", "reportedCurrency": "USD", "grossProfit": "3970000000", "totalRevenue": "11206000000", "costOfRevenue": "7236000000", "costofGoodsAndServicesSold": "7236000000", "operatingIncome": "1425000000", "sellingGeneralAndAdministrative": "85000000", "researchAndDevelopment": "None", "operatingExpenses": "2550000000", "investmentIncomeNet": "None", "netInterestIncome": "-925000000", "interestIncome": "998000000", "interestExpense": "925000000", "nonInterestIncome": "None", "otherNonOperatingIncome": "-64000000", "depreciation": "None", "depreciationAndAmortization": "2550000000", "incomeBeforeTax": "436000000", "incomeTaxExpense": "119000000", "interestAndDebtExpense": "None", "netIncomeFromContinuingOperations": "317000000", "comprehensiveIncomeNetOfTax": "None", "ebit": "1429000000", "ebitda": "3979000000", "netIncome": "253000000"}, {"fiscalDateEnding": "2018-12-31", "reportedCurrency": "USD", "grossProfit": "4092000000", "totalRevenue": "11231000000", "costOfRevenue": "7139000000", "costofGoodsAndServicesSold": "7139000000", "operatingIncome": "1439000000", "sellingGeneralAndAdministrative": "72000000", "researchAndDevelopment": "0", "operatingExpenses": "2534000000", "investmentIncomeNet": "None", "netInterestIncome": "None", "interestIncome": "None", "interestExpense": "910000000", "nonInterestIncome": "None", "otherNonOperatingIncome": "-167000000", "depreciation": "None", "depreciationAndAmortization": "2534000000", "incomeBeforeTax": "362000000", "incomeTaxExpense": "2000000", "interestAndDebtExpense": "None", "netIncomeFromContinuingOperations": "360000000", "comprehensiveIncomeNetOfTax": "None", "ebit": "1503000000", "ebitda": "4037000000", "netIncome": "296000000"}, {"fiscalDateEnding": "2018-09-30", "reportedCurrency": "USD", "grossProfit": "3880000000", "totalRevenue": "10892000000", "costOfRevenue": "7012000000", "costofGoodsAndServicesSold": "7012000000", "operatingIncome": "1380000000", "sellingGeneralAndAdministrative": "2008000000", "researchAndDevelopment": "0", "operatingExpenses": "2482000000", "investmentIncomeNet": "None", "netInterestIncome": "None", "interestIncome": "None", "interestExpense": "901000000", "nonInterestIncome": "None", "otherNonOperatingIncome": "214000000", "depreciation": "None", "depreciationAndAmortization": "2482000000", "incomeBeforeTax": "693000000", "incomeTaxExpense": "109000000", "interestAndDebtExpense": "None", "netIncomeFromContinuingOperations": "584000000", "comprehensiveIncomeNetOfTax": "None", "ebit": "1605000000", "ebitda": "4087000000", "netIncome": "493000000"}, {"fiscalDateEnding": "2018-06-30", "reportedCurrency": "USD", "grossProfit": "3981000000", "totalRevenue": "10854000000", "costOfRevenue": "6873000000", "costofGoodsAndServicesSold": "6873000000", "operatingIncome": "1360000000", "sellingGeneralAndAdministrative": "2183000000", "researchAndDevelopment": "0", "operatingExpenses": "2592000000", "investmentIncomeNet": "None", "netInterestIncome": "None", "interestIncome": "None", "interestExpense": "878000000", "nonInterestIncome": "None", "otherNonOperatingIncome": "-102000000", "depreciation": "None", "depreciationAndAmortization": "2592000000", "incomeBeforeTax": "380000000", "incomeTaxExpense": "41000000", "interestAndDebtExpense": "None", "netIncomeFromContinuingOperations": "339000000", "comprehensiveIncomeNetOfTax": "None", "ebit": "1409000000", "ebitda": "4001000000", "netIncome": "273000000"}, {"fiscalDateEnding": "2018-03-31", "reportedCurrency": "USD", "grossProfit": "3821000000", "totalRevenue": "10657000000", "costOfRevenue": "6836000000", "costofGoodsAndServicesSold": "6836000000", "operatingIncome": "1042000000", "sellingGeneralAndAdministrative": "72000000", "researchAndDevelopment": "0", "operatingExpenses": "2710000000", "investmentIncomeNet": "None", "netInterestIncome": "None", "interestIncome": "None", "interestExpense": "851000000", "nonInterestIncome": "None", "otherNonOperatingIncome": "60000000", "depreciation": "None", "depreciationAndAmortization": "2710000000", "incomeBeforeTax": "251000000", "incomeTaxExpense": "28000000", "interestAndDebtExpense": "None", "netIncomeFromContinuingOperations": "223000000", "comprehensiveIncomeNetOfTax": "None", "ebit": "1131000000", "ebitda": "3841000000", "netIncome": "168000000"}, {"fiscalDateEnding": "2017-12-31", "reportedCurrency": "USD", "grossProfit": "3918000000", "totalRevenue": "10602000000", "costOfRevenue": "6684000000", "costofGoodsAndServicesSold": "6684000000", "operatingIncome": "1204000000", "sellingGeneralAndAdministrative": "63000000", "researchAndDevelopment": "0", "operatingExpenses": "2742000000", "investmentIncomeNet": "None", "netInterestIncome": "None", "interestIncome": "None", "interestExpense": "840000000", "nonInterestIncome": "None", "otherNonOperatingIncome": "67000000", "depreciation": "None", "depreciationAndAmortization": "2742000000", "incomeBeforeTax": "431000000", "incomeTaxExpense": "-9186000000", "interestAndDebtExpense": "None", "netIncomeFromContinuingOperations": "9617000000", "comprehensiveIncomeNetOfTax": "None", "ebit": "1168000000", "ebitda": "3910000000", "netIncome": "9553000000"}, {"fiscalDateEnding": "2017-09-30", "reportedCurrency": "USD", "grossProfit": "3755000000", "totalRevenue": "10458000000", "costOfRevenue": "6703000000", "costofGoodsAndServicesSold": "6703000000", "operatingIncome": "909000000", "sellingGeneralAndAdministrative": "0", "researchAndDevelopment": "0", "operatingExpenses": "2701000000", "investmentIncomeNet": "None", "netInterestIncome": "None", "interestIncome": "None", "interestExpense": "788000000", "nonInterestIncome": "None", "otherNonOperatingIncome": "-3000000", "depreciation": "None", "depreciationAndAmortization": "2701000000", "incomeBeforeTax": "118000000", "incomeTaxExpense": "26000000", "interestAndDebtExpense": "None", "netIncomeFromContinuingOperations": "92000000", "comprehensiveIncomeNetOfTax": "None", "ebit": "1037000000", "ebitda": "3738000000", "netIncome": "48000000"}, {"fiscalDateEnding": "2017-06-30", "reportedCurrency": "USD", "grossProfit": "3782000000", "totalRevenue": "10357000000", "costOfRevenue": "6575000000", "costofGoodsAndServicesSold": "6575000000", "operatingIncome": "1052000000", "sellingGeneralAndAdministrative": "65000000", "researchAndDevelopment": "0", "operatingExpenses": "2595000000", "investmentIncomeNet": "None", "netInterestIncome": "None", "interestIncome": "None", "interestExpense": "749000000", "nonInterestIncome": "None", "otherNonOperatingIncome": "-60000000", "depreciation": "None", "depreciationAndAmortization": "2595000000", "incomeBeforeTax": "243000000", "incomeTaxExpense": "48000000", "interestAndDebtExpense": "None", "netIncomeFromContinuingOperations": "195000000", "comprehensiveIncomeNetOfTax": "None", "ebit": "1187000000", "ebitda": "3782000000", "netIncome": "139000000"}, {"fiscalDateEnding": "2017-03-31", "reportedCurrency": "USD", "grossProfit": "3585000000", "totalRevenue": "10164000000", "costOfRevenue": "6579000000", "costofGoodsAndServicesSold": "6579000000", "operatingIncome": "941000000", "sellingGeneralAndAdministrative": "0", "researchAndDevelopment": "0", "operatingExpenses": "2550000000", "investmentIncomeNet": "None", "netInterestIncome": "None", "interestIncome": "None", "interestExpense": "713000000", "nonInterestIncome": "None", "otherNonOperatingIncome": "8000000", "depreciation": "None", "depreciationAndAmortization": "2550000000", "incomeBeforeTax": "236000000", "incomeTaxExpense": "25000000", "interestAndDebtExpense": "None", "netIncomeFromContinuingOperations": "211000000", "comprehensiveIncomeNetOfTax": "None", "ebit": "1035000000", "ebitda": "3585000000", "netIncome": "155000000"}, {"fiscalDateEnding": "2016-12-31", "reportedCurrency": "USD", "grossProfit": "3777000000", "totalRevenue": "10275000000", "costOfRevenue": "6498000000", "costofGoodsAndServicesSold": "6498000000", "operatingIncome": "1439000000", "sellingGeneralAndAdministrative": "366000000", "researchAndDevelopment": "0", "operatingExpenses": "2129000000", "investmentIncomeNet": "None", "netInterestIncome": "None", "interestIncome": "None", "interestExpense": "728000000", "nonInterestIncome": "None", "otherNonOperatingIncome": "-2431000000", "depreciation": "None", "depreciationAndAmortization": "2495000000", "incomeBeforeTax": "779000000", "incomeTaxExpense": "210000000", "interestAndDebtExpense": "None", "netIncomeFromContinuingOperations": "569000000", "comprehensiveIncomeNetOfTax": "None", "ebit": "1726000000", "ebitda": "4221000000", "netIncome": "454000000"}, {"fiscalDateEnding": "2016-09-30", "reportedCurrency": "USD", "grossProfit": "3555000000", "totalRevenue": "10037000000", "costOfRevenue": "6482000000", "costofGoodsAndServicesSold": "6482000000", "operatingIncome": "924000000", "sellingGeneralAndAdministrative": "13000000", "researchAndDevelopment": "0", "operatingExpenses": "2424000000", "investmentIncomeNet": "None", "netInterestIncome": "None", "interestIncome": "None", "interestExpense": "724000000", "nonInterestIncome": "None", "otherNonOperatingIncome": "66000000", "depreciation": "None", "depreciationAndAmortization": "2437000000", "incomeBeforeTax": "266000000", "incomeTaxExpense": "16000000", "interestAndDebtExpense": "None", "netIncomeFromContinuingOperations": "250000000", "comprehensiveIncomeNetOfTax": "None", "ebit": "1163000000", "ebitda": "3600000000", "netIncome": "189000000"}, {"fiscalDateEnding": "2016-06-30", "reportedCurrency": "USD", "grossProfit": "2157000000", "totalRevenue": "6161000000", "costOfRevenue": "4004000000", "costofGoodsAndServicesSold": "4004000000", "operatingIncome": "690000000", "sellingGeneralAndAdministrative": "520000000", "researchAndDevelopment": "0", "operatingExpenses": "916000000", "investmentIncomeNet": "None", "netInterestIncome": "None", "interestIncome": "None", "interestExpense": "593000000", "nonInterestIncome": "None", "otherNonOperatingIncome": "-162000000", "depreciation": "None", "depreciationAndAmortization": "1436000000", "incomeBeforeTax": "-65000000", "incomeTaxExpense": "-3179000000", "interestAndDebtExpense": "None", "netIncomeFromContinuingOperations": "3114000000", "comprehensiveIncomeNetOfTax": "None", "ebit": "1266000000", "ebitda": "2702000000", "netIncome": "3067000000"}, {"fiscalDateEnding": "2016-03-31", "reportedCurrency": "USD", "grossProfit": "859000000", "totalRevenue": "2530000000", "costOfRevenue": "1671000000", "costofGoodsAndServicesSold": "1671000000", "operatingIncome": "302000000", "sellingGeneralAndAdministrative": "0", "researchAndDevelopment": "0", "operatingExpenses": "539000000", "investmentIncomeNet": "None", "netInterestIncome": "None", "interestIncome": "None", "interestExpense": "454000000", "nonInterestIncome": "None", "otherNonOperatingIncome": "-8000000", "depreciation": "None", "depreciationAndAmortization": "539000000", "incomeBeforeTax": "-160000000", "incomeTaxExpense": "28000000", "interestAndDebtExpense": "None", "netIncomeFromContinuingOperations": "-188000000", "comprehensiveIncomeNetOfTax": "None", "ebit": "341000000", "ebitda": "880000000", "netIncome": "-188000000"}, {"fiscalDateEnding": "2015-12-31", "reportedCurrency": "USD", "grossProfit": "888000000", "totalRevenue": "2512000000", "costOfRevenue": "1624000000", "costofGoodsAndServicesSold": "1624000000", "operatingIncome": "323000000", "sellingGeneralAndAdministrative": "20000000", "researchAndDevelopment": "0", "operatingExpenses": "545000000", "investmentIncomeNet": "None", "netInterestIncome": "None", "interestIncome": "None", "interestExpense": "435000000", "nonInterestIncome": "None", "otherNonOperatingIncome": "2000000", "depreciation": "None", "depreciationAndAmortization": "545000000", "incomeBeforeTax": "-110000000", "incomeTaxExpense": "12000000", "interestAndDebtExpense": "None", "netIncomeFromContinuingOperations": "-122000000", "comprehensiveIncomeNetOfTax": "None", "ebit": "365000000", "ebitda": "910000000", "netIncome": "-122000000"}, {"fiscalDateEnding": "2015-09-30", "reportedCurrency": "USD", "grossProfit": "830000000", "totalRevenue": "2450000000", "costOfRevenue": "1620000000", "costofGoodsAndServicesSold": "1620000000", "operatingIncome": "273000000", "sellingGeneralAndAdministrative": "0", "researchAndDevelopment": "0", "operatingExpenses": "538000000", "investmentIncomeNet": "None", "netInterestIncome": "None", "interestIncome": "None", "interestExpense": "353000000", "nonInterestIncome": "None", "otherNonOperatingIncome": "-8000000", "depreciation": "None", "depreciationAndAmortization": "538000000", "incomeBeforeTax": "-88000000", "incomeTaxExpense": "-142000000", "interestAndDebtExpense": "None", "netIncomeFromContinuingOperations": "54000000", "comprehensiveIncomeNetOfTax": "None", "ebit": "304000000", "ebitda": "842000000", "netIncome": "54000000"}, {"fiscalDateEnding": "2015-06-30", "reportedCurrency": "USD", "grossProfit": "829000000", "totalRevenue": "2430000000", "costOfRevenue": "1601000000", "costofGoodsAndServicesSold": "1601000000", "operatingIncome": "269000000", "sellingGeneralAndAdministrative": "0", "researchAndDevelopment": "0", "operatingExpenses": "528000000", "investmentIncomeNet": "None", "netInterestIncome": "None", "interestIncome": "None", "interestExpense": "229000000", "nonInterestIncome": "None", "otherNonOperatingIncome": "-127000000", "depreciation": "None", "depreciationAndAmortization": "528000000", "incomeBeforeTax": "-87000000", "incomeTaxExpense": "35000000", "interestAndDebtExpense": "None", "netIncomeFromContinuingOperations": "-122000000", "comprehensiveIncomeNetOfTax": "None", "ebit": "318000000", "ebitda": "846000000", "netIncome": "-122000000"}, {"fiscalDateEnding": "2015-03-31", "reportedCurrency": "USD", "grossProfit": "781000000", "totalRevenue": "2362000000", "costOfRevenue": "1581000000", "costofGoodsAndServicesSold": "1581000000", "operatingIncome": "249000000", "sellingGeneralAndAdministrative": "0", "researchAndDevelopment": "0", "operatingExpenses": "514000000", "investmentIncomeNet": "None", "netInterestIncome": "None", "interestIncome": "None", "interestExpense": "289000000", "nonInterestIncome": "None", "otherNonOperatingIncome": "-6000000", "depreciation": "None", "depreciationAndAmortization": "514000000", "incomeBeforeTax": "-46000000", "incomeTaxExpense": "35000000", "interestAndDebtExpense": "None", "netIncomeFromContinuingOperations": "-81000000", "comprehensiveIncomeNetOfTax": "None", "ebit": "288000000", "ebitda": "802000000", "netIncome": "-81000000"}, {"fiscalDateEnding": "2014-12-31", "reportedCurrency": "USD", "grossProfit": "831000000", "totalRevenue": "2360000000", "costOfRevenue": "1529000000", "costofGoodsAndServicesSold": "1529000000", "operatingIncome": "277000000", "sellingGeneralAndAdministrative": "14000000", "researchAndDevelopment": "0", "operatingExpenses": "534000000", "investmentIncomeNet": "None", "netInterestIncome": "None", "interestIncome": "None", "interestExpense": "273000000", "nonInterestIncome": "None", "otherNonOperatingIncome": "13000000", "depreciation": "None", "depreciationAndAmortization": "534000000", "incomeBeforeTax": "253000000", "incomeTaxExpense": "48000000", "interestAndDebtExpense": "None", "netIncomeFromContinuingOperations": "-48000000", "comprehensiveIncomeNetOfTax": "None", "ebit": "308000000", "ebitda": "842000000", "netIncome": "-48000000"}, {"fiscalDateEnding": "2014-09-30", "reportedCurrency": "USD", "grossProfit": "769000000", "totalRevenue": "2287000000", "costOfRevenue": "1518000000", "costofGoodsAndServicesSold": "1518000000", "operatingIncome": "218000000", "sellingGeneralAndAdministrative": "14000000", "researchAndDevelopment": "0", "operatingExpenses": "535000000", "investmentIncomeNet": "None", "netInterestIncome": "None", "interestIncome": "None", "interestExpense": "217000000", "nonInterestIncome": "None", "otherNonOperatingIncome": "5000000", "depreciation": "None", "depreciationAndAmortization": "535000000", "incomeBeforeTax": "6000000", "incomeTaxExpense": "59000000", "interestAndDebtExpense": "None", "netIncomeFromContinuingOperations": "-53000000", "comprehensiveIncomeNetOfTax": "None", "ebit": "237000000", "ebitda": "772000000", "netIncome": "-53000000"}, {"fiscalDateEnding": "2014-06-30", "reportedCurrency": "USD", "grossProfit": "780000000", "totalRevenue": "2259000000", "costOfRevenue": "1479000000", "costofGoodsAndServicesSold": "1479000000", "operatingIncome": "250000000", "sellingGeneralAndAdministrative": "0", "researchAndDevelopment": "0", "operatingExpenses": "528000000", "investmentIncomeNet": "None", "netInterestIncome": "None", "interestIncome": "None", "interestExpense": "210000000", "nonInterestIncome": "None", "otherNonOperatingIncome": "-20000000", "depreciation": "None", "depreciationAndAmortization": "528000000", "incomeBeforeTax": "20000000", "incomeTaxExpense": "65000000", "interestAndDebtExpense": "None", "netIncomeFromContinuingOperations": "-45000000", "comprehensiveIncomeNetOfTax": "None", "ebit": "252000000", "ebitda": "780000000", "netIncome": "-45000000"}, {"fiscalDateEnding": "2014-03-31", "reportedCurrency": "USD", "grossProfit": "755000000", "totalRevenue": "2202000000", "costOfRevenue": "1447000000", "costofGoodsAndServicesSold": "1447000000", "operatingIncome": "243000000", "sellingGeneralAndAdministrative": "12000000", "researchAndDevelopment": "0", "operatingExpenses": "505000000", "investmentIncomeNet": "None", "netInterestIncome": "None", "interestIncome": "None", "interestExpense": "211000000", "nonInterestIncome": "None", "otherNonOperatingIncome": "-5000000", "depreciation": "None", "depreciationAndAmortization": "505000000", "incomeBeforeTax": "27000000", "incomeTaxExpense": "64000000", "interestAndDebtExpense": "None", "netIncomeFromContinuingOperations": "-37000000", "comprehensiveIncomeNetOfTax": "None", "ebit": "250000000", "ebitda": "755000000", "netIncome": "-37000000"}, {"fiscalDateEnding": "2013-12-31", "reportedCurrency": "USD", "grossProfit": "753000000", "totalRevenue": "2148000000", "costOfRevenue": "1395000000", "costofGoodsAndServicesSold": "1395000000", "operatingIncome": "246000000", "sellingGeneralAndAdministrative": "11000000", "researchAndDevelopment": "0", "operatingExpenses": "500000000", "investmentIncomeNet": "None", "netInterestIncome": "None", "interestIncome": "None", "interestExpense": "211000000", "nonInterestIncome": "None", "otherNonOperatingIncome": "None", "depreciation": "None", "depreciationAndAmortization": "500000000", "incomeBeforeTax": "35000000", "incomeTaxExpense": "-4000000", "interestAndDebtExpense": "None", "netIncomeFromContinuingOperations": "39000000", "comprehensiveIncomeNetOfTax": "None", "ebit": "246000000", "ebitda": "746000000", "netIncome": "39000000"}, {"fiscalDateEnding": "2013-09-30", "reportedCurrency": "USD", "grossProfit": "721000000", "totalRevenue": "2118000000", "costOfRevenue": "1397000000", "costofGoodsAndServicesSold": "1397000000", "operatingIncome": "220000000", "sellingGeneralAndAdministrative": "0", "researchAndDevelopment": "0", "operatingExpenses": "493000000", "investmentIncomeNet": "None", "netInterestIncome": "None", "interestIncome": "None", "interestExpense": "214000000", "nonInterestIncome": "None", "otherNonOperatingIncome": "-19000000", "depreciation": "None", "depreciationAndAmortization": "493000000", "incomeBeforeTax": "-13000000", "incomeTaxExpense": "57000000", "interestAndDebtExpense": "None", "netIncomeFromContinuingOperations": "-70000000", "comprehensiveIncomeNetOfTax": "None", "ebit": "228000000", "ebitda": "721000000", "netIncome": "-70000000"}, {"fiscalDateEnding": "2013-06-30", "reportedCurrency": "USD", "grossProfit": "677000000", "totalRevenue": "1972000000", "costOfRevenue": "1295000000", "costofGoodsAndServicesSold": "1295000000", "operatingIncome": "236000000", "sellingGeneralAndAdministrative": "0", "researchAndDevelopment": "0", "operatingExpenses": "436000000", "investmentIncomeNet": "None", "netInterestIncome": "None", "interestIncome": "None", "interestExpense": "211000000", "nonInterestIncome": "None", "otherNonOperatingIncome": "-63000000", "depreciation": "None", "depreciationAndAmortization": "436000000", "incomeBeforeTax": "-38000000", "incomeTaxExpense": "58000000", "interestAndDebtExpense": "None", "netIncomeFromContinuingOperations": "-96000000", "comprehensiveIncomeNetOfTax": "None", "ebit": "173000000", "ebitda": "609000000", "netIncome": "-96000000"}, {"fiscalDateEnding": "2013-03-31", "reportedCurrency": "USD", "grossProfit": "659000000", "totalRevenue": "1917000000", "costOfRevenue": "1258000000", "costofGoodsAndServicesSold": "1258000000", "operatingIncome": "223000000", "sellingGeneralAndAdministrative": "0", "researchAndDevelopment": "0", "operatingExpenses": "425000000", "investmentIncomeNet": "None", "netInterestIncome": "None", "interestIncome": "None", "interestExpense": "210000000", "nonInterestIncome": "None", "otherNonOperatingIncome": "-46000000", "depreciation": "None", "depreciationAndAmortization": "425000000", "incomeBeforeTax": "-33000000", "incomeTaxExpense": "9000000", "interestAndDebtExpense": "None", "netIncomeFromContinuingOperations": "-42000000", "comprehensiveIncomeNetOfTax": "None", "ebit": "177000000", "ebitda": "602000000", "netIncome": "-42000000"}, {"fiscalDateEnding": "2012-12-31", "reportedCurrency": "USD", "grossProfit": "-444000000", "totalRevenue": "1913000000", "costOfRevenue": "2357000000", "costofGoodsAndServicesSold": "2357000000", "operatingIncome": "221000000", "sellingGeneralAndAdministrative": "384000000", "researchAndDevelopment": "0", "operatingExpenses": "-665000000", "investmentIncomeNet": "None", "netInterestIncome": "None", "interestIncome": "None", "interestExpense": "1369000000", "nonInterestIncome": "None", "otherNonOperatingIncome": "19000000", "depreciation": "None", "depreciationAndAmortization": "466000000", "incomeBeforeTax": "9000000", "incomeTaxExpense": "49000000", "interestAndDebtExpense": "None", "netIncomeFromContinuingOperations": "-40000000", "comprehensiveIncomeNetOfTax": "None", "ebit": "150000000", "ebitda": "616000000", "netIncome": "-40000000"}, {"fiscalDateEnding": "2012-09-30", "reportedCurrency": "USD", "grossProfit": "1022000000", "totalRevenue": "1880000000", "costOfRevenue": "858000000", "costofGoodsAndServicesSold": "858000000", "operatingIncome": "211000000", "sellingGeneralAndAdministrative": "384000000", "researchAndDevelopment": "0", "operatingExpenses": "811000000", "investmentIncomeNet": "None", "netInterestIncome": "None", "interestIncome": "None", "interestExpense": "229000000", "nonInterestIncome": "None", "otherNonOperatingIncome": "None", "depreciation": "None", "depreciationAndAmortization": "424000000", "incomeBeforeTax": "-18000000", "incomeTaxExpense": "69000000", "interestAndDebtExpense": "None", "netIncomeFromContinuingOperations": "-87000000", "comprehensiveIncomeNetOfTax": "None", "ebit": "211000000", "ebitda": "635000000", "netIncome": "-87000000"}, {"fiscalDateEnding": "2012-06-30", "reportedCurrency": "USD", "grossProfit": "1053000000", "totalRevenue": "1884000000", "costOfRevenue": "831000000", "costofGoodsAndServicesSold": "831000000", "operatingIncome": "269000000", "sellingGeneralAndAdministrative": "373000000", "researchAndDevelopment": "0", "operatingExpenses": "784000000", "investmentIncomeNet": "None", "netInterestIncome": "None", "interestIncome": "None", "interestExpense": "225000000", "nonInterestIncome": "None", "otherNonOperatingIncome": "-59000000", "depreciation": "None", "depreciationAndAmortization": "415000000", "incomeBeforeTax": "-15000000", "incomeTaxExpense": "68000000", "interestAndDebtExpense": "None", "netIncomeFromContinuingOperations": "-83000000", "comprehensiveIncomeNetOfTax": "None", "ebit": "210000000", "ebitda": "625000000", "netIncome": "-83000000"}, {"fiscalDateEnding": "2012-03-31", "reportedCurrency": "USD", "grossProfit": "1013000000", "totalRevenue": "1827000000", "costOfRevenue": "814000000", "costofGoodsAndServicesSold": "814000000", "operatingIncome": "230000000", "sellingGeneralAndAdministrative": "372000000", "researchAndDevelopment": "0", "operatingExpenses": "783000000", "investmentIncomeNet": "None", "netInterestIncome": "None", "interestIncome": "None", "interestExpense": "237000000", "nonInterestIncome": "None", "otherNonOperatingIncome": "-16000000", "depreciation": "None", "depreciationAndAmortization": "408000000", "incomeBeforeTax": "-23000000", "incomeTaxExpense": "71000000", "interestAndDebtExpense": "None", "netIncomeFromContinuingOperations": "-94000000", "comprehensiveIncomeNetOfTax": "None", "ebit": "214000000", "ebitda": "622000000", "netIncome": "-94000000"}, {"fiscalDateEnding": "2011-12-31", "reportedCurrency": "USD", "grossProfit": "1040000000", "totalRevenue": "1834000000", "costOfRevenue": "794000000", "costofGoodsAndServicesSold": "794000000", "operatingIncome": "258000000", "sellingGeneralAndAdministrative": "364000000", "researchAndDevelopment": "0", "operatingExpenses": "782000000", "investmentIncomeNet": "None", "netInterestIncome": "None", "interestIncome": "None", "interestExpense": "245000000", "nonInterestIncome": "None", "otherNonOperatingIncome": "-20000000", "depreciation": "None", "depreciationAndAmortization": "411000000", "incomeBeforeTax": "245000000", "incomeTaxExpense": "67000000", "interestAndDebtExpense": "None", "netIncomeFromContinuingOperations": "-67000000", "comprehensiveIncomeNetOfTax": "None", "ebit": "245000000", "ebitda": "656000000", "netIncome": "-67000000"}, {"fiscalDateEnding": "2011-09-30", "reportedCurrency": "USD", "grossProfit": "1017000000", "totalRevenue": "1809000000", "costOfRevenue": "792000000", "costofGoodsAndServicesSold": "792000000", "operatingIncome": "238000000", "sellingGeneralAndAdministrative": "374000000", "researchAndDevelopment": "0", "operatingExpenses": "779000000", "investmentIncomeNet": "None", "netInterestIncome": "None", "interestIncome": "None", "interestExpense": "244000000", "nonInterestIncome": "None", "otherNonOperatingIncome": "-6000000", "depreciation": "None", "depreciationAndAmortization": "405000000", "incomeBeforeTax": "-13000000", "incomeTaxExpense": "72000000", "interestAndDebtExpense": "None", "netIncomeFromContinuingOperations": "-85000000", "comprehensiveIncomeNetOfTax": "None", "ebit": "237000000", "ebitda": "642000000", "netIncome": "-85000000"}, {"fiscalDateEnding": "2011-06-30", "reportedCurrency": "USD", "grossProfit": "1007000000", "totalRevenue": "1791000000", "costOfRevenue": "784000000", "costofGoodsAndServicesSold": "784000000", "operatingIncome": "271000000", "sellingGeneralAndAdministrative": "343000000", "researchAndDevelopment": "0", "operatingExpenses": "736000000", "investmentIncomeNet": "None", "netInterestIncome": "None", "interestIncome": "None", "interestExpense": "241000000", "nonInterestIncome": "None", "otherNonOperatingIncome": "-55000000", "depreciation": "None", "depreciationAndAmortization": "393000000", "incomeBeforeTax": "-26000000", "incomeTaxExpense": "81000000", "interestAndDebtExpense": "None", "netIncomeFromContinuingOperations": "-107000000", "comprehensiveIncomeNetOfTax": "None", "ebit": "215000000", "ebitda": "608000000", "netIncome": "-107000000"}, {"fiscalDateEnding": "2011-03-31", "reportedCurrency": "USD", "grossProfit": "1002000000", "totalRevenue": "1770000000", "costOfRevenue": "768000000", "costofGoodsAndServicesSold": "768000000", "operatingIncome": "269000000", "sellingGeneralAndAdministrative": "345000000", "researchAndDevelopment": "0", "operatingExpenses": "733000000", "investmentIncomeNet": "None", "netInterestIncome": "None", "interestIncome": "None", "interestExpense": "233000000", "nonInterestIncome": "None", "otherNonOperatingIncome": "-67000000", "depreciation": "None", "depreciationAndAmortization": "383000000", "incomeBeforeTax": "-31000000", "incomeTaxExpense": "79000000", "interestAndDebtExpense": "None", "netIncomeFromContinuingOperations": "-110000000", "comprehensiveIncomeNetOfTax": "None", "ebit": "202000000", "ebitda": "585000000", "netIncome": "-110000000"}, {"fiscalDateEnding": "2010-12-31", "reportedCurrency": "USD", "grossProfit": "1037000000", "totalRevenue": "1784000000", "costOfRevenue": "747000000", "costofGoodsAndServicesSold": "747000000", "operatingIncome": "304000000", "sellingGeneralAndAdministrative": "362000000", "researchAndDevelopment": "0", "operatingExpenses": "733000000", "investmentIncomeNet": "None", "netInterestIncome": "None", "interestIncome": "None", "interestExpense": "877000000", "nonInterestIncome": "None", "otherNonOperatingIncome": "None", "depreciation": "None", "depreciationAndAmortization": "390000000", "incomeBeforeTax": "-1000000", "incomeTaxExpense": "84000000", "interestAndDebtExpense": "None", "netIncomeFromContinuingOperations": "0", "comprehensiveIncomeNetOfTax": "None", "ebit": "190000000", "ebitda": "580000000", "netIncome": "-85000000"}, {"fiscalDateEnding": "2010-09-30", "reportedCurrency": "USD", "grossProfit": "981000000", "totalRevenue": "1769000000", "costOfRevenue": "788000000", "costofGoodsAndServicesSold": "788000000", "operatingIncome": "240000000", "sellingGeneralAndAdministrative": "356000000", "researchAndDevelopment": "0", "operatingExpenses": "741000000", "investmentIncomeNet": "None", "netInterestIncome": "None", "interestIncome": "None", "interestExpense": "222000000", "nonInterestIncome": "None", "otherNonOperatingIncome": "None", "depreciation": "None", "depreciationAndAmortization": "385000000", "incomeBeforeTax": "14000000", "incomeTaxExpense": "109000000", "interestAndDebtExpense": "None", "netIncomeFromContinuingOperations": "0", "comprehensiveIncomeNetOfTax": "None", "ebit": "236000000", "ebitda": "621000000", "netIncome": "-95000000"}, {"fiscalDateEnding": "2010-06-30", "reportedCurrency": "USD", "grossProfit": "1005000000", "totalRevenue": "1771000000", "costOfRevenue": "766000000", "costofGoodsAndServicesSold": "766000000", "operatingIncome": "254000000", "sellingGeneralAndAdministrative": "364000000", "researchAndDevelopment": "0", "operatingExpenses": "751000000", "investmentIncomeNet": "None", "netInterestIncome": "None", "interestIncome": "None", "interestExpense": "219000000", "nonInterestIncome": "None", "otherNonOperatingIncome": "None", "depreciation": "None", "depreciationAndAmortization": "380000000", "incomeBeforeTax": "2000000", "incomeTaxExpense": "83000000", "interestAndDebtExpense": "None", "netIncomeFromContinuingOperations": "0", "comprehensiveIncomeNetOfTax": "None", "ebit": "259000000", "ebitda": "639000000", "netIncome": "-81000000"}, {"fiscalDateEnding": "2010-03-31", "reportedCurrency": "USD", "grossProfit": "984000000", "totalRevenue": "1735000000", "costOfRevenue": "751000000", "costofGoodsAndServicesSold": "751000000", "operatingIncome": "251000000", "sellingGeneralAndAdministrative": "352000000", "researchAndDevelopment": "0", "operatingExpenses": "733000000", "investmentIncomeNet": "None", "netInterestIncome": "None", "interestIncome": "None", "interestExpense": "204000000", "nonInterestIncome": "None", "otherNonOperatingIncome": "None", "depreciation": "None", "depreciationAndAmortization": "369000000", "incomeBeforeTax": "43000000", "incomeTaxExpense": "19000000", "interestAndDebtExpense": "None", "netIncomeFromContinuingOperations": "0", "comprehensiveIncomeNetOfTax": "None", "ebit": "251000000", "ebitda": "620000000", "netIncome": "24000000"}, {"fiscalDateEnding": "2009-12-31", "reportedCurrency": "USD", "grossProfit": "975000000", "totalRevenue": "1710000000", "costOfRevenue": "735000000", "costofGoodsAndServicesSold": "735000000", "operatingIncome": "13330000000", "sellingGeneralAndAdministrative": "346000000", "researchAndDevelopment": "0", "operatingExpenses": "-12355000000", "investmentIncomeNet": "None", "netInterestIncome": "None", "interestIncome": "None", "interestExpense": "817000000", "nonInterestIncome": "None", "otherNonOperatingIncome": "None", "depreciation": "None", "depreciationAndAmortization": "339000000", "incomeBeforeTax": "13125000000", "incomeTaxExpense": "101000000", "interestAndDebtExpense": "None", "netIncomeFromContinuingOperations": "0", "comprehensiveIncomeNetOfTax": "None", "ebit": "13636000000", "ebitda": "13975000000", "netIncome": "12718000000"}, {"fiscalDateEnding": "2009-09-30", "reportedCurrency": "USD", "grossProfit": "957000000", "totalRevenue": "1693000000", "costOfRevenue": "736000000", "costofGoodsAndServicesSold": "736000000", "operatingIncome": "263000000", "sellingGeneralAndAdministrative": "357000000", "researchAndDevelopment": "0", "operatingExpenses": "694000000", "investmentIncomeNet": "None", "netInterestIncome": "None", "interestIncome": "None", "interestExpense": "206000000", "nonInterestIncome": "None", "otherNonOperatingIncome": "None", "depreciation": "None", "depreciationAndAmortization": "327000000", "incomeBeforeTax": "-2995000000", "incomeTaxExpense": "-565000000", "interestAndDebtExpense": "None", "netIncomeFromContinuingOperations": "0", "comprehensiveIncomeNetOfTax": "None", "ebit": "263000000", "ebitda": "590000000", "netIncome": "-1035000000"}, {"fiscalDateEnding": "2009-06-30", "reportedCurrency": "USD", "grossProfit": "975000000", "totalRevenue": "1690000000", "costOfRevenue": "715000000", "costofGoodsAndServicesSold": "715000000", "operatingIncome": "301000000", "sellingGeneralAndAdministrative": "343000000", "researchAndDevelopment": "0", "operatingExpenses": "674000000", "investmentIncomeNet": "None", "netInterestIncome": "None", "interestIncome": "None", "interestExpense": "216000000", "nonInterestIncome": "None", "otherNonOperatingIncome": "None", "depreciation": "None", "depreciationAndAmortization": "329000000", "incomeBeforeTax": "-99000000", "incomeTaxExpense": "60000000", "interestAndDebtExpense": "None", "netIncomeFromContinuingOperations": "0", "comprehensiveIncomeNetOfTax": "None", "ebit": "301000000", "ebitda": "630000000", "netIncome": "-112000000"}, {"fiscalDateEnding": "2009-03-31", "reportedCurrency": "USD", "grossProfit": "949000000", "totalRevenue": "1662000000", "costOfRevenue": "713000000", "costofGoodsAndServicesSold": "713000000", "operatingIncome": "334000000", "sellingGeneralAndAdministrative": "344000000", "researchAndDevelopment": "0", "operatingExpenses": "615000000", "investmentIncomeNet": "None", "netInterestIncome": "None", "interestIncome": "None", "interestExpense": "463000000", "nonInterestIncome": "None", "otherNonOperatingIncome": "None", "depreciation": "None", "depreciationAndAmortization": "321000000", "incomeBeforeTax": "-273000000", "incomeTaxExpense": "61000000", "interestAndDebtExpense": "None", "netIncomeFromContinuingOperations": "0", "comprehensiveIncomeNetOfTax": "None", "ebit": "334000000", "ebitda": "655000000", "netIncome": "-205000000"}, {"fiscalDateEnding": "2008-12-31", "reportedCurrency": "USD", "grossProfit": "953000000", "totalRevenue": "1656000000", "costOfRevenue": "703000000", "costofGoodsAndServicesSold": "703000000", "operatingIncome": "320000000", "sellingGeneralAndAdministrative": "342000000", "researchAndDevelopment": "0", "operatingExpenses": "633000000", "investmentIncomeNet": "None", "netInterestIncome": "None", "interestIncome": "None", "interestExpense": "1903000000", "nonInterestIncome": "None", "otherNonOperatingIncome": "None", "depreciation": "None", "depreciationAndAmortization": "329000000", "incomeBeforeTax": "-1772000000", "incomeTaxExpense": "-277000000", "interestAndDebtExpense": "None", "netIncomeFromContinuingOperations": "0", "comprehensiveIncomeNetOfTax": "None", "ebit": "-1294000000", "ebitda": "-965000000", "netIncome": "-1495000000"}, {"fiscalDateEnding": "2008-09-30", "reportedCurrency": "USD", "grossProfit": "926000000", "totalRevenue": "1636000000", "costOfRevenue": "710000000", "costofGoodsAndServicesSold": "710000000", "operatingIncome": "208000000", "sellingGeneralAndAdministrative": "371000000", "researchAndDevelopment": "0", "operatingExpenses": "718000000", "investmentIncomeNet": "None", "netInterestIncome": "None", "interestIncome": "None", "interestExpense": "478000000", "nonInterestIncome": "None", "otherNonOperatingIncome": "None", "depreciation": "None", "depreciationAndAmortization": "332000000", "incomeBeforeTax": "-265000000", "incomeTaxExpense": "57000000", "interestAndDebtExpense": "None", "netIncomeFromContinuingOperations": "0", "comprehensiveIncomeNetOfTax": "None", "ebit": "208000000", "ebitda": "540000000", "netIncome": "-322000000"}, {"fiscalDateEnding": "2008-06-30", "reportedCurrency": "USD", "grossProfit": "925000000", "totalRevenue": "1623000000", "costOfRevenue": "698000000", "costofGoodsAndServicesSold": "698000000", "operatingIncome": "230000000", "sellingGeneralAndAdministrative": "342000000", "researchAndDevelopment": "0", "operatingExpenses": "695000000", "investmentIncomeNet": "None", "netInterestIncome": "None", "interestIncome": "None", "interestExpense": "474000000", "nonInterestIncome": "None", "otherNonOperatingIncome": "None", "depreciation": "None", "depreciationAndAmortization": "328000000", "incomeBeforeTax": "-217000000", "incomeTaxExpense": "59000000", "interestAndDebtExpense": "None", "netIncomeFromContinuingOperations": "0", "comprehensiveIncomeNetOfTax": "None", "ebit": "230000000", "ebitda": "558000000", "netIncome": "-276000000"}, {"fiscalDateEnding": "2008-03-31", "reportedCurrency": "USD", "grossProfit": "883000000", "totalRevenue": "1564000000", "costOfRevenue": "681000000", "costofGoodsAndServicesSold": "681000000", "operatingIncome": "205000000", "sellingGeneralAndAdministrative": "357000000", "researchAndDevelopment": "0", "operatingExpenses": "678000000", "investmentIncomeNet": "None", "netInterestIncome": "None", "interestIncome": "None", "interestExpense": "465000000", "nonInterestIncome": "None", "otherNonOperatingIncome": "None", "depreciation": "None", "depreciationAndAmortization": "321000000", "incomeBeforeTax": "-300000000", "incomeTaxExpense": "58000000", "interestAndDebtExpense": "None", "netIncomeFromContinuingOperations": "0", "comprehensiveIncomeNetOfTax": "None", "ebit": "205000000", "ebitda": "526000000", "netIncome": "-358000000"}, {"fiscalDateEnding": "2007-12-31", "reportedCurrency": "USD", "grossProfit": "890000000", "totalRevenue": "1553000000", "costOfRevenue": "663000000", "costofGoodsAndServicesSold": "663000000", "operatingIncome": "85000000", "sellingGeneralAndAdministrative": "328000000", "researchAndDevelopment": "0", "operatingExpenses": "805000000", "investmentIncomeNet": "None", "netInterestIncome": "None", "interestIncome": "None", "interestExpense": "1877000000", "nonInterestIncome": "None", "otherNonOperatingIncome": "None", "depreciation": "None", "depreciationAndAmortization": "329000000", "incomeBeforeTax": "-428000000", "incomeTaxExpense": "40000000", "interestAndDebtExpense": "None", "netIncomeFromContinuingOperations": "0", "comprehensiveIncomeNetOfTax": "None", "ebit": "85000000", "ebitda": "414000000", "netIncome": "-468000000"}, {"fiscalDateEnding": "2007-09-30", "reportedCurrency": "USD", "grossProfit": "846000000", "totalRevenue": "1525000000", "costOfRevenue": "679000000", "costofGoodsAndServicesSold": "679000000", "operatingIncome": "107000000", "sellingGeneralAndAdministrative": "341000000", "researchAndDevelopment": "0", "operatingExpenses": "739000000", "investmentIncomeNet": "None", "netInterestIncome": "None", "interestIncome": "None", "interestExpense": "452000000", "nonInterestIncome": "None", "otherNonOperatingIncome": "None", "depreciation": "None", "depreciationAndAmortization": "334000000", "incomeBeforeTax": "-366000000", "incomeTaxExpense": "41000000", "interestAndDebtExpense": "None", "netIncomeFromContinuingOperations": "0", "comprehensiveIncomeNetOfTax": "None", "ebit": "107000000", "ebitda": "441000000", "netIncome": "-407000000"}, {"fiscalDateEnding": "2007-06-30", "reportedCurrency": "USD", "grossProfit": "852000000", "totalRevenue": "1499000000", "costOfRevenue": "647000000", "costofGoodsAndServicesSold": "647000000", "operatingIncome": "200000000", "sellingGeneralAndAdministrative": "318000000", "researchAndDevelopment": "0", "operatingExpenses": "652000000", "investmentIncomeNet": "None", "netInterestIncome": "None", "interestIncome": "None", "interestExpense": "471000000", "nonInterestIncome": "None", "otherNonOperatingIncome": "None", "depreciation": "None", "depreciationAndAmortization": "334000000", "incomeBeforeTax": "-301000000", "incomeTaxExpense": "59000000", "interestAndDebtExpense": "None", "netIncomeFromContinuingOperations": "0", "comprehensiveIncomeNetOfTax": "None", "ebit": "200000000", "ebitda": "534000000", "netIncome": "-360000000"}, {"fiscalDateEnding": "2007-03-31", "reportedCurrency": "USD", "grossProfit": "794000000", "totalRevenue": "1425000000", "costOfRevenue": "631000000", "costofGoodsAndServicesSold": "631000000", "operatingIncome": "156000000", "sellingGeneralAndAdministrative": "307000000", "researchAndDevelopment": "0", "operatingExpenses": "638000000", "investmentIncomeNet": "None", "netInterestIncome": "None", "interestIncome": "None", "interestExpense": "464000000", "nonInterestIncome": "None", "otherNonOperatingIncome": "None", "depreciation": "None", "depreciationAndAmortization": "331000000", "incomeBeforeTax": "-312000000", "incomeTaxExpense": "69000000", "interestAndDebtExpense": "None", "netIncomeFromContinuingOperations": "0", "comprehensiveIncomeNetOfTax": "None", "ebit": "156000000", "ebitda": "487000000", "netIncome": "-381000000"}, {"fiscalDateEnding": "2006-12-31", "reportedCurrency": "USD", "grossProfit": "805000000", "totalRevenue": "1413000000", "costOfRevenue": "608000000", "costofGoodsAndServicesSold": "608000000", "operatingIncome": "163000000", "sellingGeneralAndAdministrative": "305000000", "researchAndDevelopment": "0", "operatingExpenses": "642000000", "investmentIncomeNet": "None", "netInterestIncome": "None", "interestIncome": "None", "interestExpense": "1887000000", "nonInterestIncome": "None", "otherNonOperatingIncome": "None", "depreciation": "None", "depreciationAndAmortization": "330000000", "incomeBeforeTax": "-315000000", "incomeTaxExpense": "63000000", "interestAndDebtExpense": "None", "netIncomeFromContinuingOperations": "0", "comprehensiveIncomeNetOfTax": "None", "ebit": "163000000", "ebitda": "493000000", "netIncome": "-396000000"}, {"fiscalDateEnding": "2006-09-30", "reportedCurrency": "USD", "grossProfit": "773000000", "totalRevenue": "1388000000", "costOfRevenue": "615000000", "costofGoodsAndServicesSold": "615000000", "operatingIncome": "66000000", "sellingGeneralAndAdministrative": "309000000", "researchAndDevelopment": "0", "operatingExpenses": "707000000", "investmentIncomeNet": "None", "netInterestIncome": "None", "interestIncome": "None", "interestExpense": "466000000", "nonInterestIncome": "None", "otherNonOperatingIncome": "None", "depreciation": "None", "depreciationAndAmortization": "334000000", "incomeBeforeTax": "-269000000", "incomeTaxExpense": "64000000", "interestAndDebtExpense": "None", "netIncomeFromContinuingOperations": "0", "comprehensiveIncomeNetOfTax": "None", "ebit": "66000000", "ebitda": "400000000", "netIncome": "-133000000"}, {"fiscalDateEnding": "2006-06-30", "reportedCurrency": "USD", "grossProfit": "772000000", "totalRevenue": "1383000000", "costOfRevenue": "611000000", "costofGoodsAndServicesSold": "611000000", "operatingIncome": "146000000", "sellingGeneralAndAdministrative": "279000000", "researchAndDevelopment": "0", "operatingExpenses": "626000000", "investmentIncomeNet": "None", "netInterestIncome": "None", "interestIncome": "None", "interestExpense": "451000000", "nonInterestIncome": "None", "otherNonOperatingIncome": "None", "depreciation": "None", "depreciationAndAmortization": "340000000", "incomeBeforeTax": "-350000000", "incomeTaxExpense": "52000000", "interestAndDebtExpense": "None", "netIncomeFromContinuingOperations": "0", "comprehensiveIncomeNetOfTax": "None", "ebit": "146000000", "ebitda": "486000000", "netIncome": "-382000000"}, {"fiscalDateEnding": "2006-03-31", "reportedCurrency": "USD", "grossProfit": "748000000", "totalRevenue": "1374000000", "costOfRevenue": "626000000", "costofGoodsAndServicesSold": "626000000", "operatingIncome": "7000000", "sellingGeneralAndAdministrative": "284000000", "researchAndDevelopment": "0", "operatingExpenses": "741000000", "investmentIncomeNet": "None", "netInterestIncome": "None", "interestIncome": "None", "interestExpense": "468000000", "nonInterestIncome": "None", "otherNonOperatingIncome": "None", "depreciation": "None", "depreciationAndAmortization": "358000000", "incomeBeforeTax": "-450000000", "incomeTaxExpense": "9000000", "interestAndDebtExpense": "None", "netIncomeFromContinuingOperations": "0", "comprehensiveIncomeNetOfTax": "None", "ebit": "91000000", "ebitda": "449000000", "netIncome": "-459000000"}, {"fiscalDateEnding": "2005-12-31", "reportedCurrency": "USD", "grossProfit": "763000000", "totalRevenue": "1342000000", "costOfRevenue": "579000000", "costofGoodsAndServicesSold": "579000000", "operatingIncome": "119000000", "sellingGeneralAndAdministrative": "275000000", "researchAndDevelopment": "0", "operatingExpenses": "644000000", "investmentIncomeNet": "None", "netInterestIncome": "None", "interestIncome": "None", "interestExpense": "1789000000", "nonInterestIncome": "None", "otherNonOperatingIncome": "None", "depreciation": "None", "depreciationAndAmortization": "365000000", "incomeBeforeTax": "-305000000", "incomeTaxExpense": "40000000", "interestAndDebtExpense": "None", "netIncomeFromContinuingOperations": "0", "comprehensiveIncomeNetOfTax": "None", "ebit": "119000000", "ebitda": "484000000", "netIncome": "-336000000"}, {"fiscalDateEnding": "2005-09-30", "reportedCurrency": "USD", "grossProfit": "732000000", "totalRevenue": "1318000000", "costOfRevenue": "586000000", "costofGoodsAndServicesSold": "586000000", "operatingIncome": "63000000", "sellingGeneralAndAdministrative": "272000000", "researchAndDevelopment": "0", "operatingExpenses": "669000000", "investmentIncomeNet": "None", "netInterestIncome": "None", "interestIncome": "None", "interestExpense": "462000000", "nonInterestIncome": "None", "otherNonOperatingIncome": "None", "depreciation": "None", "depreciationAndAmortization": "375000000", "incomeBeforeTax": "108000000", "incomeTaxExpense": "29000000", "interestAndDebtExpense": "None", "netIncomeFromContinuingOperations": "0", "comprehensiveIncomeNetOfTax": "None", "ebit": "54000000", "ebitda": "429000000", "netIncome": "76000000"}, {"fiscalDateEnding": "2005-06-30", "reportedCurrency": "USD", "grossProfit": "754000000", "totalRevenue": "1323000000", "costOfRevenue": "569000000", "costofGoodsAndServicesSold": "569000000", "operatingIncome": "110000000", "sellingGeneralAndAdministrative": "260000000", "researchAndDevelopment": "0", "operatingExpenses": "644000000", "investmentIncomeNet": "None", "netInterestIncome": "None", "interestIncome": "None", "interestExpense": "451000000", "nonInterestIncome": "None", "otherNonOperatingIncome": "None", "depreciation": "None", "depreciationAndAmortization": "378000000", "incomeBeforeTax": "-324000000", "incomeTaxExpense": "31000000", "interestAndDebtExpense": "None", "netIncomeFromContinuingOperations": "0", "comprehensiveIncomeNetOfTax": "None", "ebit": "100000000", "ebitda": "478000000", "netIncome": "-355000000"}, {"fiscalDateEnding": "2005-03-31", "reportedCurrency": "USD", "grossProfit": "712000000", "totalRevenue": "1271000000", "costOfRevenue": "559000000", "costofGoodsAndServicesSold": "559000000", "operatingIncome": "51000000", "sellingGeneralAndAdministrative": "237000000", "researchAndDevelopment": "0", "operatingExpenses": "661000000", "investmentIncomeNet": "None", "netInterestIncome": "None", "interestIncome": "None", "interestExpense": "420000000", "nonInterestIncome": "None", "otherNonOperatingIncome": "None", "depreciation": "None", "depreciationAndAmortization": "381000000", "incomeBeforeTax": "-337000000", "incomeTaxExpense": "15000000", "interestAndDebtExpense": "None", "netIncomeFromContinuingOperations": "0", "comprehensiveIncomeNetOfTax": "None", "ebit": "51000000", "ebitda": "432000000", "netIncome": "-352000000"}, {"fiscalDateEnding": "2004-12-31", "reportedCurrency": "USD", "grossProfit": "748000000", "totalRevenue": "1276000000", "costOfRevenue": "528000000", "costofGoodsAndServicesSold": "528000000", "operatingIncome": "108000000", "sellingGeneralAndAdministrative": "233000000", "researchAndDevelopment": "0", "operatingExpenses": "640000000", "investmentIncomeNet": "None", "netInterestIncome": "None", "interestIncome": "None", "interestExpense": "1670000000", "nonInterestIncome": "None", "otherNonOperatingIncome": "None", "depreciation": "None", "depreciationAndAmortization": "390000000", "incomeBeforeTax": "-326000000", "incomeTaxExpense": "13000000", "interestAndDebtExpense": "None", "netIncomeFromContinuingOperations": "0", "comprehensiveIncomeNetOfTax": "None", "ebit": "108000000", "ebitda": "498000000", "netIncome": "-339000000"}]}