{"symbol": "CPT", "annualReports": [{"fiscalDateEnding": "2024-12-31", "reportedCurrency": "USD", "grossProfit": "944506000", "totalRevenue": "1543842000", "costOfRevenue": "599336000", "costofGoodsAndServicesSold": "599336000", "operatingIncome": "297264000", "sellingGeneralAndAdministrative": "72365000", "researchAndDevelopment": "None", "operatingExpenses": "647242000", "investmentIncomeNet": "None", "netInterestIncome": "-125395000", "interestIncome": "4420000", "interestExpense": "129815000", "nonInterestIncome": "None", "otherNonOperatingIncome": "None", "depreciation": "None", "depreciationAndAmortization": "582014000", "incomeBeforeTax": "173766000", "incomeTaxExpense": "2926000", "interestAndDebtExpense": "None", "netIncomeFromContinuingOperations": "170840000", "comprehensiveIncomeNetOfTax": "None", "ebit": "303581000", "ebitda": "885595000", "netIncome": "163293000"}, {"fiscalDateEnding": "2023-12-31", "reportedCurrency": "USD", "grossProfit": "957684000", "totalRevenue": "1542027000", "costOfRevenue": "584343000", "costofGoodsAndServicesSold": "584343000", "operatingIncome": "899508000", "sellingGeneralAndAdministrative": "62506000", "researchAndDevelopment": "0.27", "operatingExpenses": "62506000", "investmentIncomeNet": "None", "netInterestIncome": "-129400000", "interestIncome": "695000", "interestExpense": "133395000", "nonInterestIncome": "None", "otherNonOperatingIncome": "None", "depreciation": "None", "depreciationAndAmortization": "574813000", "incomeBeforeTax": "414203000", "incomeTaxExpense": "3650000", "interestAndDebtExpense": "None", "netIncomeFromContinuingOperations": "233849000", "comprehensiveIncomeNetOfTax": "None", "ebit": "324695000", "ebitda": "899508000", "netIncome": "403309000"}, {"fiscalDateEnding": "2022-12-31", "reportedCurrency": "USD", "grossProfit": "893558000", "totalRevenue": "1422756000", "costOfRevenue": "529198000", "costofGoodsAndServicesSold": "529198000", "operatingIncome": "267380000", "sellingGeneralAndAdministrative": "60413000", "researchAndDevelopment": "0.46", "operatingExpenses": "632245000", "investmentIncomeNet": "None", "netInterestIncome": "-110405000", "interestIncome": "3019000", "interestExpense": "113424000", "nonInterestIncome": "None", "otherNonOperatingIncome": "42439000", "depreciation": "None", "depreciationAndAmortization": "1166631000", "incomeBeforeTax": "664474000", "incomeTaxExpense": "2966000", "interestAndDebtExpense": "None", "netIncomeFromContinuingOperations": "661508000", "comprehensiveIncomeNetOfTax": "None", "ebit": "-322231000", "ebitda": "844400000", "netIncome": "653613000"}, {"fiscalDateEnding": "2021-12-31", "reportedCurrency": "USD", "grossProfit": "695710000", "totalRevenue": "1143585000", "costOfRevenue": "447875000", "costofGoodsAndServicesSold": "447875000", "operatingIncome": "237182000", "sellingGeneralAndAdministrative": "59368000", "researchAndDevelopment": "0.27", "operatingExpenses": "469528000", "investmentIncomeNet": "None", "netInterestIncome": "-96074000", "interestIncome": "1223000", "interestExpense": "97297000", "nonInterestIncome": "None", "otherNonOperatingIncome": "1223000", "depreciation": "None", "depreciationAndAmortization": "927935000", "incomeBeforeTax": "314269000", "incomeTaxExpense": "1893000", "interestAndDebtExpense": "None", "netIncomeFromContinuingOperations": "312376000", "comprehensiveIncomeNetOfTax": "None", "ebit": "-270061000", "ebitda": "657874000", "netIncome": "303907000"}, {"fiscalDateEnding": "2020-12-31", "reportedCurrency": "USD", "grossProfit": "620856000", "totalRevenue": "1043837000", "costOfRevenue": "422981000", "costofGoodsAndServicesSold": "422981000", "operatingIncome": "221871000", "sellingGeneralAndAdministrative": "53624000", "researchAndDevelopment": "0.12", "operatingExpenses": "409986000", "investmentIncomeNet": "None", "netInterestIncome": "-88577000", "interestIncome": "2949000", "interestExpense": "91526000", "nonInterestIncome": "None", "otherNonOperatingIncome": "2949000", "depreciation": "None", "depreciationAndAmortization": "843767000", "incomeBeforeTax": "130551000", "incomeTaxExpense": "1972000", "interestAndDebtExpense": "None", "netIncomeFromContinuingOperations": "944770000", "comprehensiveIncomeNetOfTax": "None", "ebit": "-254734000", "ebitda": "589033000", "netIncome": "123911000"}, {"fiscalDateEnding": "2019-12-31", "reportedCurrency": "USD", "grossProfit": "631065000", "totalRevenue": "1028461000", "costOfRevenue": "397396000", "costofGoodsAndServicesSold": "397396000", "operatingIncome": "268159000", "sellingGeneralAndAdministrative": "53201000", "researchAndDevelopment": "0.22", "operatingExpenses": "380779000", "investmentIncomeNet": "None", "netInterestIncome": "-77616000", "interestIncome": "14783000", "interestExpense": "80706000", "nonInterestIncome": "None", "otherNonOperatingIncome": "None", "depreciation": "None", "depreciationAndAmortization": "786871000", "incomeBeforeTax": "225359000", "incomeTaxExpense": "1089000", "interestAndDebtExpense": "None", "netIncomeFromContinuingOperations": "224270000", "comprehensiveIncomeNetOfTax": "None", "ebit": "-182438000", "ebitda": "604433000", "netIncome": "219623000"}, {"fiscalDateEnding": "2018-12-31", "reportedCurrency": "USD", "grossProfit": "580894000", "totalRevenue": "954505000", "costOfRevenue": "373611000", "costofGoodsAndServicesSold": "373611000", "operatingIncome": "154282000", "sellingGeneralAndAdministrative": "50735000", "researchAndDevelopment": "0.17", "operatingExpenses": "344450000", "investmentIncomeNet": "None", "netInterestIncome": "-82162000", "interestIncome": "2101000", "interestExpense": "84263000", "nonInterestIncome": "None", "otherNonOperatingIncome": "9937000", "depreciation": "None", "depreciationAndAmortization": "725292000", "incomeBeforeTax": "162118000", "incomeTaxExpense": "1424000", "interestAndDebtExpense": "None", "netIncomeFromContinuingOperations": "160694000", "comprehensiveIncomeNetOfTax": "None", "ebit": "-178165000", "ebitda": "547127000", "netIncome": "156128000"}, {"fiscalDateEnding": "2017-12-31", "reportedCurrency": "USD", "grossProfit": "542478000", "totalRevenue": "900896000", "costOfRevenue": "358418000", "costofGoodsAndServicesSold": "358418000", "operatingIncome": "236093000", "sellingGeneralAndAdministrative": "50587000", "researchAndDevelopment": "0.22", "operatingExpenses": "306385000", "investmentIncomeNet": "None", "netInterestIncome": "-83739000", "interestIncome": "3011000", "interestExpense": "86750000", "nonInterestIncome": "None", "otherNonOperatingIncome": "52741000", "depreciation": "None", "depreciationAndAmortization": "886196000", "incomeBeforeTax": "202084000", "incomeTaxExpense": "1224000", "interestAndDebtExpense": "None", "netIncomeFromContinuingOperations": "200860000", "comprehensiveIncomeNetOfTax": "None", "ebit": "-375896000", "ebitda": "510300000", "netIncome": "196422000"}, {"fiscalDateEnding": "2016-12-31", "reportedCurrency": "USD", "grossProfit": "536119000", "totalRevenue": "876447000", "costOfRevenue": "340328000", "costofGoodsAndServicesSold": "340328000", "operatingIncome": "245422000", "sellingGeneralAndAdministrative": "47415000", "researchAndDevelopment": "0.52", "operatingExpenses": "290697000", "investmentIncomeNet": "None", "netInterestIncome": "-90943000", "interestIncome": "2202000", "interestExpense": "93145000", "nonInterestIncome": "None", "otherNonOperatingIncome": "304724000", "depreciation": "None", "depreciationAndAmortization": "637889000", "incomeBeforeTax": "457001000", "incomeTaxExpense": "1617000", "interestAndDebtExpense": "None", "netIncomeFromContinuingOperations": "455384000", "comprehensiveIncomeNetOfTax": "None", "ebit": "-132994000", "ebitda": "504895000", "netIncome": "819823000"}, {"fiscalDateEnding": "2015-12-31", "reportedCurrency": "USD", "grossProfit": "542709000", "totalRevenue": "892928000", "costOfRevenue": "350219000", "costofGoodsAndServicesSold": "350219000", "operatingIncome": "246393000", "sellingGeneralAndAdministrative": "46233000", "researchAndDevelopment": "0", "operatingExpenses": "296316000", "investmentIncomeNet": "None", "netInterestIncome": "None", "interestIncome": "6168000", "interestExpense": "97312000", "nonInterestIncome": "None", "otherNonOperatingIncome": "111053000", "depreciation": "None", "depreciationAndAmortization": "257082000", "incomeBeforeTax": "260134000", "incomeTaxExpense": "1872000", "interestAndDebtExpense": "None", "netIncomeFromContinuingOperations": "258262000", "comprehensiveIncomeNetOfTax": "None", "ebit": "211630000", "ebitda": "468712000", "netIncome": "249315000"}, {"fiscalDateEnding": "2014-12-31", "reportedCurrency": "USD", "grossProfit": "510640000", "totalRevenue": "843978000", "costOfRevenue": "333338000", "costofGoodsAndServicesSold": "333338000", "operatingIncome": "233833000", "sellingGeneralAndAdministrative": "51005000", "researchAndDevelopment": "0", "operatingExpenses": "276807000", "investmentIncomeNet": "None", "netInterestIncome": "None", "interestIncome": "None", "interestExpense": "93263000", "nonInterestIncome": "None", "otherNonOperatingIncome": "163799000", "depreciation": "None", "depreciationAndAmortization": "235634000", "incomeBeforeTax": "303217000", "incomeTaxExpense": "1903000", "interestAndDebtExpense": "None", "netIncomeFromContinuingOperations": "301314000", "comprehensiveIncomeNetOfTax": "None", "ebit": "238343000", "ebitda": "473977000", "netIncome": "292089000"}, {"fiscalDateEnding": "2013-12-31", "reportedCurrency": "USD", "grossProfit": "475630000", "totalRevenue": "788851000", "costOfRevenue": "313221000", "costofGoodsAndServicesSold": "313221000", "operatingIncome": "135427000", "sellingGeneralAndAdministrative": "40586000", "researchAndDevelopment": "0", "operatingExpenses": "243291000", "investmentIncomeNet": "None", "netInterestIncome": "None", "interestIncome": "None", "interestExpense": "98129000", "nonInterestIncome": "None", "otherNonOperatingIncome": "23232000", "depreciation": "None", "depreciationAndAmortization": "214395000", "incomeBeforeTax": "157442000", "incomeTaxExpense": "1826000", "interestAndDebtExpense": "None", "netIncomeFromContinuingOperations": "155616000", "comprehensiveIncomeNetOfTax": "None", "ebit": "233556000", "ebitda": "447951000", "netIncome": "336364000"}, {"fiscalDateEnding": "2012-12-31", "reportedCurrency": "USD", "grossProfit": "429812000", "totalRevenue": "727908000", "costOfRevenue": "298096000", "costofGoodsAndServicesSold": "298096000", "operatingIncome": "201552000", "sellingGeneralAndAdministrative": "37528000", "researchAndDevelopment": "0", "operatingExpenses": "228260000", "investmentIncomeNet": "None", "netInterestIncome": "None", "interestIncome": "None", "interestExpense": "104992000", "nonInterestIncome": "None", "otherNonOperatingIncome": "73275000", "depreciation": "None", "depreciationAndAmortization": "203077000", "incomeBeforeTax": "170545000", "incomeTaxExpense": "1208000", "interestAndDebtExpense": "None", "netIncomeFromContinuingOperations": "169337000", "comprehensiveIncomeNetOfTax": "None", "ebit": "258260000", "ebitda": "461337000", "netIncome": "286241000"}, {"fiscalDateEnding": "2011-12-31", "reportedCurrency": "USD", "grossProfit": "272306000", "totalRevenue": "528995000", "costOfRevenue": "256689000", "costofGoodsAndServicesSold": "256689000", "operatingIncome": "22546000", "sellingGeneralAndAdministrative": "250502000", "researchAndDevelopment": "0", "operatingExpenses": "470000000", "investmentIncomeNet": "None", "netInterestIncome": "None", "interestIncome": "None", "interestExpense": "112414000", "nonInterestIncome": "None", "otherNonOperatingIncome": "10335000", "depreciation": "None", "depreciationAndAmortization": "181791000", "incomeBeforeTax": "35348000", "incomeTaxExpense": "2220000", "interestAndDebtExpense": "None", "netIncomeFromContinuingOperations": "33128000", "comprehensiveIncomeNetOfTax": "None", "ebit": "132143000", "ebitda": "313934000", "netIncome": "56379000"}, {"fiscalDateEnding": "2010-12-31", "reportedCurrency": "USD", "grossProfit": "267185000", "totalRevenue": "514687000", "costOfRevenue": "247502000", "costofGoodsAndServicesSold": "247502000", "operatingIncome": "10121000", "sellingGeneralAndAdministrative": "235229000", "researchAndDevelopment": "0", "operatingExpenses": "460000000", "investmentIncomeNet": "None", "netInterestIncome": "None", "interestIncome": "None", "interestExpense": "125893000", "nonInterestIncome": "None", "otherNonOperatingIncome": "3643000", "depreciation": "None", "depreciationAndAmortization": "174465000", "incomeBeforeTax": "19628000", "incomeTaxExpense": "1581000", "interestAndDebtExpense": "None", "netIncomeFromContinuingOperations": "18047000", "comprehensiveIncomeNetOfTax": "None", "ebit": "135000000", "ebitda": "309465000", "netIncome": "30216000"}, {"fiscalDateEnding": "2009-12-31", "reportedCurrency": "USD", "grossProfit": "399674000", "totalRevenue": "646543000", "costOfRevenue": "246869000", "costofGoodsAndServicesSold": "246869000", "operatingIncome": "-69028000", "sellingGeneralAndAdministrative": "230773000", "researchAndDevelopment": "None", "operatingExpenses": "480000000", "investmentIncomeNet": "None", "netInterestIncome": "None", "interestIncome": "None", "interestExpense": "128296000", "nonInterestIncome": "None", "otherNonOperatingIncome": "None", "depreciation": "None", "depreciationAndAmortization": "174682000", "incomeBeforeTax": "-61464000", "incomeTaxExpense": "967000", "interestAndDebtExpense": "None", "netIncomeFromContinuingOperations": "None", "comprehensiveIncomeNetOfTax": "None", "ebit": "159826000", "ebitda": "334508000", "netIncome": "-43800000"}, {"fiscalDateEnding": "2008-12-31", "reportedCurrency": "USD", "grossProfit": "363749000", "totalRevenue": "602669000", "costOfRevenue": "238920000", "costofGoodsAndServicesSold": "238920000", "operatingIncome": "-13705000", "sellingGeneralAndAdministrative": "57550000", "researchAndDevelopment": "None", "operatingExpenses": "430000000", "investmentIncomeNet": "None", "netInterestIncome": "None", "interestIncome": "None", "interestExpense": "132399000", "nonInterestIncome": "None", "otherNonOperatingIncome": "None", "depreciation": "None", "depreciationAndAmortization": "171814000", "incomeBeforeTax": "-12862000", "incomeTaxExpense": "843000", "interestAndDebtExpense": "None", "netIncomeFromContinuingOperations": "None", "comprehensiveIncomeNetOfTax": "None", "ebit": "136197000", "ebitda": "308011000", "netIncome": "70973000"}, {"fiscalDateEnding": "2007-12-31", "reportedCurrency": "USD", "grossProfit": "63189000", "totalRevenue": "517801000", "costOfRevenue": "454612000", "costofGoodsAndServicesSold": "454612000", "operatingIncome": "47078000", "sellingGeneralAndAdministrative": "225476000", "researchAndDevelopment": "None", "operatingExpenses": "441000000", "investmentIncomeNet": "None", "netInterestIncome": "None", "interestIncome": "None", "interestExpense": "116281000", "nonInterestIncome": "None", "otherNonOperatingIncome": "None", "depreciation": "None", "depreciationAndAmortization": "157137000", "incomeBeforeTax": "50130000", "incomeTaxExpense": "3052000", "interestAndDebtExpense": "None", "netIncomeFromContinuingOperations": "None", "comprehensiveIncomeNetOfTax": "None", "ebit": "150457000", "ebitda": "307594000", "netIncome": "136728000"}, {"fiscalDateEnding": "2006-12-31", "reportedCurrency": "USD", "grossProfit": "155672000", "totalRevenue": "614068000", "costOfRevenue": "458396000", "costofGoodsAndServicesSold": "458396000", "operatingIncome": "128968000", "sellingGeneralAndAdministrative": "241382000", "researchAndDevelopment": "None", "operatingExpenses": "438000000", "investmentIncomeNet": "None", "netInterestIncome": "None", "interestIncome": "None", "interestExpense": "118344000", "nonInterestIncome": "None", "otherNonOperatingIncome": "None", "depreciation": "None", "depreciationAndAmortization": "159860000", "incomeBeforeTax": "152131000", "incomeTaxExpense": "204895000", "interestAndDebtExpense": "None", "netIncomeFromContinuingOperations": "None", "comprehensiveIncomeNetOfTax": "None", "ebit": "237301000", "ebitda": "397161000", "netIncome": "232846000"}, {"fiscalDateEnding": "2005-12-31", "reportedCurrency": "USD", "grossProfit": "589947000", "totalRevenue": "589947000", "costOfRevenue": "415460000", "costofGoodsAndServicesSold": "415460000", "operatingIncome": "348777000", "sellingGeneralAndAdministrative": "194896000", "researchAndDevelopment": "None", "operatingExpenses": "387000000", "investmentIncomeNet": "None", "netInterestIncome": "None", "interestIncome": "None", "interestExpense": "111548000", "nonInterestIncome": "None", "otherNonOperatingIncome": "None", "depreciation": "None", "depreciationAndAmortization": "171254000", "incomeBeforeTax": "166243000", "incomeTaxExpense": "-32843000", "interestAndDebtExpense": "None", "netIncomeFromContinuingOperations": "None", "comprehensiveIncomeNetOfTax": "None", "ebit": "348777000", "ebitda": "520031000", "netIncome": "199086000"}], "quarterlyReports": [{"fiscalDateEnding": "2024-12-31", "reportedCurrency": "USD", "grossProfit": "238375000", "totalRevenue": "386319000", "costOfRevenue": "147944000", "costofGoodsAndServicesSold": "147944000", "operatingIncome": "75768000", "sellingGeneralAndAdministrative": "18673000", "researchAndDevelopment": "None", "operatingExpenses": "162607000", "investmentIncomeNet": "None", "netInterestIncome": "-32587000", "interestIncome": "22000", "interestExpense": "32565000", "nonInterestIncome": "None", "otherNonOperatingIncome": "None", "depreciation": "None", "depreciationAndAmortization": "145474000", "incomeBeforeTax": "43181000", "incomeTaxExpense": "572000", "interestAndDebtExpense": "None", "netIncomeFromContinuingOperations": "42609000", "comprehensiveIncomeNetOfTax": "None", "ebit": "75746000", "ebitda": "221220000", "netIncome": "40691000"}, {"fiscalDateEnding": "2024-09-30", "reportedCurrency": "USD", "grossProfit": "87588000", "totalRevenue": "387232000", "costOfRevenue": "299644000", "costofGoodsAndServicesSold": "299644000", "operatingIncome": "70450000", "sellingGeneralAndAdministrative": "18845000", "researchAndDevelopment": "None", "operatingExpenses": "18845000", "investmentIncomeNet": "None", "netInterestIncome": "-31410000", "interestIncome": "1076000", "interestExpense": "32486000", "nonInterestIncome": "None", "otherNonOperatingIncome": "None", "depreciation": "None", "depreciationAndAmortization": "145844000", "incomeBeforeTax": "-1948000", "incomeTaxExpense": "390000", "interestAndDebtExpense": "None", "netIncomeFromContinuingOperations": "-2338000", "comprehensiveIncomeNetOfTax": "None", "ebit": "30538000", "ebitda": "176382000", "netIncome": "-4204000"}, {"fiscalDateEnding": "2024-06-30", "reportedCurrency": "USD", "grossProfit": "95950000", "totalRevenue": "391054000", "costOfRevenue": "295104000", "costofGoodsAndServicesSold": "295104000", "operatingIncome": "77796000", "sellingGeneralAndAdministrative": "18154000", "researchAndDevelopment": "None", "operatingExpenses": "161442000", "investmentIncomeNet": "None", "netInterestIncome": "-30629000", "interestIncome": "1598000", "interestExpense": "32227000", "nonInterestIncome": "None", "otherNonOperatingIncome": "None", "depreciation": "None", "depreciationAndAmortization": "145894000", "incomeBeforeTax": "45869000", "incomeTaxExpense": "1059000", "interestAndDebtExpense": "None", "netIncomeFromContinuingOperations": "44810000", "comprehensiveIncomeNetOfTax": "None", "ebit": "77796000", "ebitda": "223690000", "netIncome": "42917000"}, {"fiscalDateEnding": "2024-03-31", "reportedCurrency": "USD", "grossProfit": "92709000", "totalRevenue": "385893000", "costOfRevenue": "293184000", "costofGoodsAndServicesSold": "293184000", "operatingIncome": "76016000", "sellingGeneralAndAdministrative": "16693000", "researchAndDevelopment": "None", "operatingExpenses": "16693000", "investmentIncomeNet": "None", "netInterestIncome": "-30769000", "interestIncome": "1768000", "interestExpense": "32537000", "nonInterestIncome": "None", "otherNonOperatingIncome": "None", "depreciation": "None", "depreciationAndAmortization": "144802000", "incomeBeforeTax": "86664000", "incomeTaxExpense": "905000", "interestAndDebtExpense": "None", "netIncomeFromContinuingOperations": "85759000", "comprehensiveIncomeNetOfTax": "None", "ebit": "76016000", "ebitda": "220818000", "netIncome": "83889000"}, {"fiscalDateEnding": "2023-12-31", "reportedCurrency": "USD", "grossProfit": "98287000", "totalRevenue": "388987000", "costOfRevenue": "290700000", "costofGoodsAndServicesSold": "290700000", "operatingIncome": "82543000", "sellingGeneralAndAdministrative": "15744000", "researchAndDevelopment": "None", "operatingExpenses": "15744000", "investmentIncomeNet": "None", "netInterestIncome": "-33646000", "interestIncome": "322000", "interestExpense": "33968000", "nonInterestIncome": "None", "otherNonOperatingIncome": "None", "depreciation": "None", "depreciationAndAmortization": "144956000", "incomeBeforeTax": "225072000", "incomeTaxExpense": "897000", "interestAndDebtExpense": "None", "netIncomeFromContinuingOperations": "224175000", "comprehensiveIncomeNetOfTax": "None", "ebit": "82543000", "ebitda": "227499000", "netIncome": "222330000"}, {"fiscalDateEnding": "2023-09-30", "reportedCurrency": "USD", "grossProfit": "242338000", "totalRevenue": "390778000", "costOfRevenue": "148440000", "costofGoodsAndServicesSold": "148440000", "operatingIncome": "47211000", "sellingGeneralAndAdministrative": "15543000", "researchAndDevelopment": "None", "operatingExpenses": "158825000", "investmentIncomeNet": "None", "netInterestIncome": "-32942000", "interestIncome": "64000", "interestExpense": "33006000", "nonInterestIncome": "None", "otherNonOperatingIncome": "None", "depreciation": "None", "depreciationAndAmortization": "144359000", "incomeBeforeTax": "50571000", "incomeTaxExpense": "752000", "interestAndDebtExpense": "None", "netIncomeFromContinuingOperations": "49819000", "comprehensiveIncomeNetOfTax": "None", "ebit": "47211000", "ebitda": "191570000", "netIncome": "47963000"}, {"fiscalDateEnding": "2023-06-30", "reportedCurrency": "USD", "grossProfit": "238731000", "totalRevenue": "385499000", "costOfRevenue": "146768000", "costofGoodsAndServicesSold": "146768000", "operatingIncome": "90248000", "sellingGeneralAndAdministrative": "15863000", "researchAndDevelopment": "None", "operatingExpenses": "158199000", "investmentIncomeNet": "None", "netInterestIncome": "-33147000", "interestIncome": "431000", "interestExpense": "33578000", "nonInterestIncome": "None", "otherNonOperatingIncome": "46837000", "depreciation": "None", "depreciationAndAmortization": "143054000", "incomeBeforeTax": "93791000", "incomeTaxExpense": "851000", "interestAndDebtExpense": "None", "netIncomeFromContinuingOperations": "-292139000", "comprehensiveIncomeNetOfTax": "None", "ebit": "90248000", "ebitda": "233302000", "netIncome": "91099000"}, {"fiscalDateEnding": "2023-03-31", "reportedCurrency": "USD", "grossProfit": "234772000", "totalRevenue": "378163000", "costOfRevenue": "143391000", "costofGoodsAndServicesSold": "143391000", "operatingIncome": "77612000", "sellingGeneralAndAdministrative": "15356000", "researchAndDevelopment": "None", "operatingExpenses": "157222000", "investmentIncomeNet": "None", "netInterestIncome": "-32781000", "interestIncome": "62000", "interestExpense": "32843000", "nonInterestIncome": "None", "otherNonOperatingIncome": "62000", "depreciation": "None", "depreciationAndAmortization": "142444000", "incomeBeforeTax": "44769000", "incomeTaxExpense": "1150000", "interestAndDebtExpense": "None", "netIncomeFromContinuingOperations": "-334131000", "comprehensiveIncomeNetOfTax": "None", "ebit": "77612000", "ebitda": "220056000", "netIncome": "41917000"}, {"fiscalDateEnding": "2022-12-31", "reportedCurrency": "USD", "grossProfit": "240981000", "totalRevenue": "375909000", "costOfRevenue": "134928000", "costofGoodsAndServicesSold": "134928000", "operatingIncome": "78892000", "sellingGeneralAndAdministrative": "15887000", "researchAndDevelopment": "None", "operatingExpenses": "162227000", "investmentIncomeNet": "None", "netInterestIncome": "-30530000", "interestIncome": "138000", "interestExpense": "30668000", "nonInterestIncome": "None", "otherNonOperatingIncome": "39558000", "depreciation": "None", "depreciationAndAmortization": "147271000", "incomeBeforeTax": "48224000", "incomeTaxExpense": "753000", "interestAndDebtExpense": "None", "netIncomeFromContinuingOperations": "47471000", "comprehensiveIncomeNetOfTax": "None", "ebit": "76592000", "ebitda": "223863000", "netIncome": "45709000"}, {"fiscalDateEnding": "2022-09-30", "reportedCurrency": "USD", "grossProfit": "233653000", "totalRevenue": "373772000", "costOfRevenue": "140119000", "costofGoodsAndServicesSold": "140119000", "operatingIncome": "61479000", "sellingGeneralAndAdministrative": "14002000", "researchAndDevelopment": "None", "operatingExpenses": "172262000", "investmentIncomeNet": "None", "netInterestIncome": "-29104000", "interestIncome": "88000", "interestExpense": "29192000", "nonInterestIncome": "None", "otherNonOperatingIncome": "88000", "depreciation": "None", "depreciationAndAmortization": "158877000", "incomeBeforeTax": "32287000", "incomeTaxExpense": "737000", "interestAndDebtExpense": "None", "netIncomeFromContinuingOperations": "343076000", "comprehensiveIncomeNetOfTax": "None", "ebit": "61479000", "ebitda": "220356000", "netIncome": "29804000"}, {"fiscalDateEnding": "2022-06-30", "reportedCurrency": "USD", "grossProfit": "226264000", "totalRevenue": "361716000", "costOfRevenue": "135452000", "costofGoodsAndServicesSold": "135452000", "operatingIncome": "54648000", "sellingGeneralAndAdministrative": "15734000", "researchAndDevelopment": "None", "operatingExpenses": "172278000", "investmentIncomeNet": "None", "netInterestIncome": "-28360000", "interestIncome": "662000", "interestExpense": "29022000", "nonInterestIncome": "None", "otherNonOperatingIncome": "662000", "depreciation": "None", "depreciationAndAmortization": "157734000", "incomeBeforeTax": "499772000", "incomeTaxExpense": "886000", "interestAndDebtExpense": "None", "netIncomeFromContinuingOperations": "340321000", "comprehensiveIncomeNetOfTax": "None", "ebit": "54648000", "ebitda": "212382000", "netIncome": "496575000"}, {"fiscalDateEnding": "2022-03-31", "reportedCurrency": "USD", "grossProfit": "192660000", "totalRevenue": "311359000", "costOfRevenue": "118699000", "costofGoodsAndServicesSold": "118699000", "operatingIncome": "72361000", "sellingGeneralAndAdministrative": "14790000", "researchAndDevelopment": "None", "operatingExpenses": "125478000", "investmentIncomeNet": "None", "netInterestIncome": "-22411000", "interestIncome": "2131000", "interestExpense": "24542000", "nonInterestIncome": "None", "otherNonOperatingIncome": "2131000", "depreciation": "None", "depreciationAndAmortization": "113138000", "incomeBeforeTax": "84191000", "incomeTaxExpense": "590000", "interestAndDebtExpense": "None", "netIncomeFromContinuingOperations": "275165000", "comprehensiveIncomeNetOfTax": "None", "ebit": "72361000", "ebitda": "185499000", "netIncome": "80624000"}, {"fiscalDateEnding": "2021-12-31", "reportedCurrency": "USD", "grossProfit": "193970000", "totalRevenue": "305364000", "costOfRevenue": "111394000", "costofGoodsAndServicesSold": "111394000", "operatingIncome": "68658000", "sellingGeneralAndAdministrative": "14940000", "researchAndDevelopment": "None", "operatingExpenses": "128628000", "investmentIncomeNet": "None", "netInterestIncome": "-24391000", "interestIncome": "191000", "interestExpense": "24582000", "nonInterestIncome": "None", "otherNonOperatingIncome": "191000", "depreciation": "None", "depreciationAndAmortization": "116503000", "incomeBeforeTax": "218460000", "incomeTaxExpense": "601000", "interestAndDebtExpense": "None", "netIncomeFromContinuingOperations": "217859000", "comprehensiveIncomeNetOfTax": "None", "ebit": "68658000", "ebitda": "185161000", "netIncome": "212475000"}, {"fiscalDateEnding": "2021-09-30", "reportedCurrency": "USD", "grossProfit": "176263000", "totalRevenue": "294130000", "costOfRevenue": "117867000", "costofGoodsAndServicesSold": "117867000", "operatingIncome": "53089000", "sellingGeneralAndAdministrative": "14960000", "researchAndDevelopment": "None", "operatingExpenses": "123174000", "investmentIncomeNet": "None", "netInterestIncome": "-24544000", "interestIncome": "443000", "interestExpense": "24987000", "nonInterestIncome": "None", "otherNonOperatingIncome": "443000", "depreciation": "None", "depreciationAndAmortization": "111462000", "incomeBeforeTax": "31085000", "incomeTaxExpense": "480000", "interestAndDebtExpense": "None", "netIncomeFromContinuingOperations": "30605000", "comprehensiveIncomeNetOfTax": "None", "ebit": "56072000", "ebitda": "167534000", "netIncome": "29453000"}, {"fiscalDateEnding": "2021-06-30", "reportedCurrency": "USD", "grossProfit": "166097000", "totalRevenue": "276523000", "costOfRevenue": "110426000", "costofGoodsAndServicesSold": "110426000", "operatingIncome": "53528000", "sellingGeneralAndAdministrative": "15246000", "researchAndDevelopment": "None", "operatingExpenses": "112569000", "investmentIncomeNet": "None", "netInterestIncome": "-23827000", "interestIncome": "257000", "interestExpense": "24084000", "nonInterestIncome": "None", "otherNonOperatingIncome": "257000", "depreciation": "None", "depreciationAndAmortization": "99586000", "incomeBeforeTax": "31899000", "incomeTaxExpense": "460000", "interestAndDebtExpense": "None", "netIncomeFromContinuingOperations": "31439000", "comprehensiveIncomeNetOfTax": "None", "ebit": "55983000", "ebitda": "155569000", "netIncome": "30129000"}, {"fiscalDateEnding": "2021-03-31", "reportedCurrency": "USD", "grossProfit": "159380000", "totalRevenue": "267568000", "costOfRevenue": "108188000", "costofGoodsAndServicesSold": "108188000", "operatingIncome": "54223000", "sellingGeneralAndAdministrative": "14222000", "researchAndDevelopment": "None", "operatingExpenses": "105157000", "investmentIncomeNet": "None", "netInterestIncome": "-23312000", "interestIncome": "332000", "interestExpense": "23644000", "nonInterestIncome": "None", "otherNonOperatingIncome": "332000", "depreciation": "None", "depreciationAndAmortization": "93141000", "incomeBeforeTax": "32825000", "incomeTaxExpense": "352000", "interestAndDebtExpense": "None", "netIncomeFromContinuingOperations": "240953000", "comprehensiveIncomeNetOfTax": "None", "ebit": "56469000", "ebitda": "149610000", "netIncome": "31304000"}, {"fiscalDateEnding": "2020-12-31", "reportedCurrency": "USD", "grossProfit": "154483000", "totalRevenue": "261554000", "costOfRevenue": "107071000", "costofGoodsAndServicesSold": "107071000", "operatingIncome": "52635000", "sellingGeneralAndAdministrative": "13274000", "researchAndDevelopment": "None", "operatingExpenses": "101848000", "investmentIncomeNet": "None", "netInterestIncome": "-23725000", "interestIncome": "347000", "interestExpense": "24072000", "nonInterestIncome": "None", "otherNonOperatingIncome": "347000", "depreciation": "None", "depreciationAndAmortization": "91925000", "incomeBeforeTax": "30877000", "incomeTaxExpense": "496000", "interestAndDebtExpense": "None", "netIncomeFromContinuingOperations": "236973000", "comprehensiveIncomeNetOfTax": "None", "ebit": "52682000", "ebitda": "144607000", "netIncome": "29136000"}, {"fiscalDateEnding": "2020-09-30", "reportedCurrency": "USD", "grossProfit": "157757000", "totalRevenue": "265721000", "costOfRevenue": "107964000", "costofGoodsAndServicesSold": "107964000", "operatingIncome": "56998000", "sellingGeneralAndAdministrative": "12726000", "researchAndDevelopment": "None", "operatingExpenses": "100759000", "investmentIncomeNet": "None", "netInterestIncome": "-22317000", "interestIncome": "2154000", "interestExpense": "24265000", "nonInterestIncome": "None", "otherNonOperatingIncome": "1948000", "depreciation": "None", "depreciationAndAmortization": "90575000", "incomeBeforeTax": "36835000", "incomeTaxExpense": "615000", "interestAndDebtExpense": "None", "netIncomeFromContinuingOperations": "239617000", "comprehensiveIncomeNetOfTax": "None", "ebit": "61544000", "ebitda": "152119000", "netIncome": "34883000"}, {"fiscalDateEnding": "2020-06-30", "reportedCurrency": "USD", "grossProfit": "144243000", "totalRevenue": "250683000", "costOfRevenue": "106440000", "costofGoodsAndServicesSold": "106440000", "operatingIncome": "39429000", "sellingGeneralAndAdministrative": "14391000", "researchAndDevelopment": "None", "operatingExpenses": "104814000", "investmentIncomeNet": "None", "netInterestIncome": "-23157000", "interestIncome": "325000", "interestExpense": "23482000", "nonInterestIncome": "None", "otherNonOperatingIncome": "325000", "depreciation": "None", "depreciationAndAmortization": "92803000", "incomeBeforeTax": "17905000", "incomeTaxExpense": "394000", "interestAndDebtExpense": "None", "netIncomeFromContinuingOperations": "239395000", "comprehensiveIncomeNetOfTax": "None", "ebit": "41387000", "ebitda": "134190000", "netIncome": "16442000"}, {"fiscalDateEnding": "2020-03-31", "reportedCurrency": "USD", "grossProfit": "164373000", "totalRevenue": "265879000", "costOfRevenue": "101506000", "costofGoodsAndServicesSold": "101506000", "operatingIncome": "61808000", "sellingGeneralAndAdministrative": "13233000", "researchAndDevelopment": "None", "operatingExpenses": "102565000", "investmentIncomeNet": "None", "netInterestIncome": "-19378000", "interestIncome": "329000", "interestExpense": "19707000", "nonInterestIncome": "None", "otherNonOperatingIncome": "329000", "depreciation": "None", "depreciationAndAmortization": "91859000", "incomeBeforeTax": "44934000", "incomeTaxExpense": "467000", "interestAndDebtExpense": "None", "netIncomeFromContinuingOperations": "228785000", "comprehensiveIncomeNetOfTax": "None", "ebit": "64259000", "ebitda": "156118000", "netIncome": "43185000"}, {"fiscalDateEnding": "2019-12-31", "reportedCurrency": "USD", "grossProfit": "164929000", "totalRevenue": "263461000", "costOfRevenue": "98532000", "costofGoodsAndServicesSold": "98532000", "operatingIncome": "69062000", "sellingGeneralAndAdministrative": "13174000", "researchAndDevelopment": "None", "operatingExpenses": "95867000", "investmentIncomeNet": "None", "netInterestIncome": "-19192000", "interestIncome": "8829000", "interestExpense": "20168000", "nonInterestIncome": "None", "otherNonOperatingIncome": "None", "depreciation": "None", "depreciationAndAmortization": "85540000", "incomeBeforeTax": "96605000", "incomeTaxExpense": "380000", "interestAndDebtExpense": "None", "netIncomeFromContinuingOperations": "96225000", "comprehensiveIncomeNetOfTax": "None", "ebit": "69638000", "ebitda": "155178000", "netIncome": "94759000"}, {"fiscalDateEnding": "2019-09-30", "reportedCurrency": "USD", "grossProfit": "159329000", "totalRevenue": "260672000", "costOfRevenue": "101343000", "costofGoodsAndServicesSold": "101343000", "operatingIncome": "42962000", "sellingGeneralAndAdministrative": "13458000", "researchAndDevelopment": "None", "operatingExpenses": "97133000", "investmentIncomeNet": "None", "netInterestIncome": "-19234000", "interestIncome": "1485000", "interestExpense": "20719000", "nonInterestIncome": "None", "otherNonOperatingIncome": "1485000", "depreciation": "None", "depreciationAndAmortization": "85814000", "incomeBeforeTax": "45095000", "incomeTaxExpense": "313000", "interestAndDebtExpense": "None", "netIncomeFromContinuingOperations": "223955000", "comprehensiveIncomeNetOfTax": "None", "ebit": "65814000", "ebitda": "151628000", "netIncome": "43508000"}, {"fiscalDateEnding": "2019-06-30", "reportedCurrency": "USD", "grossProfit": "156919000", "totalRevenue": "255761000", "costOfRevenue": "98842000", "costofGoodsAndServicesSold": "98842000", "operatingIncome": "41861000", "sellingGeneralAndAdministrative": "13261000", "researchAndDevelopment": "None", "operatingExpenses": "96040000", "investmentIncomeNet": "None", "netInterestIncome": "-19018000", "interestIncome": "331000", "interestExpense": "19349000", "nonInterestIncome": "None", "otherNonOperatingIncome": "331000", "depreciation": "None", "depreciationAndAmortization": "84646000", "incomeBeforeTax": "43770000", "incomeTaxExpense": "228000", "interestAndDebtExpense": "None", "netIncomeFromContinuingOperations": "217002000", "comprehensiveIncomeNetOfTax": "None", "ebit": "63119000", "ebitda": "147765000", "netIncome": "42282000"}, {"fiscalDateEnding": "2019-03-31", "reportedCurrency": "USD", "grossProfit": "149888000", "totalRevenue": "248567000", "costOfRevenue": "98679000", "costofGoodsAndServicesSold": "98679000", "operatingIncome": "58149000", "sellingGeneralAndAdministrative": "13308000", "researchAndDevelopment": "None", "operatingExpenses": "91739000", "investmentIncomeNet": "None", "netInterestIncome": "-20172000", "interestIncome": "1912000", "interestExpense": "20470000", "nonInterestIncome": "None", "otherNonOperatingIncome": "2210000", "depreciation": "None", "depreciationAndAmortization": "80274000", "incomeBeforeTax": "39889000", "incomeTaxExpense": "168000", "interestAndDebtExpense": "None", "netIncomeFromContinuingOperations": "-208510000", "comprehensiveIncomeNetOfTax": "None", "ebit": "60359000", "ebitda": "140633000", "netIncome": "38529000"}, {"fiscalDateEnding": "2018-12-31", "reportedCurrency": "USD", "grossProfit": "150775000", "totalRevenue": "244919000", "costOfRevenue": "94144000", "costofGoodsAndServicesSold": "94144000", "operatingIncome": "60056000", "sellingGeneralAndAdministrative": "13622000", "researchAndDevelopment": "0", "operatingExpenses": "90719000", "investmentIncomeNet": "None", "netInterestIncome": "None", "interestIncome": "None", "interestExpense": "22047000", "nonInterestIncome": "None", "otherNonOperatingIncome": "2624000", "depreciation": "None", "depreciationAndAmortization": "78677000", "incomeBeforeTax": "40633000", "incomeTaxExpense": "326000", "interestAndDebtExpense": "None", "netIncomeFromContinuingOperations": "39938000", "comprehensiveIncomeNetOfTax": "None", "ebit": "47818000", "ebitda": "126495000", "netIncome": "39196000"}, {"fiscalDateEnding": "2018-09-30", "reportedCurrency": "USD", "grossProfit": "146494000", "totalRevenue": "241770000", "costOfRevenue": "95276000", "costofGoodsAndServicesSold": "95276000", "operatingIncome": "59227000", "sellingGeneralAndAdministrative": "12618000", "researchAndDevelopment": "0", "operatingExpenses": "87267000", "investmentIncomeNet": "None", "netInterestIncome": "None", "interestIncome": "None", "interestExpense": "21235000", "nonInterestIncome": "None", "otherNonOperatingIncome": "2328000", "depreciation": "None", "depreciationAndAmortization": "76476000", "incomeBeforeTax": "40320000", "incomeTaxExpense": "330000", "interestAndDebtExpense": "None", "netIncomeFromContinuingOperations": "38823000", "comprehensiveIncomeNetOfTax": "None", "ebit": "61555000", "ebitda": "138031000", "netIncome": "38582000"}, {"fiscalDateEnding": "2018-06-30", "reportedCurrency": "USD", "grossProfit": "144511000", "totalRevenue": "237133000", "costOfRevenue": "92622000", "costofGoodsAndServicesSold": "92622000", "operatingIncome": "58496000", "sellingGeneralAndAdministrative": "12272000", "researchAndDevelopment": "0", "operatingExpenses": "86015000", "investmentIncomeNet": "None", "netInterestIncome": "None", "interestIncome": "None", "interestExpense": "20607000", "nonInterestIncome": "None", "otherNonOperatingIncome": "2363000", "depreciation": "None", "depreciationAndAmortization": "75569000", "incomeBeforeTax": "40252000", "incomeTaxExpense": "380000", "interestAndDebtExpense": "None", "netIncomeFromContinuingOperations": "40632000", "comprehensiveIncomeNetOfTax": "None", "ebit": "60859000", "ebitda": "136428000", "netIncome": "38389000"}, {"fiscalDateEnding": "2018-03-31", "reportedCurrency": "USD", "grossProfit": "139114000", "totalRevenue": "230683000", "costOfRevenue": "91569000", "costofGoodsAndServicesSold": "91569000", "operatingIncome": "58665000", "sellingGeneralAndAdministrative": "12223000", "researchAndDevelopment": "0", "operatingExpenses": "80449000", "investmentIncomeNet": "None", "netInterestIncome": "None", "interestIncome": "None", "interestExpense": "20374000", "nonInterestIncome": "None", "otherNonOperatingIncome": "2622000", "depreciation": "None", "depreciationAndAmortization": "70224000", "incomeBeforeTax": "40913000", "incomeTaxExpense": "388000", "interestAndDebtExpense": "None", "netIncomeFromContinuingOperations": "41301000", "comprehensiveIncomeNetOfTax": "None", "ebit": "61287000", "ebitda": "131511000", "netIncome": "39130000"}, {"fiscalDateEnding": "2017-12-31", "reportedCurrency": "USD", "grossProfit": "142113000", "totalRevenue": "229827000", "costOfRevenue": "87714000", "costofGoodsAndServicesSold": "87714000", "operatingIncome": "63288000", "sellingGeneralAndAdministrative": "13002000", "researchAndDevelopment": "0", "operatingExpenses": "78825000", "investmentIncomeNet": "None", "netInterestIncome": "None", "interestIncome": "None", "interestExpense": "20618000", "nonInterestIncome": "None", "otherNonOperatingIncome": "46628000", "depreciation": "None", "depreciationAndAmortization": "68193000", "incomeBeforeTax": "89298000", "incomeTaxExpense": "216000", "interestAndDebtExpense": "None", "netIncomeFromContinuingOperations": "89082000", "comprehensiveIncomeNetOfTax": "None", "ebit": "64720000", "ebitda": "132913000", "netIncome": "87989000"}, {"fiscalDateEnding": "2017-09-30", "reportedCurrency": "USD", "grossProfit": "132721000", "totalRevenue": "228178000", "costOfRevenue": "95457000", "costofGoodsAndServicesSold": "95457000", "operatingIncome": "55557000", "sellingGeneralAndAdministrative": "12266000", "researchAndDevelopment": "0", "operatingExpenses": "77164000", "investmentIncomeNet": "None", "netInterestIncome": "None", "interestIncome": "None", "interestExpense": "21210000", "nonInterestIncome": "None", "otherNonOperatingIncome": "1640000", "depreciation": "None", "depreciationAndAmortization": "67014000", "incomeBeforeTax": "35987000", "incomeTaxExpense": "512000", "interestAndDebtExpense": "None", "netIncomeFromContinuingOperations": "35475000", "comprehensiveIncomeNetOfTax": "None", "ebit": "55942000", "ebitda": "122956000", "netIncome": "34384000"}, {"fiscalDateEnding": "2017-06-30", "reportedCurrency": "USD", "grossProfit": "135502000", "totalRevenue": "223370000", "costOfRevenue": "87868000", "costofGoodsAndServicesSold": "87868000", "operatingIncome": "59960000", "sellingGeneralAndAdministrative": "12451000", "researchAndDevelopment": "0", "operatingExpenses": "75542000", "investmentIncomeNet": "None", "netInterestIncome": "None", "interestIncome": "None", "interestExpense": "21966000", "nonInterestIncome": "None", "otherNonOperatingIncome": "2345000", "depreciation": "None", "depreciationAndAmortization": "65033000", "incomeBeforeTax": "40339000", "incomeTaxExpense": "25000", "interestAndDebtExpense": "None", "netIncomeFromContinuingOperations": "40314000", "comprehensiveIncomeNetOfTax": "None", "ebit": "62305000", "ebitda": "127338000", "netIncome": "39188000"}, {"fiscalDateEnding": "2017-03-31", "reportedCurrency": "USD", "grossProfit": "132142000", "totalRevenue": "219521000", "costOfRevenue": "87379000", "costofGoodsAndServicesSold": "87379000", "operatingIncome": "57288000", "sellingGeneralAndAdministrative": "12868000", "researchAndDevelopment": "0", "operatingExpenses": "74854000", "investmentIncomeNet": "None", "netInterestIncome": "None", "interestIncome": "None", "interestExpense": "22956000", "nonInterestIncome": "None", "otherNonOperatingIncome": "2128000", "depreciation": "None", "depreciationAndAmortization": "63734000", "incomeBeforeTax": "36460000", "incomeTaxExpense": "471000", "interestAndDebtExpense": "None", "netIncomeFromContinuingOperations": "35989000", "comprehensiveIncomeNetOfTax": "None", "ebit": "59739000", "ebitda": "123473000", "netIncome": "34861000"}, {"fiscalDateEnding": "2016-12-31", "reportedCurrency": "USD", "grossProfit": "136498000", "totalRevenue": "217139000", "costOfRevenue": "80641000", "costofGoodsAndServicesSold": "80641000", "operatingIncome": "62793000", "sellingGeneralAndAdministrative": "12579000", "researchAndDevelopment": "0", "operatingExpenses": "73705000", "investmentIncomeNet": "None", "netInterestIncome": "None", "interestIncome": "None", "interestExpense": "23209000", "nonInterestIncome": "None", "otherNonOperatingIncome": "2909000", "depreciation": "None", "depreciationAndAmortization": "62767000", "incomeBeforeTax": "42493000", "incomeTaxExpense": "413000", "interestAndDebtExpense": "None", "netIncomeFromContinuingOperations": "42080000", "comprehensiveIncomeNetOfTax": "None", "ebit": "65702000", "ebitda": "128469000", "netIncome": "40893000"}, {"fiscalDateEnding": "2016-09-30", "reportedCurrency": "USD", "grossProfit": "133360000", "totalRevenue": "220235000", "costOfRevenue": "86875000", "costofGoodsAndServicesSold": "86875000", "operatingIncome": "61385000", "sellingGeneralAndAdministrative": "10810000", "researchAndDevelopment": "0", "operatingExpenses": "71975000", "investmentIncomeNet": "None", "netInterestIncome": "None", "interestIncome": "None", "interestExpense": "23076000", "nonInterestIncome": "None", "otherNonOperatingIncome": "265512000", "depreciation": "None", "depreciationAndAmortization": "62832000", "incomeBeforeTax": "303821000", "incomeTaxExpense": "400000", "interestAndDebtExpense": "None", "netIncomeFromContinuingOperations": "303421000", "comprehensiveIncomeNetOfTax": "None", "ebit": "64178000", "ebitda": "127010000", "netIncome": "290898000"}, {"fiscalDateEnding": "2016-06-30", "reportedCurrency": "USD", "grossProfit": "133907000", "totalRevenue": "221478000", "costOfRevenue": "87571000", "costofGoodsAndServicesSold": "87571000", "operatingIncome": "61439000", "sellingGeneralAndAdministrative": "11803000", "researchAndDevelopment": "0", "operatingExpenses": "72468000", "investmentIncomeNet": "None", "netInterestIncome": "None", "interestIncome": "None", "interestExpense": "23070000", "nonInterestIncome": "None", "otherNonOperatingIncome": "34139000", "depreciation": "None", "depreciationAndAmortization": "62456000", "incomeBeforeTax": "72508000", "incomeTaxExpense": "489000", "interestAndDebtExpense": "None", "netIncomeFromContinuingOperations": "72019000", "comprehensiveIncomeNetOfTax": "None", "ebit": "63343000", "ebitda": "125799000", "netIncome": "446302000"}, {"fiscalDateEnding": "2016-03-31", "reportedCurrency": "USD", "grossProfit": "132354000", "totalRevenue": "217595000", "costOfRevenue": "85241000", "costofGoodsAndServicesSold": "85241000", "operatingIncome": "36239000", "sellingGeneralAndAdministrative": "12223000", "researchAndDevelopment": "0", "operatingExpenses": "72549000", "investmentIncomeNet": "None", "netInterestIncome": "None", "interestIncome": "None", "interestExpense": "23790000", "nonInterestIncome": "None", "otherNonOperatingIncome": "2164000", "depreciation": "None", "depreciationAndAmortization": "62091000", "incomeBeforeTax": "38179000", "incomeTaxExpense": "315000", "interestAndDebtExpense": "None", "netIncomeFromContinuingOperations": "37864000", "comprehensiveIncomeNetOfTax": "None", "ebit": "61526000", "ebitda": "123617000", "netIncome": "41730000"}, {"fiscalDateEnding": "2015-12-31", "reportedCurrency": "USD", "grossProfit": "142097000", "totalRevenue": "229658000", "costOfRevenue": "87561000", "costofGoodsAndServicesSold": "87561000", "operatingIncome": "64155000", "sellingGeneralAndAdministrative": "13113000", "researchAndDevelopment": "0", "operatingExpenses": "77083000", "investmentIncomeNet": "None", "netInterestIncome": "None", "interestIncome": "None", "interestExpense": "23740000", "nonInterestIncome": "None", "otherNonOperatingIncome": "23209000", "depreciation": "None", "depreciationAndAmortization": "65886000", "incomeBeforeTax": "62340000", "incomeTaxExpense": "538000", "interestAndDebtExpense": "None", "netIncomeFromContinuingOperations": "60806000", "comprehensiveIncomeNetOfTax": "None", "ebit": "88223000", "ebitda": "154109000", "netIncome": "60593000"}, {"fiscalDateEnding": "2015-09-30", "reportedCurrency": "USD", "grossProfit": "135968000", "totalRevenue": "227185000", "costOfRevenue": "91217000", "costofGoodsAndServicesSold": "91217000", "operatingIncome": "61001000", "sellingGeneralAndAdministrative": "11790000", "researchAndDevelopment": "0", "operatingExpenses": "74967000", "investmentIncomeNet": "None", "netInterestIncome": "None", "interestIncome": "None", "interestExpense": "23265000", "nonInterestIncome": "None", "otherNonOperatingIncome": "956000", "depreciation": "None", "depreciationAndAmortization": "65079000", "incomeBeforeTax": "38692000", "incomeTaxExpense": "498000", "interestAndDebtExpense": "None", "netIncomeFromContinuingOperations": "39190000", "comprehensiveIncomeNetOfTax": "None", "ebit": "53716000", "ebitda": "118795000", "netIncome": "37044000"}, {"fiscalDateEnding": "2015-06-30", "reportedCurrency": "USD", "grossProfit": "134659000", "totalRevenue": "220651000", "costOfRevenue": "85992000", "costofGoodsAndServicesSold": "85992000", "operatingIncome": "60967000", "sellingGeneralAndAdministrative": "11582000", "researchAndDevelopment": "0", "operatingExpenses": "73692000", "investmentIncomeNet": "None", "netInterestIncome": "None", "interestIncome": "None", "interestExpense": "24411000", "nonInterestIncome": "None", "otherNonOperatingIncome": "1052000", "depreciation": "None", "depreciationAndAmortization": "63728000", "incomeBeforeTax": "37608000", "incomeTaxExpense": "407000", "interestAndDebtExpense": "None", "netIncomeFromContinuingOperations": "37201000", "comprehensiveIncomeNetOfTax": "None", "ebit": "53610000", "ebitda": "117338000", "netIncome": "36079000"}, {"fiscalDateEnding": "2015-03-31", "reportedCurrency": "USD", "grossProfit": "129985000", "totalRevenue": "215434000", "costOfRevenue": "85449000", "costofGoodsAndServicesSold": "85449000", "operatingIncome": "60270000", "sellingGeneralAndAdministrative": "9748000", "researchAndDevelopment": "0", "operatingExpenses": "69715000", "investmentIncomeNet": "None", "netInterestIncome": "None", "interestIncome": "None", "interestExpense": "24612000", "nonInterestIncome": "None", "otherNonOperatingIncome": "85836000", "depreciation": "None", "depreciationAndAmortization": "61530000", "incomeBeforeTax": "121494000", "incomeTaxExpense": "429000", "interestAndDebtExpense": "None", "netIncomeFromContinuingOperations": "121065000", "comprehensiveIncomeNetOfTax": "None", "ebit": "52939000", "ebitda": "114469000", "netIncome": "115599000"}, {"fiscalDateEnding": "2014-12-31", "reportedCurrency": "USD", "grossProfit": "132854000", "totalRevenue": "216459000", "costOfRevenue": "83605000", "costofGoodsAndServicesSold": "83605000", "operatingIncome": "53684000", "sellingGeneralAndAdministrative": "20595000", "researchAndDevelopment": "0", "operatingExpenses": "79170000", "investmentIncomeNet": "None", "netInterestIncome": "None", "interestIncome": "None", "interestExpense": "24417000", "nonInterestIncome": "None", "otherNonOperatingIncome": "156032000", "depreciation": "None", "depreciationAndAmortization": "61106000", "incomeBeforeTax": "185299000", "incomeTaxExpense": "675000", "interestAndDebtExpense": "None", "netIncomeFromContinuingOperations": "184624000", "comprehensiveIncomeNetOfTax": "None", "ebit": "54036000", "ebitda": "115142000", "netIncome": "178498000"}, {"fiscalDateEnding": "2014-09-30", "reportedCurrency": "USD", "grossProfit": "127767000", "totalRevenue": "213098000", "costOfRevenue": "85331000", "costofGoodsAndServicesSold": "85331000", "operatingIncome": "60388000", "sellingGeneralAndAdministrative": "10331000", "researchAndDevelopment": "0", "operatingExpenses": "67379000", "investmentIncomeNet": "None", "netInterestIncome": "None", "interestIncome": "None", "interestExpense": "22967000", "nonInterestIncome": "None", "otherNonOperatingIncome": "2265000", "depreciation": "None", "depreciationAndAmortization": "59179000", "incomeBeforeTax": "39686000", "incomeTaxExpense": "353000", "interestAndDebtExpense": "None", "netIncomeFromContinuingOperations": "39333000", "comprehensiveIncomeNetOfTax": "None", "ebit": "61681000", "ebitda": "120860000", "netIncome": "38283000"}, {"fiscalDateEnding": "2014-06-30", "reportedCurrency": "USD", "grossProfit": "125512000", "totalRevenue": "208492000", "costOfRevenue": "82980000", "costofGoodsAndServicesSold": "82980000", "operatingIncome": "59172000", "sellingGeneralAndAdministrative": "10534000", "researchAndDevelopment": "0", "operatingExpenses": "66340000", "investmentIncomeNet": "None", "netInterestIncome": "None", "interestIncome": "None", "interestExpense": "22746000", "nonInterestIncome": "None", "otherNonOperatingIncome": "1411000", "depreciation": "None", "depreciationAndAmortization": "57953000", "incomeBeforeTax": "36685000", "incomeTaxExpense": "401000", "interestAndDebtExpense": "None", "netIncomeFromContinuingOperations": "36284000", "comprehensiveIncomeNetOfTax": "None", "ebit": "56352000", "ebitda": "114305000", "netIncome": "35272000"}, {"fiscalDateEnding": "2014-03-31", "reportedCurrency": "USD", "grossProfit": "124507000", "totalRevenue": "205929000", "costOfRevenue": "81422000", "costofGoodsAndServicesSold": "81422000", "operatingIncome": "60589000", "sellingGeneralAndAdministrative": "9545000", "researchAndDevelopment": "0", "operatingExpenses": "63918000", "investmentIncomeNet": "None", "netInterestIncome": "None", "interestIncome": "None", "interestExpense": "23133000", "nonInterestIncome": "None", "otherNonOperatingIncome": "4091000", "depreciation": "None", "depreciationAndAmortization": "57396000", "incomeBeforeTax": "41547000", "incomeTaxExpense": "474000", "interestAndDebtExpense": "None", "netIncomeFromContinuingOperations": "41073000", "comprehensiveIncomeNetOfTax": "None", "ebit": "64680000", "ebitda": "122076000", "netIncome": "40036000"}, {"fiscalDateEnding": "2013-12-31", "reportedCurrency": "USD", "grossProfit": "125954000", "totalRevenue": "204317000", "costOfRevenue": "78363000", "costofGoodsAndServicesSold": "78363000", "operatingIncome": "61811000", "sellingGeneralAndAdministrative": "9209000", "researchAndDevelopment": "0", "operatingExpenses": "62214000", "investmentIncomeNet": "None", "netInterestIncome": "None", "interestIncome": "None", "interestExpense": "24162000", "nonInterestIncome": "None", "otherNonOperatingIncome": "3389000", "depreciation": "None", "depreciationAndAmortization": "55878000", "incomeBeforeTax": "42967000", "incomeTaxExpense": "239000", "interestAndDebtExpense": "None", "netIncomeFromContinuingOperations": "37969000", "comprehensiveIncomeNetOfTax": "None", "ebit": "65399000", "ebitda": "121277000", "netIncome": "126819000"}, {"fiscalDateEnding": "2013-09-30", "reportedCurrency": "USD", "grossProfit": "121371000", "totalRevenue": "201956000", "costOfRevenue": "80585000", "costofGoodsAndServicesSold": "80585000", "operatingIncome": "59594000", "sellingGeneralAndAdministrative": "9993000", "researchAndDevelopment": "0", "operatingExpenses": "61777000", "investmentIncomeNet": "None", "netInterestIncome": "None", "interestIncome": "None", "interestExpense": "24275000", "nonInterestIncome": "None", "otherNonOperatingIncome": "1137000", "depreciation": "None", "depreciationAndAmortization": "55788000", "incomeBeforeTax": "36456000", "incomeTaxExpense": "720000", "interestAndDebtExpense": "None", "netIncomeFromContinuingOperations": "35736000", "comprehensiveIncomeNetOfTax": "None", "ebit": "60068000", "ebitda": "115856000", "netIncome": "70720000"}, {"fiscalDateEnding": "2013-06-30", "reportedCurrency": "USD", "grossProfit": "120414000", "totalRevenue": "201527000", "costOfRevenue": "81113000", "costofGoodsAndServicesSold": "81113000", "operatingIncome": "57336000", "sellingGeneralAndAdministrative": "11590000", "researchAndDevelopment": "0", "operatingExpenses": "63078000", "investmentIncomeNet": "None", "netInterestIncome": "None", "interestIncome": "None", "interestExpense": "24797000", "nonInterestIncome": "None", "otherNonOperatingIncome": "17938000", "depreciation": "None", "depreciationAndAmortization": "54315000", "incomeBeforeTax": "50477000", "incomeTaxExpense": "468000", "interestAndDebtExpense": "None", "netIncomeFromContinuingOperations": "50009000", "comprehensiveIncomeNetOfTax": "None", "ebit": "73204000", "ebitda": "127519000", "netIncome": "72172000"}, {"fiscalDateEnding": "2013-03-31", "reportedCurrency": "USD", "grossProfit": "116583000", "totalRevenue": "196190000", "costOfRevenue": "79607000", "costofGoodsAndServicesSold": "79607000", "operatingIncome": "56428000", "sellingGeneralAndAdministrative": "9794000", "researchAndDevelopment": "0", "operatingExpenses": "60155000", "investmentIncomeNet": "None", "netInterestIncome": "None", "interestIncome": "None", "interestExpense": "24895000", "nonInterestIncome": "None", "otherNonOperatingIncome": "768000", "depreciation": "None", "depreciationAndAmortization": "53470000", "incomeBeforeTax": "32301000", "incomeTaxExpense": "399000", "interestAndDebtExpense": "None", "netIncomeFromContinuingOperations": "31902000", "comprehensiveIncomeNetOfTax": "None", "ebit": "55170000", "ebitda": "108640000", "netIncome": "63476000"}, {"fiscalDateEnding": "2012-12-31", "reportedCurrency": "USD", "grossProfit": "114853000", "totalRevenue": "191432000", "costOfRevenue": "76579000", "costofGoodsAndServicesSold": "76579000", "operatingIncome": "55309000", "sellingGeneralAndAdministrative": "9816000", "researchAndDevelopment": "0", "operatingExpenses": "59544000", "investmentIncomeNet": "None", "netInterestIncome": "None", "interestIncome": "None", "interestExpense": "25487000", "nonInterestIncome": "None", "otherNonOperatingIncome": "31869000", "depreciation": "None", "depreciationAndAmortization": "52501000", "incomeBeforeTax": "61691000", "incomeTaxExpense": "216000", "interestAndDebtExpense": "None", "netIncomeFromContinuingOperations": "54820000", "comprehensiveIncomeNetOfTax": "None", "ebit": "81997000", "ebitda": "134498000", "netIncome": "142166000"}, {"fiscalDateEnding": "2012-09-30", "reportedCurrency": "USD", "grossProfit": "96547000", "totalRevenue": "171383000", "costOfRevenue": "74836000", "costofGoodsAndServicesSold": "74836000", "operatingIncome": "30360000", "sellingGeneralAndAdministrative": "70684000", "researchAndDevelopment": "0", "operatingExpenses": "133000000", "investmentIncomeNet": "None", "netInterestIncome": "None", "interestIncome": "None", "interestExpense": "25865000", "nonInterestIncome": "None", "otherNonOperatingIncome": "2782000", "depreciation": "None", "depreciationAndAmortization": "52809000", "incomeBeforeTax": "31794000", "incomeTaxExpense": "334000", "interestAndDebtExpense": "None", "netIncomeFromContinuingOperations": "31460000", "comprehensiveIncomeNetOfTax": "None", "ebit": "54038000", "ebitda": "106847000", "netIncome": "30703000"}, {"fiscalDateEnding": "2012-06-30", "reportedCurrency": "USD", "grossProfit": "88563000", "totalRevenue": "161156000", "costOfRevenue": "72593000", "costofGoodsAndServicesSold": "72593000", "operatingIncome": "-17481000", "sellingGeneralAndAdministrative": "64959000", "researchAndDevelopment": "0", "operatingExpenses": "132000000", "investmentIncomeNet": "None", "netInterestIncome": "None", "interestIncome": "None", "interestExpense": "26247000", "nonInterestIncome": "None", "otherNonOperatingIncome": "-333000", "depreciation": "None", "depreciationAndAmortization": "53310000", "incomeBeforeTax": "23281000", "incomeTaxExpense": "434000", "interestAndDebtExpense": "None", "netIncomeFromContinuingOperations": "22847000", "comprehensiveIncomeNetOfTax": "None", "ebit": "46848000", "ebitda": "100158000", "netIncome": "21763000"}, {"fiscalDateEnding": "2012-03-31", "reportedCurrency": "USD", "grossProfit": "91475000", "totalRevenue": "161989000", "costOfRevenue": "70514000", "costofGoodsAndServicesSold": "70514000", "operatingIncome": "700", "sellingGeneralAndAdministrative": "72711000", "researchAndDevelopment": "0", "operatingExpenses": "120000000", "investmentIncomeNet": "None", "netInterestIncome": "None", "interestIncome": "None", "interestExpense": "26683000", "nonInterestIncome": "None", "otherNonOperatingIncome": "38957000", "depreciation": "None", "depreciationAndAmortization": "50304000", "incomeBeforeTax": "60434000", "incomeTaxExpense": "224000", "interestAndDebtExpense": "None", "netIncomeFromContinuingOperations": "60210000", "comprehensiveIncomeNetOfTax": "None", "ebit": "85168000", "ebitda": "135472000", "netIncome": "85907000"}, {"fiscalDateEnding": "2011-12-31", "reportedCurrency": "USD", "grossProfit": "242407000", "totalRevenue": "101595000", "costOfRevenue": "-140812000", "costofGoodsAndServicesSold": "-140812000", "operatingIncome": "22546000", "sellingGeneralAndAdministrative": "58513000", "researchAndDevelopment": "0", "operatingExpenses": "93000000", "investmentIncomeNet": "None", "netInterestIncome": "None", "interestIncome": "None", "interestExpense": "26942000", "nonInterestIncome": "None", "otherNonOperatingIncome": "2739000", "depreciation": "None", "depreciationAndAmortization": "45058000", "incomeBeforeTax": "23562000", "incomeTaxExpense": "331000", "interestAndDebtExpense": "None", "netIncomeFromContinuingOperations": "23231000", "comprehensiveIncomeNetOfTax": "None", "ebit": "50504000", "ebitda": "95562000", "netIncome": "46850000"}, {"fiscalDateEnding": "2011-09-30", "reportedCurrency": "USD", "grossProfit": "137914000", "totalRevenue": "137914000", "costOfRevenue": "73094000", "costofGoodsAndServicesSold": "73094000", "operatingIncome": "160", "sellingGeneralAndAdministrative": "59571000", "researchAndDevelopment": "0", "operatingExpenses": "119000000", "investmentIncomeNet": "None", "netInterestIncome": "None", "interestIncome": "None", "interestExpense": "27570000", "nonInterestIncome": "None", "otherNonOperatingIncome": "-2008000", "depreciation": "None", "depreciationAndAmortization": "44563000", "incomeBeforeTax": "14664000", "incomeTaxExpense": "313000", "interestAndDebtExpense": "None", "netIncomeFromContinuingOperations": "14351000", "comprehensiveIncomeNetOfTax": "None", "ebit": "41028000", "ebitda": "85591000", "netIncome": "11840000"}, {"fiscalDateEnding": "2011-06-30", "reportedCurrency": "USD", "grossProfit": "115614000", "totalRevenue": "115614000", "costOfRevenue": "65622000", "costofGoodsAndServicesSold": "65622000", "operatingIncome": "-230", "sellingGeneralAndAdministrative": "63912000", "researchAndDevelopment": "0", "operatingExpenses": "127000000", "investmentIncomeNet": "None", "netInterestIncome": "None", "interestIncome": "None", "interestExpense": "28381000", "nonInterestIncome": "None", "otherNonOperatingIncome": "4850000", "depreciation": "None", "depreciationAndAmortization": "45577000", "incomeBeforeTax": "-13799000", "incomeTaxExpense": "256000", "interestAndDebtExpense": "None", "netIncomeFromContinuingOperations": "-14055000", "comprehensiveIncomeNetOfTax": "None", "ebit": "13687000", "ebitda": "59264000", "netIncome": "-14847000"}, {"fiscalDateEnding": "2011-03-31", "reportedCurrency": "USD", "grossProfit": "143973000", "totalRevenue": "143973000", "costOfRevenue": "69251000", "costofGoodsAndServicesSold": "69251000", "operatingIncome": "100", "sellingGeneralAndAdministrative": "68506000", "researchAndDevelopment": "0", "operatingExpenses": "132000000", "investmentIncomeNet": "None", "netInterestIncome": "None", "interestIncome": "None", "interestExpense": "29737000", "nonInterestIncome": "None", "otherNonOperatingIncome": "4754000", "depreciation": "None", "depreciationAndAmortization": "46593000", "incomeBeforeTax": "10921000", "incomeTaxExpense": "1320000", "interestAndDebtExpense": "None", "netIncomeFromContinuingOperations": "9601000", "comprehensiveIncomeNetOfTax": "None", "ebit": "39866000", "ebitda": "86459000", "netIncome": "7286000"}, {"fiscalDateEnding": "2010-12-31", "reportedCurrency": "USD", "grossProfit": "20362000", "totalRevenue": "131918000", "costOfRevenue": "111556000", "costofGoodsAndServicesSold": "111556000", "operatingIncome": "18047000", "sellingGeneralAndAdministrative": "51623000", "researchAndDevelopment": "0", "operatingExpenses": "94000000", "investmentIncomeNet": "None", "netInterestIncome": "None", "interestIncome": "None", "interestExpense": "30815000", "nonInterestIncome": "None", "otherNonOperatingIncome": "None", "depreciation": "None", "depreciationAndAmortization": "45046000", "incomeBeforeTax": "7196000", "incomeTaxExpense": "295000", "interestAndDebtExpense": "None", "netIncomeFromContinuingOperations": "0", "comprehensiveIncomeNetOfTax": "None", "ebit": "38011000", "ebitda": "83057000", "netIncome": "17147000"}, {"fiscalDateEnding": "2010-09-30", "reportedCurrency": "USD", "grossProfit": "134009000", "totalRevenue": "134009000", "costOfRevenue": "69036000", "costofGoodsAndServicesSold": "69036000", "operatingIncome": "20", "sellingGeneralAndAdministrative": "67860000", "researchAndDevelopment": "0", "operatingExpenses": "128000000", "investmentIncomeNet": "None", "netInterestIncome": "None", "interestIncome": "None", "interestExpense": "31781000", "nonInterestIncome": "None", "otherNonOperatingIncome": "-978000", "depreciation": "None", "depreciationAndAmortization": "43432000", "incomeBeforeTax": "4218000", "incomeTaxExpense": "712000", "interestAndDebtExpense": "None", "netIncomeFromContinuingOperations": "3506000", "comprehensiveIncomeNetOfTax": "None", "ebit": "35244000", "ebitda": "78676000", "netIncome": "3400000"}, {"fiscalDateEnding": "2010-06-30", "reportedCurrency": "USD", "grossProfit": "120655000", "totalRevenue": "120655000", "costOfRevenue": "67508000", "costofGoodsAndServicesSold": "67508000", "operatingIncome": "30", "sellingGeneralAndAdministrative": "57909000", "researchAndDevelopment": "0", "operatingExpenses": "115000000", "investmentIncomeNet": "None", "netInterestIncome": "None", "interestIncome": "None", "interestExpense": "31742000", "nonInterestIncome": "None", "otherNonOperatingIncome": "-4239000", "depreciation": "None", "depreciationAndAmortization": "42480000", "incomeBeforeTax": "4291000", "incomeTaxExpense": "304000", "interestAndDebtExpense": "None", "netIncomeFromContinuingOperations": "3987000", "comprehensiveIncomeNetOfTax": "None", "ebit": "35330000", "ebitda": "77810000", "netIncome": "3884000"}, {"fiscalDateEnding": "2010-03-31", "reportedCurrency": "USD", "grossProfit": "129016000", "totalRevenue": "129016000", "costOfRevenue": "122078000", "costofGoodsAndServicesSold": "122078000", "operatingIncome": "2285000", "sellingGeneralAndAdministrative": "58394000", "researchAndDevelopment": "0", "operatingExpenses": "123000000", "investmentIncomeNet": "None", "netInterestIncome": "None", "interestIncome": "None", "interestExpense": "31555000", "nonInterestIncome": "None", "otherNonOperatingIncome": "None", "depreciation": "None", "depreciationAndAmortization": "43507000", "incomeBeforeTax": "4051000", "incomeTaxExpense": "270000", "interestAndDebtExpense": "None", "netIncomeFromContinuingOperations": "0", "comprehensiveIncomeNetOfTax": "None", "ebit": "34908000", "ebitda": "78415000", "netIncome": "4035000"}, {"fiscalDateEnding": "2009-12-31", "reportedCurrency": "USD", "grossProfit": "29089000", "totalRevenue": "127365000", "costOfRevenue": "98276000", "costofGoodsAndServicesSold": "98276000", "operatingIncome": "-62431000", "sellingGeneralAndAdministrative": "190403000", "researchAndDevelopment": "0", "operatingExpenses": "108000000", "investmentIncomeNet": "None", "netInterestIncome": "None", "interestIncome": "None", "interestExpense": "30932000", "nonInterestIncome": "None", "otherNonOperatingIncome": "None", "depreciation": "None", "depreciationAndAmortization": "43618000", "incomeBeforeTax": "-79449000", "incomeTaxExpense": "195000", "interestAndDebtExpense": "None", "netIncomeFromContinuingOperations": "0", "comprehensiveIncomeNetOfTax": "None", "ebit": "-48216000", "ebitda": "-4598000", "netIncome": "-77536000"}, {"fiscalDateEnding": "2009-09-30", "reportedCurrency": "USD", "grossProfit": "135851000", "totalRevenue": "135851000", "costOfRevenue": "116051000", "costofGoodsAndServicesSold": "116051000", "operatingIncome": "4013000", "sellingGeneralAndAdministrative": "12983000", "researchAndDevelopment": "0", "operatingExpenses": "129000000", "investmentIncomeNet": "None", "netInterestIncome": "None", "interestIncome": "None", "interestExpense": "31117000", "nonInterestIncome": "None", "otherNonOperatingIncome": "None", "depreciation": "None", "depreciationAndAmortization": "42596000", "incomeBeforeTax": "6394000", "incomeTaxExpense": "126000", "interestAndDebtExpense": "None", "netIncomeFromContinuingOperations": "0", "comprehensiveIncomeNetOfTax": "None", "ebit": "37257000", "ebitda": "79853000", "netIncome": "5687000"}, {"fiscalDateEnding": "2009-06-30", "reportedCurrency": "USD", "grossProfit": "134456000", "totalRevenue": "134456000", "costOfRevenue": "119378000", "costofGoodsAndServicesSold": "119378000", "operatingIncome": "10", "sellingGeneralAndAdministrative": "13091000", "researchAndDevelopment": "0", "operatingExpenses": "128000000", "investmentIncomeNet": "None", "netInterestIncome": "None", "interestIncome": "None", "interestExpense": "34002000", "nonInterestIncome": "None", "otherNonOperatingIncome": "None", "depreciation": "None", "depreciationAndAmortization": "43141000", "incomeBeforeTax": "3372000", "incomeTaxExpense": "347000", "interestAndDebtExpense": "None", "netIncomeFromContinuingOperations": "0", "comprehensiveIncomeNetOfTax": "None", "ebit": "37481000", "ebitda": "80622000", "netIncome": "18315000"}, {"fiscalDateEnding": "2009-03-31", "reportedCurrency": "USD", "grossProfit": "125151000", "totalRevenue": "125151000", "costOfRevenue": "118417000", "costofGoodsAndServicesSold": "118417000", "operatingIncome": "6170000", "sellingGeneralAndAdministrative": "14296000", "researchAndDevelopment": "0", "operatingExpenses": "116000000", "investmentIncomeNet": "None", "netInterestIncome": "None", "interestIncome": "None", "interestExpense": "32245000", "nonInterestIncome": "None", "otherNonOperatingIncome": "None", "depreciation": "None", "depreciationAndAmortization": "43060000", "incomeBeforeTax": "6469000", "incomeTaxExpense": "299000", "interestAndDebtExpense": "None", "netIncomeFromContinuingOperations": "0", "comprehensiveIncomeNetOfTax": "None", "ebit": "41294000", "ebitda": "84354000", "netIncome": "6234000"}, {"fiscalDateEnding": "2008-12-31", "reportedCurrency": "USD", "grossProfit": "16989000", "totalRevenue": "119564000", "costOfRevenue": "102575000", "costofGoodsAndServicesSold": "102575000", "operatingIncome": "-13705000", "sellingGeneralAndAdministrative": "169103000", "researchAndDevelopment": "0", "operatingExpenses": "78000000", "investmentIncomeNet": "None", "netInterestIncome": "None", "interestIncome": "None", "interestExpense": "33702000", "nonInterestIncome": "None", "otherNonOperatingIncome": "None", "depreciation": "None", "depreciationAndAmortization": "42690000", "incomeBeforeTax": "-36272000", "incomeTaxExpense": "327000", "interestAndDebtExpense": "None", "netIncomeFromContinuingOperations": "0", "comprehensiveIncomeNetOfTax": "None", "ebit": "-2570000", "ebitda": "40120000", "netIncome": "-45961000"}, {"fiscalDateEnding": "2008-09-30", "reportedCurrency": "USD", "grossProfit": "124784000", "totalRevenue": "124784000", "costOfRevenue": "103527000", "costofGoodsAndServicesSold": "103527000", "operatingIncome": "7924000", "sellingGeneralAndAdministrative": "7513000", "researchAndDevelopment": "0", "operatingExpenses": "131000000", "investmentIncomeNet": "None", "netInterestIncome": "None", "interestIncome": "None", "interestExpense": "32838000", "nonInterestIncome": "None", "otherNonOperatingIncome": "None", "depreciation": "None", "depreciationAndAmortization": "41204000", "incomeBeforeTax": "8007000", "incomeTaxExpense": "83000", "interestAndDebtExpense": "None", "netIncomeFromContinuingOperations": "0", "comprehensiveIncomeNetOfTax": "None", "ebit": "45809000", "ebitda": "87013000", "netIncome": "73673000"}, {"fiscalDateEnding": "2008-06-30", "reportedCurrency": "USD", "grossProfit": "130146000", "totalRevenue": "130146000", "costOfRevenue": "116630000", "costofGoodsAndServicesSold": "116630000", "operatingIncome": "8082000", "sellingGeneralAndAdministrative": "8414000", "researchAndDevelopment": "0", "operatingExpenses": "117000000", "investmentIncomeNet": "None", "netInterestIncome": "None", "interestIncome": "None", "interestExpense": "33378000", "nonInterestIncome": "None", "otherNonOperatingIncome": "None", "depreciation": "None", "depreciationAndAmortization": "43288000", "incomeBeforeTax": "8242000", "incomeTaxExpense": "160000", "interestAndDebtExpense": "None", "netIncomeFromContinuingOperations": "0", "comprehensiveIncomeNetOfTax": "None", "ebit": "43257000", "ebitda": "86545000", "netIncome": "17294000"}, {"fiscalDateEnding": "2008-03-31", "reportedCurrency": "USD", "grossProfit": "2521000", "totalRevenue": "120325000", "costOfRevenue": "117804000", "costofGoodsAndServicesSold": "117804000", "operatingIncome": "8560000", "sellingGeneralAndAdministrative": "7960000", "researchAndDevelopment": "0", "operatingExpenses": "105000000", "investmentIncomeNet": "None", "netInterestIncome": "None", "interestIncome": "None", "interestExpense": "32661000", "nonInterestIncome": "None", "otherNonOperatingIncome": "None", "depreciation": "None", "depreciationAndAmortization": "41969000", "incomeBeforeTax": "8833000", "incomeTaxExpense": "273000", "interestAndDebtExpense": "None", "netIncomeFromContinuingOperations": "0", "comprehensiveIncomeNetOfTax": "None", "ebit": "15458000", "ebitda": "57427000", "netIncome": "14915000"}, {"fiscalDateEnding": "2007-12-31", "reportedCurrency": "USD", "grossProfit": "68060000", "totalRevenue": "126791000", "costOfRevenue": "58731000", "costofGoodsAndServicesSold": "58731000", "operatingIncome": "47078000", "sellingGeneralAndAdministrative": "201400000", "researchAndDevelopment": "0", "operatingExpenses": "106000000", "investmentIncomeNet": "None", "netInterestIncome": "None", "interestIncome": "None", "interestExpense": "31475000", "nonInterestIncome": "None", "otherNonOperatingIncome": "None", "depreciation": "None", "depreciationAndAmortization": "26330000", "incomeBeforeTax": "12767000", "incomeTaxExpense": "478000", "interestAndDebtExpense": "None", "netIncomeFromContinuingOperations": "0", "comprehensiveIncomeNetOfTax": "None", "ebit": "44242000", "ebitda": "70572000", "netIncome": "69247000"}, {"fiscalDateEnding": "2007-09-30", "reportedCurrency": "USD", "grossProfit": "10565000", "totalRevenue": "132321000", "costOfRevenue": "121756000", "costofGoodsAndServicesSold": "121756000", "operatingIncome": "9819000", "sellingGeneralAndAdministrative": "8110000", "researchAndDevelopment": "0", "operatingExpenses": "111000000", "investmentIncomeNet": "None", "netInterestIncome": "None", "interestIncome": "None", "interestExpense": "27737000", "nonInterestIncome": "None", "otherNonOperatingIncome": "None", "depreciation": "None", "depreciationAndAmortization": "45130000", "incomeBeforeTax": "10172000", "incomeTaxExpense": "353000", "interestAndDebtExpense": "None", "netIncomeFromContinuingOperations": "0", "comprehensiveIncomeNetOfTax": "None", "ebit": "28938000", "ebitda": "74068000", "netIncome": "11852000"}, {"fiscalDateEnding": "2007-06-30", "reportedCurrency": "USD", "grossProfit": "19725000", "totalRevenue": "131831000", "costOfRevenue": "112106000", "costofGoodsAndServicesSold": "112106000", "operatingIncome": "13794000", "sellingGeneralAndAdministrative": "7912000", "researchAndDevelopment": "0", "operatingExpenses": "113000000", "investmentIncomeNet": "None", "netInterestIncome": "None", "interestIncome": "None", "interestExpense": "29279000", "nonInterestIncome": "None", "otherNonOperatingIncome": "None", "depreciation": "None", "depreciationAndAmortization": "42717000", "incomeBeforeTax": "14110000", "incomeTaxExpense": "316000", "interestAndDebtExpense": "None", "netIncomeFromContinuingOperations": "0", "comprehensiveIncomeNetOfTax": "None", "ebit": "43389000", "ebitda": "86106000", "netIncome": "42592000"}, {"fiscalDateEnding": "2007-03-31", "reportedCurrency": "USD", "grossProfit": "17767000", "totalRevenue": "131729000", "costOfRevenue": "113962000", "costofGoodsAndServicesSold": "113962000", "operatingIncome": "12244000", "sellingGeneralAndAdministrative": "8054000", "researchAndDevelopment": "0", "operatingExpenses": "111000000", "investmentIncomeNet": "None", "netInterestIncome": "None", "interestIncome": "None", "interestExpense": "27908000", "nonInterestIncome": "None", "otherNonOperatingIncome": "None", "depreciation": "None", "depreciationAndAmortization": "42960000", "incomeBeforeTax": "14149000", "incomeTaxExpense": "1905000", "interestAndDebtExpense": "None", "netIncomeFromContinuingOperations": "0", "comprehensiveIncomeNetOfTax": "None", "ebit": "42057000", "ebitda": "85017000", "netIncome": "13037000"}, {"fiscalDateEnding": "2006-12-31", "reportedCurrency": "USD", "grossProfit": "164207000", "totalRevenue": "155314000", "costOfRevenue": "-8893000", "costofGoodsAndServicesSold": "-8893000", "operatingIncome": "128968000", "sellingGeneralAndAdministrative": "65572000", "researchAndDevelopment": "0", "operatingExpenses": "99000000", "investmentIncomeNet": "None", "netInterestIncome": "None", "interestIncome": "None", "interestExpense": "26752000", "nonInterestIncome": "None", "otherNonOperatingIncome": "None", "depreciation": "None", "depreciationAndAmortization": "40565000", "incomeBeforeTax": "34360000", "incomeTaxExpense": "105280000", "interestAndDebtExpense": "None", "netIncomeFromContinuingOperations": "0", "comprehensiveIncomeNetOfTax": "None", "ebit": "61112000", "ebitda": "101677000", "netIncome": "31364000"}, {"fiscalDateEnding": "2006-09-30", "reportedCurrency": "USD", "grossProfit": "93857000", "totalRevenue": "218159000", "costOfRevenue": "124302000", "costofGoodsAndServicesSold": "124302000", "operatingIncome": "96202000", "sellingGeneralAndAdministrative": "65900000", "researchAndDevelopment": "0", "operatingExpenses": "120000000", "investmentIncomeNet": "None", "netInterestIncome": "None", "interestIncome": "None", "interestExpense": "29176000", "nonInterestIncome": "None", "otherNonOperatingIncome": "None", "depreciation": "None", "depreciationAndAmortization": "34708000", "incomeBeforeTax": "96202000", "incomeTaxExpense": "51212000", "interestAndDebtExpense": "None", "netIncomeFromContinuingOperations": "0", "comprehensiveIncomeNetOfTax": "None", "ebit": "131069000", "ebitda": "165777000", "netIncome": "125457000"}, {"fiscalDateEnding": "2006-06-30", "reportedCurrency": "USD", "grossProfit": "4475000", "totalRevenue": "130235000", "costOfRevenue": "125760000", "costofGoodsAndServicesSold": "125760000", "operatingIncome": "9765000", "sellingGeneralAndAdministrative": "8036000", "researchAndDevelopment": "0", "operatingExpenses": "113000000", "investmentIncomeNet": "None", "netInterestIncome": "None", "interestIncome": "None", "interestExpense": "31379000", "nonInterestIncome": "None", "otherNonOperatingIncome": "None", "depreciation": "None", "depreciationAndAmortization": "44205000", "incomeBeforeTax": "34582000", "incomeTaxExpense": "56196000", "interestAndDebtExpense": "None", "netIncomeFromContinuingOperations": "0", "comprehensiveIncomeNetOfTax": "None", "ebit": "65961000", "ebitda": "110166000", "netIncome": "34582000"}, {"fiscalDateEnding": "2006-03-31", "reportedCurrency": "USD", "grossProfit": "-354000", "totalRevenue": "118895000", "costOfRevenue": "119249000", "costofGoodsAndServicesSold": "119249000", "operatingIncome": "10883000", "sellingGeneralAndAdministrative": "7414000", "researchAndDevelopment": "0", "operatingExpenses": "105000000", "investmentIncomeNet": "None", "netInterestIncome": "None", "interestIncome": "None", "interestExpense": "31037000", "nonInterestIncome": "None", "otherNonOperatingIncome": "None", "depreciation": "None", "depreciationAndAmortization": "40382000", "incomeBeforeTax": "41443000", "incomeTaxExpense": "61597000", "interestAndDebtExpense": "None", "netIncomeFromContinuingOperations": "0", "comprehensiveIncomeNetOfTax": "None", "ebit": "72480000", "ebitda": "112862000", "netIncome": "41443000"}, {"fiscalDateEnding": "2005-12-31", "reportedCurrency": "USD", "grossProfit": "105648000", "totalRevenue": "105648000", "costOfRevenue": "114091000", "costofGoodsAndServicesSold": "114091000", "operatingIncome": "43019000", "sellingGeneralAndAdministrative": "176879000", "researchAndDevelopment": "0", "operatingExpenses": "77000000", "investmentIncomeNet": "None", "netInterestIncome": "None", "interestIncome": "None", "interestExpense": "30132000", "nonInterestIncome": "None", "otherNonOperatingIncome": "None", "depreciation": "None", "depreciationAndAmortization": "35360000", "incomeBeforeTax": "13034000", "incomeTaxExpense": "30132000", "interestAndDebtExpense": "None", "netIncomeFromContinuingOperations": "0", "comprehensiveIncomeNetOfTax": "None", "ebit": "43019000", "ebitda": "78379000", "netIncome": "12887000"}, {"fiscalDateEnding": "2005-09-30", "reportedCurrency": "USD", "grossProfit": "2110000", "totalRevenue": "113752000", "costOfRevenue": "111642000", "costofGoodsAndServicesSold": "111642000", "operatingIncome": "-3020000", "sellingGeneralAndAdministrative": "6183000", "researchAndDevelopment": "0", "operatingExpenses": "114000000", "investmentIncomeNet": "None", "netInterestIncome": "None", "interestIncome": "None", "interestExpense": "29331000", "nonInterestIncome": "None", "otherNonOperatingIncome": "None", "depreciation": "None", "depreciationAndAmortization": "47697000", "incomeBeforeTax": "-2317000", "incomeTaxExpense": "30034000", "interestAndDebtExpense": "None", "netIncomeFromContinuingOperations": "0", "comprehensiveIncomeNetOfTax": "None", "ebit": "-5143000", "ebitda": "42554000", "netIncome": "-2317000"}, {"fiscalDateEnding": "2005-06-30", "reportedCurrency": "USD", "grossProfit": "4423000", "totalRevenue": "114267000", "costOfRevenue": "109844000", "costofGoodsAndServicesSold": "109844000", "operatingIncome": "-272000", "sellingGeneralAndAdministrative": "6558000", "researchAndDevelopment": "0", "operatingExpenses": "110000000", "investmentIncomeNet": "None", "netInterestIncome": "None", "interestIncome": "None", "interestExpense": "28584000", "nonInterestIncome": "None", "otherNonOperatingIncome": "None", "depreciation": "None", "depreciationAndAmortization": "47836000", "incomeBeforeTax": "21852000", "incomeTaxExpense": "50708000", "interestAndDebtExpense": "None", "netIncomeFromContinuingOperations": "0", "comprehensiveIncomeNetOfTax": "None", "ebit": "28712000", "ebitda": "76548000", "netIncome": "128000"}, {"fiscalDateEnding": "2005-03-31", "reportedCurrency": "USD", "grossProfit": "165832000", "totalRevenue": "260606000", "costOfRevenue": "94774000", "costofGoodsAndServicesSold": "94774000", "operatingIncome": "151358000", "sellingGeneralAndAdministrative": "5276000", "researchAndDevelopment": "0", "operatingExpenses": "86000000", "investmentIncomeNet": "None", "netInterestIncome": "None", "interestIncome": "None", "interestExpense": "23501000", "nonInterestIncome": "None", "otherNonOperatingIncome": "None", "depreciation": "None", "depreciationAndAmortization": "40361000", "incomeBeforeTax": "166664000", "incomeTaxExpense": "38807000", "interestAndDebtExpense": "None", "netIncomeFromContinuingOperations": "0", "comprehensiveIncomeNetOfTax": "None", "ebit": "190165000", "ebitda": "230526000", "netIncome": "166664000"}, {"fiscalDateEnding": "2004-12-31", "reportedCurrency": "USD", "grossProfit": "82710000", "totalRevenue": "82710000", "costOfRevenue": "74814000", "costofGoodsAndServicesSold": "74814000", "operatingIncome": "38005000", "sellingGeneralAndAdministrative": "145956000", "researchAndDevelopment": "0", "operatingExpenses": "-44705000", "investmentIncomeNet": "None", "netInterestIncome": "None", "interestIncome": "None", "interestExpense": "19513000", "nonInterestIncome": "None", "otherNonOperatingIncome": "None", "depreciation": "None", "depreciationAndAmortization": "20979000", "incomeBeforeTax": "11032000", "incomeTaxExpense": "19513000", "interestAndDebtExpense": "None", "netIncomeFromContinuingOperations": "0", "comprehensiveIncomeNetOfTax": "None", "ebit": "38005000", "ebitda": "58984000", "netIncome": "18492000"}]}