{"symbol": "XEL", "annualReports": [{"fiscalDateEnding": "2024-12-31", "reportedCurrency": "USD", "grossProfit": "6148000000", "totalRevenue": "13441000000", "costOfRevenue": "7293000000", "costofGoodsAndServicesSold": "7293000000", "operatingIncome": "2386000000", "sellingGeneralAndAdministrative": "None", "researchAndDevelopment": "None", "operatingExpenses": "3762000000", "investmentIncomeNet": "None", "netInterestIncome": "-1182000000", "interestIncome": "None", "interestExpense": "1182000000", "nonInterestIncome": "None", "otherNonOperatingIncome": "None", "depreciation": "None", "depreciationAndAmortization": "2744000000", "incomeBeforeTax": "1534000000", "incomeTaxExpense": "-402000000", "interestAndDebtExpense": "None", "netIncomeFromContinuingOperations": "1936000000", "comprehensiveIncomeNetOfTax": "None", "ebit": "2789000000", "ebitda": "5533000000", "netIncome": "1936000000"}, {"fiscalDateEnding": "2023-12-31", "reportedCurrency": "USD", "grossProfit": "5934000000", "totalRevenue": "14206000000", "costOfRevenue": "8272000000", "costofGoodsAndServicesSold": "8272000000", "operatingIncome": "2481000000", "sellingGeneralAndAdministrative": "None", "researchAndDevelopment": "None", "operatingExpenses": "3453000000", "investmentIncomeNet": "None", "netInterestIncome": "-1004000000", "interestIncome": "None", "interestExpense": "1004000000", "nonInterestIncome": "None", "otherNonOperatingIncome": "None", "depreciation": "None", "depreciationAndAmortization": "2567000000", "incomeBeforeTax": "1625000000", "incomeTaxExpense": "-146000000", "interestAndDebtExpense": "None", "netIncomeFromContinuingOperations": "1771000000", "comprehensiveIncomeNetOfTax": "None", "ebit": "2629000000", "ebitda": "5196000000", "netIncome": "1771000000"}, {"fiscalDateEnding": "2022-12-31", "reportedCurrency": "USD", "grossProfit": "5860000000", "totalRevenue": "15310000000", "costOfRevenue": "9450000000", "costofGoodsAndServicesSold": "9450000000", "operatingIncome": "2428000000", "sellingGeneralAndAdministrative": "688000000", "researchAndDevelopment": "None", "operatingExpenses": "3432000000", "investmentIncomeNet": "None", "netInterestIncome": "-925000000", "interestIncome": "None", "interestExpense": "893000000", "nonInterestIncome": "None", "otherNonOperatingIncome": "98000000", "depreciation": "None", "depreciationAndAmortization": "2554000000", "incomeBeforeTax": "1601000000", "incomeTaxExpense": "-135000000", "interestAndDebtExpense": "None", "netIncomeFromContinuingOperations": "1736000000", "comprehensiveIncomeNetOfTax": "None", "ebit": "2459000000", "ebitda": "5013000000", "netIncome": "1736000000"}, {"fiscalDateEnding": "2021-12-31", "reportedCurrency": "USD", "grossProfit": "5258000000", "totalRevenue": "13431000000", "costOfRevenue": "8173000000", "costofGoodsAndServicesSold": "8173000000", "operatingIncome": "2203000000", "sellingGeneralAndAdministrative": "630000000", "researchAndDevelopment": "None", "operatingExpenses": "3055000000", "investmentIncomeNet": "None", "netInterestIncome": "-816000000", "interestIncome": "None", "interestExpense": "816000000", "nonInterestIncome": "None", "otherNonOperatingIncome": "140000000", "depreciation": "None", "depreciationAndAmortization": "2257000000", "incomeBeforeTax": "1527000000", "incomeTaxExpense": "-70000000", "interestAndDebtExpense": "None", "netIncomeFromContinuingOperations": "1597000000", "comprehensiveIncomeNetOfTax": "None", "ebit": "2205000000", "ebitda": "4462000000", "netIncome": "1597000000"}, {"fiscalDateEnding": "2020-12-31", "reportedCurrency": "USD", "grossProfit": "4964000000", "totalRevenue": "11526000000", "costOfRevenue": "6562000000", "costofGoodsAndServicesSold": "6562000000", "operatingIncome": "2116000000", "sellingGeneralAndAdministrative": "612000000", "researchAndDevelopment": "None", "operatingExpenses": "2848000000", "investmentIncomeNet": "None", "netInterestIncome": "-798000000", "interestIncome": "None", "interestExpense": "798000000", "nonInterestIncome": "None", "otherNonOperatingIncome": "149000000", "depreciation": "None", "depreciationAndAmortization": "2082000000", "incomeBeforeTax": "1467000000", "incomeTaxExpense": "-6000000", "interestAndDebtExpense": "None", "netIncomeFromContinuingOperations": "1473000000", "comprehensiveIncomeNetOfTax": "None", "ebit": "2108000000", "ebitda": "4190000000", "netIncome": "1473000000"}, {"fiscalDateEnding": "2019-12-31", "reportedCurrency": "USD", "grossProfit": "4723000000", "totalRevenue": "11529000000", "costOfRevenue": "6806000000", "costofGoodsAndServicesSold": "6806000000", "operatingIncome": "2104000000", "sellingGeneralAndAdministrative": "569000000", "researchAndDevelopment": "None", "operatingExpenses": "2619000000", "investmentIncomeNet": "None", "netInterestIncome": "-736000000", "interestIncome": "671000000", "interestExpense": "710000000", "nonInterestIncome": "None", "otherNonOperatingIncome": "132000000", "depreciation": "None", "depreciationAndAmortization": "1884000000", "incomeBeforeTax": "1500000000", "incomeTaxExpense": "128000000", "interestAndDebtExpense": "None", "netIncomeFromContinuingOperations": "1372000000", "comprehensiveIncomeNetOfTax": "None", "ebit": "2232000000", "ebitda": "4116000000", "netIncome": "1372000000"}, {"fiscalDateEnding": "2018-12-31", "reportedCurrency": "USD", "grossProfit": "4453000000", "totalRevenue": "11537000000", "costOfRevenue": "7084000000", "costofGoodsAndServicesSold": "7084000000", "operatingIncome": "1965000000", "sellingGeneralAndAdministrative": "846000000", "researchAndDevelopment": "0", "operatingExpenses": "2488000000", "investmentIncomeNet": "None", "netInterestIncome": "-652000000", "interestIncome": "592000000", "interestExpense": "627000000", "nonInterestIncome": "None", "otherNonOperatingIncome": "129000000", "depreciation": "None", "depreciationAndAmortization": "1764000000", "incomeBeforeTax": "1442000000", "incomeTaxExpense": "181000000", "interestAndDebtExpense": "None", "netIncomeFromContinuingOperations": "1261000000", "comprehensiveIncomeNetOfTax": "None", "ebit": "2090000000", "ebitda": "3854000000", "netIncome": "1261000000"}, {"fiscalDateEnding": "2017-12-31", "reportedCurrency": "USD", "grossProfit": "4487000000", "totalRevenue": "11404000000", "costOfRevenue": "6917000000", "costofGoodsAndServicesSold": "6917000000", "operatingIncome": "2190000000", "sellingGeneralAndAdministrative": "3000000", "researchAndDevelopment": "0", "operatingExpenses": "2297000000", "investmentIncomeNet": "None", "netInterestIncome": "-609000000", "interestIncome": "19000000", "interestExpense": "604000000", "nonInterestIncome": "None", "otherNonOperatingIncome": "128000000", "depreciation": "None", "depreciationAndAmortization": "1593000000", "incomeBeforeTax": "1690000000", "incomeTaxExpense": "542000000", "interestAndDebtExpense": "None", "netIncomeFromContinuingOperations": "1148000000", "comprehensiveIncomeNetOfTax": "None", "ebit": "2313000000", "ebitda": "3906000000", "netIncome": "1148000000"}, {"fiscalDateEnding": "2016-12-31", "reportedCurrency": "USD", "grossProfit": "4293913000", "totalRevenue": "11106920000", "costOfRevenue": "6813007000", "costofGoodsAndServicesSold": "6813007000", "operatingIncome": "2213855000", "sellingGeneralAndAdministrative": "3373000", "researchAndDevelopment": "0", "operatingExpenses": "2080058000", "investmentIncomeNet": "None", "netInterestIncome": "-611537000", "interestIncome": "8342000", "interestExpense": "594709000", "nonInterestIncome": "None", "otherNonOperatingIncome": "110620000", "depreciation": "None", "depreciationAndAmortization": "1424039000", "incomeBeforeTax": "1704596000", "incomeTaxExpense": "581217000", "interestAndDebtExpense": "None", "netIncomeFromContinuingOperations": "1123379000", "comprehensiveIncomeNetOfTax": "None", "ebit": "2318616000", "ebitda": "3742655000", "netIncome": "1123379000"}, {"fiscalDateEnding": "2015-12-31", "reportedCurrency": "USD", "grossProfit": "3990853000", "totalRevenue": "11024486000", "costOfRevenue": "7033633000", "costofGoodsAndServicesSold": "7033633000", "operatingIncome": "2000512000", "sellingGeneralAndAdministrative": "3851000", "researchAndDevelopment": "0", "operatingExpenses": "1990341000", "investmentIncomeNet": "None", "netInterestIncome": "None", "interestIncome": "504732000", "interestExpense": "544859000", "nonInterestIncome": "None", "otherNonOperatingIncome": "95726000", "depreciation": "None", "depreciationAndAmortization": "1124524000", "incomeBeforeTax": "1527204000", "incomeTaxExpense": "542719000", "interestAndDebtExpense": "None", "netIncomeFromContinuingOperations": "984485000", "comprehensiveIncomeNetOfTax": "None", "ebit": "2124476000", "ebitda": "3249000000", "netIncome": "984485000"}, {"fiscalDateEnding": "2014-12-31", "reportedCurrency": "USD", "grossProfit": "3734783000", "totalRevenue": "11686135000", "costOfRevenue": "7951352000", "costofGoodsAndServicesSold": "7951352000", "operatingIncome": "1948130000", "sellingGeneralAndAdministrative": "6923000", "researchAndDevelopment": "0", "operatingExpenses": "1786653000", "investmentIncomeNet": "None", "netInterestIncome": "None", "interestIncome": "None", "interestExpense": "505220000", "nonInterestIncome": "None", "otherNonOperatingIncome": "125197000", "depreciation": "None", "depreciationAndAmortization": "1019045000", "incomeBeforeTax": "1545121000", "incomeTaxExpense": "523815000", "interestAndDebtExpense": "None", "netIncomeFromContinuingOperations": "1021306000", "comprehensiveIncomeNetOfTax": "None", "ebit": "2080142000", "ebitda": "3099187000", "netIncome": "1021306000"}, {"fiscalDateEnding": "2013-12-31", "reportedCurrency": "USD", "grossProfit": "3506644000", "totalRevenue": "10914922000", "costOfRevenue": "7408278000", "costofGoodsAndServicesSold": "7408278000", "operatingIncome": "1847555000", "sellingGeneralAndAdministrative": "8292000", "researchAndDevelopment": "0", "operatingExpenses": "1659089000", "investmentIncomeNet": "None", "netInterestIncome": "None", "interestIncome": "None", "interestExpense": "505885000", "nonInterestIncome": "None", "otherNonOperatingIncome": "120675000", "depreciation": "None", "depreciationAndAmortization": "977863000", "incomeBeforeTax": "1432210000", "incomeTaxExpense": "483976000", "interestAndDebtExpense": "None", "netIncomeFromContinuingOperations": "948234000", "comprehensiveIncomeNetOfTax": "None", "ebit": "1969624000", "ebitda": "2947487000", "netIncome": "948234000"}, {"fiscalDateEnding": "2012-12-31", "reportedCurrency": "USD", "grossProfit": "3418187000", "totalRevenue": "10128223000", "costOfRevenue": "6710036000", "costofGoodsAndServicesSold": "6710036000", "operatingIncome": "1822683000", "sellingGeneralAndAdministrative": "7365000", "researchAndDevelopment": "0", "operatingExpenses": "1595504000", "investmentIncomeNet": "None", "netInterestIncome": "None", "interestIncome": "None", "interestExpense": "542180000", "nonInterestIncome": "None", "otherNonOperatingIncome": "98986000", "depreciation": "None", "depreciationAndAmortization": "926053000", "incomeBeforeTax": "1355402000", "incomeTaxExpense": "450203000", "interestAndDebtExpense": "None", "netIncomeFromContinuingOperations": "905199000", "comprehensiveIncomeNetOfTax": "None", "ebit": "1834742000", "ebitda": "2760795000", "netIncome": "905229000"}, {"fiscalDateEnding": "2011-12-31", "reportedCurrency": "USD", "grossProfit": "5468703000", "totalRevenue": "10654770000", "costOfRevenue": "5186067000", "costofGoodsAndServicesSold": "5186067000", "operatingIncome": "1781602000", "sellingGeneralAndAdministrative": "281378000", "researchAndDevelopment": "0", "operatingExpenses": "3687101000", "investmentIncomeNet": "None", "netInterestIncome": "None", "interestIncome": "None", "interestExpense": "562917000", "nonInterestIncome": "None", "otherNonOperatingIncome": "91005000", "depreciation": "None", "depreciationAndAmortization": "890619000", "incomeBeforeTax": "1309690000", "incomeTaxExpense": "468316000", "interestAndDebtExpense": "None", "netIncomeFromContinuingOperations": "841374000", "comprehensiveIncomeNetOfTax": "None", "ebit": "1812129000", "ebitda": "2702748000", "netIncome": "841172000"}, {"fiscalDateEnding": "2010-12-31", "reportedCurrency": "USD", "grossProfit": "5107821000", "totalRevenue": "10310947000", "costOfRevenue": "5203126000", "costofGoodsAndServicesSold": "5203126000", "operatingIncome": "1619969000", "sellingGeneralAndAdministrative": "239827000", "researchAndDevelopment": "0", "operatingExpenses": "3487852000", "investmentIncomeNet": "None", "netInterestIncome": "None", "interestIncome": "None", "interestExpense": "548621000", "nonInterestIncome": "None", "otherNonOperatingIncome": "117243000", "depreciation": "None", "depreciationAndAmortization": "977555000", "incomeBeforeTax": "1188591000", "incomeTaxExpense": "436635000", "interestAndDebtExpense": "None", "netIncomeFromContinuingOperations": "751956000", "comprehensiveIncomeNetOfTax": "None", "ebit": "1716574000", "ebitda": "2694129000", "netIncome": "755834000"}, {"fiscalDateEnding": "2009-12-31", "reportedCurrency": "USD", "grossProfit": "4683266000", "totalRevenue": "9642597000", "costOfRevenue": "4959331000", "costofGoodsAndServicesSold": "4959331000", "operatingIncome": "1468572000", "sellingGeneralAndAdministrative": "182112000", "researchAndDevelopment": "0", "operatingExpenses": "3214694000", "investmentIncomeNet": "None", "netInterestIncome": "None", "interestIncome": "None", "interestExpense": "561654000", "nonInterestIncome": "None", "otherNonOperatingIncome": "110121000", "depreciation": "None", "depreciationAndAmortization": "818052000", "incomeBeforeTax": "1056838000", "incomeTaxExpense": "371314000", "interestAndDebtExpense": "None", "netIncomeFromContinuingOperations": "685524000", "comprehensiveIncomeNetOfTax": "None", "ebit": "1493236000", "ebitda": "2311288000", "netIncome": "680887000"}, {"fiscalDateEnding": "2008-12-31", "reportedCurrency": "USD", "grossProfit": "4422478000", "totalRevenue": "11203156000", "costOfRevenue": "6780678000", "costofGoodsAndServicesSold": "6780678000", "operatingIncome": "1390791000", "sellingGeneralAndAdministrative": "None", "researchAndDevelopment": "None", "operatingExpenses": "3031687000", "investmentIncomeNet": "None", "netInterestIncome": "None", "interestIncome": "None", "interestExpense": "552919000", "nonInterestIncome": "None", "otherNonOperatingIncome": "None", "depreciation": "None", "depreciationAndAmortization": "940397000", "incomeBeforeTax": "984406000", "incomeTaxExpense": "338686000", "interestAndDebtExpense": "None", "netIncomeFromContinuingOperations": "None", "comprehensiveIncomeNetOfTax": "None", "ebit": "1377162000", "ebitda": "2317559000", "netIncome": "645554000"}, {"fiscalDateEnding": "2007-12-31", "reportedCurrency": "USD", "grossProfit": "4349554000", "totalRevenue": "10034170000", "costOfRevenue": "5684616000", "costofGoodsAndServicesSold": "5684616000", "operatingIncome": "1351073000", "sellingGeneralAndAdministrative": "None", "researchAndDevelopment": "None", "operatingExpenses": "2998481000", "investmentIncomeNet": "None", "netInterestIncome": "None", "interestIncome": "None", "interestExpense": "520037000", "nonInterestIncome": "None", "otherNonOperatingIncome": "None", "depreciation": "None", "depreciationAndAmortization": "900670000", "incomeBeforeTax": "870383000", "incomeTaxExpense": "294484000", "interestAndDebtExpense": "None", "netIncomeFromContinuingOperations": "None", "comprehensiveIncomeNetOfTax": "None", "ebit": "1351073000", "ebitda": "2251743000", "netIncome": "577348000"}, {"fiscalDateEnding": "2006-12-31", "reportedCurrency": "USD", "grossProfit": "5737249000", "totalRevenue": "9840304000", "costOfRevenue": "4103055000", "costofGoodsAndServicesSold": "4103055000", "operatingIncome": "1176994000", "sellingGeneralAndAdministrative": "None", "researchAndDevelopment": "None", "operatingExpenses": "4560255000", "investmentIncomeNet": "None", "netInterestIncome": "None", "interestIncome": "None", "interestExpense": "486967000000", "nonInterestIncome": "None", "otherNonOperatingIncome": "None", "depreciation": "None", "depreciationAndAmortization": "894854000", "incomeBeforeTax": "750092000", "incomeTaxExpense": "181411000", "interestAndDebtExpense": "None", "netIncomeFromContinuingOperations": "None", "comprehensiveIncomeNetOfTax": "None", "ebit": "1178338000", "ebitda": "2073192000", "netIncome": "571754000"}, {"fiscalDateEnding": "2005-12-31", "reportedCurrency": "USD", "grossProfit": "5703314000", "totalRevenue": "9625477000", "costOfRevenue": "3922163000", "costofGoodsAndServicesSold": "3922163000", "operatingIncome": "1092719000", "sellingGeneralAndAdministrative": "None", "researchAndDevelopment": "None", "operatingExpenses": "4610595000", "investmentIncomeNet": "None", "netInterestIncome": "None", "interestIncome": "None", "interestExpense": "857000", "nonInterestIncome": "None", "otherNonOperatingIncome": "None", "depreciation": "None", "depreciationAndAmortization": "815784000", "incomeBeforeTax": "672577000", "incomeTaxExpense": "173539000", "interestAndDebtExpense": "None", "netIncomeFromContinuingOperations": "None", "comprehensiveIncomeNetOfTax": "None", "ebit": "1112070000", "ebitda": "1927854000", "netIncome": "512972000"}], "quarterlyReports": [{"fiscalDateEnding": "2024-12-31", "reportedCurrency": "USD", "grossProfit": "1288000000", "totalRevenue": "3120000000", "costOfRevenue": "1832000000", "costofGoodsAndServicesSold": "1832000000", "operatingIncome": "347000000", "sellingGeneralAndAdministrative": "None", "researchAndDevelopment": "None", "operatingExpenses": "941000000", "investmentIncomeNet": "None", "netInterestIncome": "-297000000", "interestIncome": "None", "interestExpense": "297000000", "nonInterestIncome": "None", "otherNonOperatingIncome": "None", "depreciation": "None", "depreciationAndAmortization": "735000000", "incomeBeforeTax": "167000000", "incomeTaxExpense": "-297000000", "interestAndDebtExpense": "None", "netIncomeFromContinuingOperations": "464000000", "comprehensiveIncomeNetOfTax": "None", "ebit": "464000000", "ebitda": "1199000000", "netIncome": "464000000"}, {"fiscalDateEnding": "2024-09-30", "reportedCurrency": "USD", "grossProfit": "1070000000", "totalRevenue": "3644000000", "costOfRevenue": "2574000000", "costofGoodsAndServicesSold": "2574000000", "operatingIncome": "911000000", "sellingGeneralAndAdministrative": "None", "researchAndDevelopment": "None", "operatingExpenses": "159000000", "investmentIncomeNet": "None", "netInterestIncome": "-305000000", "interestIncome": "None", "interestExpense": "305000000", "nonInterestIncome": "None", "otherNonOperatingIncome": "None", "depreciation": "None", "depreciationAndAmortization": "717000000", "incomeBeforeTax": "692000000", "incomeTaxExpense": "10000000", "interestAndDebtExpense": "None", "netIncomeFromContinuingOperations": "682000000", "comprehensiveIncomeNetOfTax": "None", "ebit": "996000000", "ebitda": "1713000000", "netIncome": "682000000"}, {"fiscalDateEnding": "2024-06-30", "reportedCurrency": "USD", "grossProfit": "617000000", "totalRevenue": "3042000000", "costOfRevenue": "2425000000", "costofGoodsAndServicesSold": "2425000000", "operatingIncome": "463000000", "sellingGeneralAndAdministrative": "None", "researchAndDevelopment": "None", "operatingExpenses": "154000000", "investmentIncomeNet": "None", "netInterestIncome": "-303000000", "interestIncome": "None", "interestExpense": "303000000", "nonInterestIncome": "None", "otherNonOperatingIncome": "None", "depreciation": "None", "depreciationAndAmortization": "739000000", "incomeBeforeTax": "214000000", "incomeTaxExpense": "-88000000", "interestAndDebtExpense": "None", "netIncomeFromContinuingOperations": "302000000", "comprehensiveIncomeNetOfTax": "None", "ebit": "455000000", "ebitda": "1194000000", "netIncome": "302000000"}, {"fiscalDateEnding": "2024-03-31", "reportedCurrency": "USD", "grossProfit": "872000000", "totalRevenue": "3657000000", "costOfRevenue": "2785000000", "costofGoodsAndServicesSold": "2785000000", "operatingIncome": "701000000", "sellingGeneralAndAdministrative": "None", "researchAndDevelopment": "None", "operatingExpenses": "171000000", "investmentIncomeNet": "None", "netInterestIncome": "-277000000", "interestIncome": "None", "interestExpense": "277000000", "nonInterestIncome": "None", "otherNonOperatingIncome": "None", "depreciation": "None", "depreciationAndAmortization": "684000000", "incomeBeforeTax": "461000000", "incomeTaxExpense": "-27000000", "interestAndDebtExpense": "None", "netIncomeFromContinuingOperations": "488000000", "comprehensiveIncomeNetOfTax": "None", "ebit": "684000000", "ebitda": "1368000000", "netIncome": "488000000"}, {"fiscalDateEnding": "2023-12-31", "reportedCurrency": "USD", "grossProfit": "816000000", "totalRevenue": "3442000000", "costOfRevenue": "2626000000", "costofGoodsAndServicesSold": "2626000000", "operatingIncome": "648000000", "sellingGeneralAndAdministrative": "None", "researchAndDevelopment": "None", "operatingExpenses": "168000000", "investmentIncomeNet": "None", "netInterestIncome": "-250000000", "interestIncome": "None", "interestExpense": "265000000", "nonInterestIncome": "None", "otherNonOperatingIncome": "None", "depreciation": "None", "depreciationAndAmortization": "659000000", "incomeBeforeTax": "364000000", "incomeTaxExpense": "-45000000", "interestAndDebtExpense": "None", "netIncomeFromContinuingOperations": "409000000", "comprehensiveIncomeNetOfTax": "None", "ebit": "655000000", "ebitda": "1314000000", "netIncome": "409000000"}, {"fiscalDateEnding": "2023-09-30", "reportedCurrency": "USD", "grossProfit": "1811000000", "totalRevenue": "3662000000", "costOfRevenue": "1851000000", "costofGoodsAndServicesSold": "1851000000", "operatingIncome": "915000000", "sellingGeneralAndAdministrative": "None", "researchAndDevelopment": "None", "operatingExpenses": "862000000", "investmentIncomeNet": "None", "netInterestIncome": "-255000000", "interestIncome": "None", "interestExpense": "247000000", "nonInterestIncome": "None", "otherNonOperatingIncome": "None", "depreciation": "None", "depreciationAndAmortization": "653000000", "incomeBeforeTax": "696000000", "incomeTaxExpense": "40000000", "interestAndDebtExpense": "None", "netIncomeFromContinuingOperations": "656000000", "comprehensiveIncomeNetOfTax": "None", "ebit": "954000000", "ebitda": "1607000000", "netIncome": "656000000"}, {"fiscalDateEnding": "2023-06-30", "reportedCurrency": "USD", "grossProfit": "1183000000", "totalRevenue": "3022000000", "costOfRevenue": "1839000000", "costofGoodsAndServicesSold": "1839000000", "operatingIncome": "418000000", "sellingGeneralAndAdministrative": "137000000", "researchAndDevelopment": "None", "operatingExpenses": "765000000", "investmentIncomeNet": "None", "netInterestIncome": "-256000000", "interestIncome": "None", "interestExpense": "256000000", "nonInterestIncome": "None", "otherNonOperatingIncome": "38000000", "depreciation": "None", "depreciationAndAmortization": "595000000", "incomeBeforeTax": "200000000", "incomeTaxExpense": "-88000000", "interestAndDebtExpense": "None", "netIncomeFromContinuingOperations": "288000000", "comprehensiveIncomeNetOfTax": "None", "ebit": "423000000", "ebitda": "1018000000", "netIncome": "288000000"}, {"fiscalDateEnding": "2023-03-31", "reportedCurrency": "USD", "grossProfit": "1457000000", "totalRevenue": "4080000000", "costOfRevenue": "2623000000", "costofGoodsAndServicesSold": "2623000000", "operatingIncome": "573000000", "sellingGeneralAndAdministrative": "184000000", "researchAndDevelopment": "None", "operatingExpenses": "884000000", "investmentIncomeNet": "None", "netInterestIncome": "-243000000", "interestIncome": "None", "interestExpense": "243000000", "nonInterestIncome": "None", "otherNonOperatingIncome": "35000000", "depreciation": "None", "depreciationAndAmortization": "660000000", "incomeBeforeTax": "365000000", "incomeTaxExpense": "-53000000", "interestAndDebtExpense": "None", "netIncomeFromContinuingOperations": "418000000", "comprehensiveIncomeNetOfTax": "None", "ebit": "578000000", "ebitda": "1238000000", "netIncome": "418000000"}, {"fiscalDateEnding": "2022-12-31", "reportedCurrency": "USD", "grossProfit": "1368000000", "totalRevenue": "4053000000", "costOfRevenue": "2685000000", "costofGoodsAndServicesSold": "2685000000", "operatingIncome": "525000000", "sellingGeneralAndAdministrative": "165000000", "researchAndDevelopment": "None", "operatingExpenses": "843000000", "investmentIncomeNet": "None", "netInterestIncome": "-239000000", "interestIncome": "None", "interestExpense": "231000000", "nonInterestIncome": "None", "otherNonOperatingIncome": "38000000", "depreciation": "None", "depreciationAndAmortization": "642000000", "incomeBeforeTax": "324000000", "incomeTaxExpense": "-55000000", "interestAndDebtExpense": "None", "netIncomeFromContinuingOperations": "379000000", "comprehensiveIncomeNetOfTax": "None", "ebit": "533000000", "ebitda": "1175000000", "netIncome": "379000000"}, {"fiscalDateEnding": "2022-09-30", "reportedCurrency": "USD", "grossProfit": "1790000000", "totalRevenue": "4082000000", "costOfRevenue": "2292000000", "costofGoodsAndServicesSold": "2292000000", "operatingIncome": "924000000", "sellingGeneralAndAdministrative": "173000000", "researchAndDevelopment": "None", "operatingExpenses": "866000000", "investmentIncomeNet": "None", "netInterestIncome": "-237000000", "interestIncome": "None", "interestExpense": "237000000", "nonInterestIncome": "None", "otherNonOperatingIncome": "6000000", "depreciation": "None", "depreciationAndAmortization": "641000000", "incomeBeforeTax": "693000000", "incomeTaxExpense": "44000000", "interestAndDebtExpense": "None", "netIncomeFromContinuingOperations": "649000000", "comprehensiveIncomeNetOfTax": "None", "ebit": "931000000", "ebitda": "1572000000", "netIncome": "649000000"}, {"fiscalDateEnding": "2022-06-30", "reportedCurrency": "USD", "grossProfit": "1367000000", "totalRevenue": "3424000000", "costOfRevenue": "2057000000", "costofGoodsAndServicesSold": "2057000000", "operatingIncome": "469000000", "sellingGeneralAndAdministrative": "179000000", "researchAndDevelopment": "None", "operatingExpenses": "898000000", "investmentIncomeNet": "None", "netInterestIncome": "-240000000", "interestIncome": "None", "interestExpense": "240000000", "nonInterestIncome": "None", "otherNonOperatingIncome": "25000000", "depreciation": "None", "depreciationAndAmortization": "674000000", "incomeBeforeTax": "254000000", "incomeTaxExpense": "-74000000", "interestAndDebtExpense": "None", "netIncomeFromContinuingOperations": "328000000", "comprehensiveIncomeNetOfTax": "None", "ebit": "478000000", "ebitda": "1152000000", "netIncome": "328000000"}, {"fiscalDateEnding": "2022-03-31", "reportedCurrency": "USD", "grossProfit": "1335000000", "totalRevenue": "3751000000", "costOfRevenue": "2416000000", "costofGoodsAndServicesSold": "2416000000", "operatingIncome": "510000000", "sellingGeneralAndAdministrative": "171000000", "researchAndDevelopment": "None", "operatingExpenses": "825000000", "investmentIncomeNet": "None", "netInterestIncome": "-209000000", "interestIncome": "None", "interestExpense": "209000000", "nonInterestIncome": "None", "otherNonOperatingIncome": "29000000", "depreciation": "None", "depreciationAndAmortization": "597000000", "incomeBeforeTax": "330000000", "incomeTaxExpense": "-50000000", "interestAndDebtExpense": "None", "netIncomeFromContinuingOperations": "380000000", "comprehensiveIncomeNetOfTax": "None", "ebit": "518000000", "ebitda": "1115000000", "netIncome": "380000000"}, {"fiscalDateEnding": "2021-12-31", "reportedCurrency": "USD", "grossProfit": "1208000000", "totalRevenue": "3355000000", "costOfRevenue": "2147000000", "costofGoodsAndServicesSold": "2147000000", "operatingIncome": "433000000", "sellingGeneralAndAdministrative": "158000000", "researchAndDevelopment": "None", "operatingExpenses": "775000000", "investmentIncomeNet": "None", "netInterestIncome": "-206000000", "interestIncome": "None", "interestExpense": "206000000", "nonInterestIncome": "None", "otherNonOperatingIncome": "35000000", "depreciation": "None", "depreciationAndAmortization": "574000000", "incomeBeforeTax": "262000000", "incomeTaxExpense": "-53000000", "interestAndDebtExpense": "None", "netIncomeFromContinuingOperations": "315000000", "comprehensiveIncomeNetOfTax": "None", "ebit": "434000000", "ebitda": "1008000000", "netIncome": "315000000"}, {"fiscalDateEnding": "2021-09-30", "reportedCurrency": "USD", "grossProfit": "1592000000", "totalRevenue": "3467000000", "costOfRevenue": "1875000000", "costofGoodsAndServicesSold": "1875000000", "operatingIncome": "825000000", "sellingGeneralAndAdministrative": "152000000", "researchAndDevelopment": "None", "operatingExpenses": "767000000", "investmentIncomeNet": "None", "netInterestIncome": "-204000000", "interestIncome": "None", "interestExpense": "204000000", "nonInterestIncome": "None", "otherNonOperatingIncome": "31000000", "depreciation": "None", "depreciationAndAmortization": "584000000", "incomeBeforeTax": "652000000", "incomeTaxExpense": "43000000", "interestAndDebtExpense": "None", "netIncomeFromContinuingOperations": "609000000", "comprehensiveIncomeNetOfTax": "None", "ebit": "825000000", "ebitda": "1409000000", "netIncome": "609000000"}, {"fiscalDateEnding": "2021-06-30", "reportedCurrency": "USD", "grossProfit": "1194000000", "totalRevenue": "3068000000", "costOfRevenue": "1874000000", "costofGoodsAndServicesSold": "1874000000", "operatingIncome": "438000000", "sellingGeneralAndAdministrative": "157000000", "researchAndDevelopment": "None", "operatingExpenses": "756000000", "investmentIncomeNet": "None", "netInterestIncome": "-206000000", "interestIncome": "None", "interestExpense": "199000000", "nonInterestIncome": "None", "otherNonOperatingIncome": "41000000", "depreciation": "None", "depreciationAndAmortization": "552000000", "incomeBeforeTax": "273000000", "incomeTaxExpense": "-38000000", "interestAndDebtExpense": "None", "netIncomeFromContinuingOperations": "311000000", "comprehensiveIncomeNetOfTax": "None", "ebit": "439000000", "ebitda": "991000000", "netIncome": "311000000"}, {"fiscalDateEnding": "2021-03-31", "reportedCurrency": "USD", "grossProfit": "1264000000", "totalRevenue": "3541000000", "costOfRevenue": "2277000000", "costofGoodsAndServicesSold": "2277000000", "operatingIncome": "507000000", "sellingGeneralAndAdministrative": "163000000", "researchAndDevelopment": "None", "operatingExpenses": "757000000", "investmentIncomeNet": "None", "netInterestIncome": "-200000000", "interestIncome": "None", "interestExpense": "193000000", "nonInterestIncome": "None", "otherNonOperatingIncome": "33000000", "depreciation": "None", "depreciationAndAmortization": "547000000", "incomeBeforeTax": "340000000", "incomeTaxExpense": "-22000000", "interestAndDebtExpense": "None", "netIncomeFromContinuingOperations": "362000000", "comprehensiveIncomeNetOfTax": "None", "ebit": "507000000", "ebitda": "1054000000", "netIncome": "362000000"}, {"fiscalDateEnding": "2020-12-31", "reportedCurrency": "USD", "grossProfit": "1157000000", "totalRevenue": "2947000000", "costOfRevenue": "1790000000", "costofGoodsAndServicesSold": "1790000000", "operatingIncome": "426000000", "sellingGeneralAndAdministrative": "159000000", "researchAndDevelopment": "None", "operatingExpenses": "731000000", "investmentIncomeNet": "None", "netInterestIncome": "-203000000", "interestIncome": "None", "interestExpense": "203000000", "nonInterestIncome": "None", "otherNonOperatingIncome": "35000000", "depreciation": "None", "depreciationAndAmortization": "529000000", "incomeBeforeTax": "258000000", "incomeTaxExpense": "-30000000", "interestAndDebtExpense": "None", "netIncomeFromContinuingOperations": "288000000", "comprehensiveIncomeNetOfTax": "None", "ebit": "423000000", "ebitda": "952000000", "netIncome": "288000000"}, {"fiscalDateEnding": "2020-09-30", "reportedCurrency": "USD", "grossProfit": "1557000000", "totalRevenue": "3182000000", "costOfRevenue": "1625000000", "costofGoodsAndServicesSold": "1625000000", "operatingIncome": "813000000", "sellingGeneralAndAdministrative": "158000000", "researchAndDevelopment": "None", "operatingExpenses": "744000000", "investmentIncomeNet": "None", "netInterestIncome": "-210000000", "interestIncome": "None", "interestExpense": "210000000", "nonInterestIncome": "None", "otherNonOperatingIncome": "43000000", "depreciation": "None", "depreciationAndAmortization": "546000000", "incomeBeforeTax": "646000000", "incomeTaxExpense": "43000000", "interestAndDebtExpense": "None", "netIncomeFromContinuingOperations": "603000000", "comprehensiveIncomeNetOfTax": "None", "ebit": "811000000", "ebitda": "1357000000", "netIncome": "603000000"}, {"fiscalDateEnding": "2020-06-30", "reportedCurrency": "USD", "grossProfit": "1109000000", "totalRevenue": "2586000000", "costOfRevenue": "1477000000", "costofGoodsAndServicesSold": "1477000000", "operatingIncome": "422000000", "sellingGeneralAndAdministrative": "146000000", "researchAndDevelopment": "None", "operatingExpenses": "687000000", "investmentIncomeNet": "None", "netInterestIncome": "-196000000", "interestIncome": "None", "interestExpense": "196000000", "nonInterestIncome": "None", "otherNonOperatingIncome": "48000000", "depreciation": "None", "depreciationAndAmortization": "508000000", "incomeBeforeTax": "274000000", "incomeTaxExpense": "-13000000", "interestAndDebtExpense": "None", "netIncomeFromContinuingOperations": "287000000", "comprehensiveIncomeNetOfTax": "None", "ebit": "420000000", "ebitda": "928000000", "netIncome": "287000000"}, {"fiscalDateEnding": "2020-03-31", "reportedCurrency": "USD", "grossProfit": "1141000000", "totalRevenue": "2811000000", "costOfRevenue": "1670000000", "costofGoodsAndServicesSold": "1670000000", "operatingIncome": "455000000", "sellingGeneralAndAdministrative": "149000000", "researchAndDevelopment": "None", "operatingExpenses": "686000000", "investmentIncomeNet": "None", "netInterestIncome": "-189000000", "interestIncome": "171000000", "interestExpense": "182000000", "nonInterestIncome": "None", "otherNonOperatingIncome": "23000000", "depreciation": "None", "depreciationAndAmortization": "499000000", "incomeBeforeTax": "289000000", "incomeTaxExpense": "-6000000", "interestAndDebtExpense": "None", "netIncomeFromContinuingOperations": "295000000", "comprehensiveIncomeNetOfTax": "None", "ebit": "453000000", "ebitda": "952000000", "netIncome": "295000000"}, {"fiscalDateEnding": "2019-12-31", "reportedCurrency": "USD", "grossProfit": "1110000000", "totalRevenue": "2798000000", "costOfRevenue": "1688000000", "costofGoodsAndServicesSold": "1688000000", "operatingIncome": "450000000", "sellingGeneralAndAdministrative": "72000000", "researchAndDevelopment": "None", "operatingExpenses": "660000000", "investmentIncomeNet": "None", "netInterestIncome": "-185000000", "interestIncome": "168000000", "interestExpense": "195000000", "nonInterestIncome": "None", "otherNonOperatingIncome": "35000000", "depreciation": "None", "depreciationAndAmortization": "483000000", "incomeBeforeTax": "299000000", "incomeTaxExpense": "7000000", "interestAndDebtExpense": "None", "netIncomeFromContinuingOperations": "292000000", "comprehensiveIncomeNetOfTax": "None", "ebit": "418000000", "ebitda": "901000000", "netIncome": "292000000"}, {"fiscalDateEnding": "2019-09-30", "reportedCurrency": "USD", "grossProfit": "1417000000", "totalRevenue": "3013000000", "costOfRevenue": "1596000000", "costofGoodsAndServicesSold": "1596000000", "operatingIncome": "758000000", "sellingGeneralAndAdministrative": "212000000", "researchAndDevelopment": "None", "operatingExpenses": "659000000", "investmentIncomeNet": "None", "netInterestIncome": "-192000000", "interestIncome": "176000000", "interestExpense": "186000000", "nonInterestIncome": "None", "otherNonOperatingIncome": "33000000", "depreciation": "None", "depreciationAndAmortization": "482000000", "incomeBeforeTax": "599000000", "incomeTaxExpense": "72000000", "interestAndDebtExpense": "None", "netIncomeFromContinuingOperations": "527000000", "comprehensiveIncomeNetOfTax": "None", "ebit": "753000000", "ebitda": "1235000000", "netIncome": "527000000"}, {"fiscalDateEnding": "2019-06-30", "reportedCurrency": "USD", "grossProfit": "1056000000", "totalRevenue": "2577000000", "costOfRevenue": "1521000000", "costofGoodsAndServicesSold": "1521000000", "operatingIncome": "410000000", "sellingGeneralAndAdministrative": "207000000", "researchAndDevelopment": "None", "operatingExpenses": "646000000", "investmentIncomeNet": "None", "netInterestIncome": "-179000000", "interestIncome": "164000000", "interestExpense": "189000000", "nonInterestIncome": "None", "otherNonOperatingIncome": "31000000", "depreciation": "None", "depreciationAndAmortization": "470000000", "incomeBeforeTax": "262000000", "incomeTaxExpense": "24000000", "interestAndDebtExpense": "None", "netIncomeFromContinuingOperations": "238000000", "comprehensiveIncomeNetOfTax": "None", "ebit": "405000000", "ebitda": "875000000", "netIncome": "238000000"}, {"fiscalDateEnding": "2019-03-31", "reportedCurrency": "USD", "grossProfit": "1141000000", "totalRevenue": "3141000000", "costOfRevenue": "2000000000", "costofGoodsAndServicesSold": "2000000000", "operatingIncome": "486000000", "sellingGeneralAndAdministrative": "222000000", "researchAndDevelopment": "None", "operatingExpenses": "655000000", "investmentIncomeNet": "None", "netInterestIncome": "-179000000", "interestIncome": "164000000", "interestExpense": "173000000", "nonInterestIncome": "None", "otherNonOperatingIncome": "33000000", "depreciation": "None", "depreciationAndAmortization": "469000000", "incomeBeforeTax": "340000000", "incomeTaxExpense": "25000000", "interestAndDebtExpense": "None", "netIncomeFromContinuingOperations": "315000000", "comprehensiveIncomeNetOfTax": "None", "ebit": "481000000", "ebitda": "950000000", "netIncome": "315000000"}, {"fiscalDateEnding": "2018-12-31", "reportedCurrency": "USD", "grossProfit": "994000000", "totalRevenue": "2880000000", "costOfRevenue": "1886000000", "costofGoodsAndServicesSold": "1886000000", "operatingIncome": "339000000", "sellingGeneralAndAdministrative": "2000000", "researchAndDevelopment": "0", "operatingExpenses": "655000000", "investmentIncomeNet": "None", "netInterestIncome": "None", "interestIncome": "None", "interestExpense": "177000000", "nonInterestIncome": "None", "otherNonOperatingIncome": "34000000", "depreciation": "None", "depreciationAndAmortization": "442000000", "incomeBeforeTax": "209000000", "incomeTaxExpense": "-6000000", "interestAndDebtExpense": "None", "netIncomeFromContinuingOperations": "214000000", "comprehensiveIncomeNetOfTax": "None", "ebit": "395000000", "ebitda": "837000000", "netIncome": "214000000"}, {"fiscalDateEnding": "2018-09-30", "reportedCurrency": "USD", "grossProfit": "1348000000", "totalRevenue": "3048000000", "costOfRevenue": "1700000000", "costofGoodsAndServicesSold": "1700000000", "operatingIncome": "696000000", "sellingGeneralAndAdministrative": "212000000", "researchAndDevelopment": "0", "operatingExpenses": "652000000", "investmentIncomeNet": "None", "netInterestIncome": "None", "interestIncome": "None", "interestExpense": "164000000", "nonInterestIncome": "None", "otherNonOperatingIncome": "32000000", "depreciation": "None", "depreciationAndAmortization": "440000000", "incomeBeforeTax": "564000000", "incomeTaxExpense": "73000000", "interestAndDebtExpense": "None", "netIncomeFromContinuingOperations": "491000000", "comprehensiveIncomeNetOfTax": "None", "ebit": "719000000", "ebitda": "1159000000", "netIncome": "491000000"}, {"fiscalDateEnding": "2018-06-30", "reportedCurrency": "USD", "grossProfit": "1033000000", "totalRevenue": "2658000000", "costOfRevenue": "1625000000", "costofGoodsAndServicesSold": "1625000000", "operatingIncome": "450000000", "sellingGeneralAndAdministrative": "2000000", "researchAndDevelopment": "0", "operatingExpenses": "583000000", "investmentIncomeNet": "None", "netInterestIncome": "None", "interestIncome": "None", "interestExpense": "158000000", "nonInterestIncome": "None", "otherNonOperatingIncome": "33000000", "depreciation": "None", "depreciationAndAmortization": "377000000", "incomeBeforeTax": "319000000", "incomeTaxExpense": "54000000", "interestAndDebtExpense": "None", "netIncomeFromContinuingOperations": "265000000", "comprehensiveIncomeNetOfTax": "None", "ebit": "481000000", "ebitda": "858000000", "netIncome": "265000000"}, {"fiscalDateEnding": "2018-03-31", "reportedCurrency": "USD", "grossProfit": "1079000000", "totalRevenue": "2951000000", "costOfRevenue": "1872000000", "costofGoodsAndServicesSold": "1872000000", "operatingIncome": "480000000", "sellingGeneralAndAdministrative": "216000000", "researchAndDevelopment": "0", "operatingExpenses": "599000000", "investmentIncomeNet": "None", "netInterestIncome": "None", "interestIncome": "None", "interestExpense": "154000000", "nonInterestIncome": "None", "otherNonOperatingIncome": "30000000", "depreciation": "None", "depreciationAndAmortization": "383000000", "incomeBeforeTax": "350000000", "incomeTaxExpense": "59000000", "interestAndDebtExpense": "None", "netIncomeFromContinuingOperations": "291000000", "comprehensiveIncomeNetOfTax": "None", "ebit": "541000000", "ebitda": "924000000", "netIncome": "291000000"}, {"fiscalDateEnding": "2017-12-31", "reportedCurrency": "USD", "grossProfit": "1005000000", "totalRevenue": "2796000000", "costOfRevenue": "1791000000", "costofGoodsAndServicesSold": "1791000000", "operatingIncome": "426000000", "sellingGeneralAndAdministrative": "451000", "researchAndDevelopment": "0", "operatingExpenses": "579000000", "investmentIncomeNet": "None", "netInterestIncome": "None", "interestIncome": "None", "interestExpense": "150000000", "nonInterestIncome": "None", "otherNonOperatingIncome": "37179000", "depreciation": "None", "depreciationAndAmortization": "378000000", "incomeBeforeTax": "307000000", "incomeTaxExpense": "118000000", "interestAndDebtExpense": "None", "netIncomeFromContinuingOperations": "189326000", "comprehensiveIncomeNetOfTax": "None", "ebit": "436000000", "ebitda": "814000000", "netIncome": "189326000"}, {"fiscalDateEnding": "2017-09-30", "reportedCurrency": "USD", "grossProfit": "1396749000", "totalRevenue": "3016897000", "costOfRevenue": "1620148000", "costofGoodsAndServicesSold": "1620148000", "operatingIncome": "818359000", "sellingGeneralAndAdministrative": "528000", "researchAndDevelopment": "0", "operatingExpenses": "578390000", "investmentIncomeNet": "None", "netInterestIncome": "None", "interestIncome": "None", "interestExpense": "151156000", "nonInterestIncome": "None", "otherNonOperatingIncome": "35652000", "depreciation": "None", "depreciationAndAmortization": "371091000", "incomeBeforeTax": "696932000", "incomeTaxExpense": "204791000", "interestAndDebtExpense": "None", "netIncomeFromContinuingOperations": "492141000", "comprehensiveIncomeNetOfTax": "None", "ebit": "851909000", "ebitda": "1223000000", "netIncome": "492000000"}, {"fiscalDateEnding": "2017-06-30", "reportedCurrency": "USD", "grossProfit": "1025198000", "totalRevenue": "2644928000", "costOfRevenue": "1619730000", "costofGoodsAndServicesSold": "1619730000", "operatingIncome": "459692000", "sellingGeneralAndAdministrative": "1022000", "researchAndDevelopment": "0", "operatingExpenses": "565506000", "investmentIncomeNet": "None", "netInterestIncome": "None", "interestIncome": "None", "interestExpense": "150706000", "nonInterestIncome": "None", "otherNonOperatingIncome": "26535000", "depreciation": "None", "depreciationAndAmortization": "365720000", "incomeBeforeTax": "329645000", "incomeTaxExpense": "102389000", "interestAndDebtExpense": "None", "netIncomeFromContinuingOperations": "227256000", "comprehensiveIncomeNetOfTax": "None", "ebit": "496280000", "ebitda": "862000000", "netIncome": "227000000"}, {"fiscalDateEnding": "2017-03-31", "reportedCurrency": "USD", "grossProfit": "1061050000", "totalRevenue": "2946422000", "costOfRevenue": "1885372000", "costofGoodsAndServicesSold": "1885372000", "operatingIncome": "486219000", "sellingGeneralAndAdministrative": "999000", "researchAndDevelopment": "0", "operatingExpenses": "574831000", "investmentIncomeNet": "None", "netInterestIncome": "None", "interestIncome": "None", "interestExpense": "153054000", "nonInterestIncome": "None", "otherNonOperatingIncome": "28634000", "depreciation": "None", "depreciationAndAmortization": "365204000", "incomeBeforeTax": "355941000", "incomeTaxExpense": "116664000", "interestAndDebtExpense": "None", "netIncomeFromContinuingOperations": "239277000", "comprehensiveIncomeNetOfTax": "None", "ebit": "520796000", "ebitda": "886000000", "netIncome": "239000000"}, {"fiscalDateEnding": "2016-12-31", "reportedCurrency": "USD", "grossProfit": "996103000", "totalRevenue": "2794651000", "costOfRevenue": "1798548000", "costofGoodsAndServicesSold": "1798548000", "operatingIncome": "465350000", "sellingGeneralAndAdministrative": "805000", "researchAndDevelopment": "0", "operatingExpenses": "530753000", "investmentIncomeNet": "None", "netInterestIncome": "None", "interestIncome": "None", "interestExpense": "148661000", "nonInterestIncome": "None", "otherNonOperatingIncome": "26690000", "depreciation": "None", "depreciationAndAmortization": "332146000", "incomeBeforeTax": "337235000", "incomeTaxExpense": "109758000", "interestAndDebtExpense": "None", "netIncomeFromContinuingOperations": "227477000", "comprehensiveIncomeNetOfTax": "None", "ebit": "470391000", "ebitda": "802537000", "netIncome": "227477000"}, {"fiscalDateEnding": "2016-09-30", "reportedCurrency": "USD", "grossProfit": "1336661000", "totalRevenue": "3040147000", "costOfRevenue": "1703486000", "costofGoodsAndServicesSold": "1703486000", "operatingIncome": "827054000", "sellingGeneralAndAdministrative": "1148000", "researchAndDevelopment": "0", "operatingExpenses": "509607000", "investmentIncomeNet": "None", "netInterestIncome": "None", "interestIncome": "None", "interestExpense": "152265000", "nonInterestIncome": "None", "otherNonOperatingIncome": "27478000", "depreciation": "None", "depreciationAndAmortization": "328503000", "incomeBeforeTax": "696207000", "incomeTaxExpense": "238412000", "interestAndDebtExpense": "None", "netIncomeFromContinuingOperations": "457795000", "comprehensiveIncomeNetOfTax": "None", "ebit": "862105000", "ebitda": "1190608000", "netIncome": "457795000"}, {"fiscalDateEnding": "2016-06-30", "reportedCurrency": "USD", "grossProfit": "948500000", "totalRevenue": "2499849000", "costOfRevenue": "1551349000", "costofGoodsAndServicesSold": "1551349000", "operatingIncome": "431581000", "sellingGeneralAndAdministrative": "920000", "researchAndDevelopment": "0", "operatingExpenses": "516919000", "investmentIncomeNet": "None", "netInterestIncome": "None", "interestIncome": "None", "interestExpense": "149666000", "nonInterestIncome": "None", "otherNonOperatingIncome": "25907000", "depreciation": "None", "depreciationAndAmortization": "322534000", "incomeBeforeTax": "301192000", "incomeTaxExpense": "104397000", "interestAndDebtExpense": "None", "netIncomeFromContinuingOperations": "206412000", "comprehensiveIncomeNetOfTax": "None", "ebit": "468139000", "ebitda": "790673000", "netIncome": "196795000"}, {"fiscalDateEnding": "2016-03-31", "reportedCurrency": "USD", "grossProfit": "1012649000", "totalRevenue": "2772273000", "costOfRevenue": "1759624000", "costofGoodsAndServicesSold": "1759624000", "operatingIncome": "489870000", "sellingGeneralAndAdministrative": "500000", "researchAndDevelopment": "0", "operatingExpenses": "522779000", "investmentIncomeNet": "None", "netInterestIncome": "None", "interestIncome": "None", "interestExpense": "144117000", "nonInterestIncome": "None", "otherNonOperatingIncome": "30545000", "depreciation": "None", "depreciationAndAmortization": "320020000", "incomeBeforeTax": "369962000", "incomeTaxExpense": "128650000", "interestAndDebtExpense": "None", "netIncomeFromContinuingOperations": "241312000", "comprehensiveIncomeNetOfTax": "None", "ebit": "519361000", "ebitda": "839381000", "netIncome": "241312000"}, {"fiscalDateEnding": "2015-12-31", "reportedCurrency": "USD", "grossProfit": "919369000", "totalRevenue": "2645821000", "costOfRevenue": "1726452000", "costofGoodsAndServicesSold": "1726452000", "operatingIncome": "441010000", "sellingGeneralAndAdministrative": "2273000", "researchAndDevelopment": "0", "operatingExpenses": "478359000", "investmentIncomeNet": "None", "netInterestIncome": "None", "interestIncome": "None", "interestExpense": "140289000", "nonInterestIncome": "None", "otherNonOperatingIncome": "24890000", "depreciation": "None", "depreciationAndAmortization": "296703000", "incomeBeforeTax": "319254000", "incomeTaxExpense": "110229000", "interestAndDebtExpense": "None", "netIncomeFromContinuingOperations": "209025000", "comprehensiveIncomeNetOfTax": "None", "ebit": "469710000", "ebitda": "766413000", "netIncome": "209025000"}, {"fiscalDateEnding": "2015-09-30", "reportedCurrency": "USD", "grossProfit": "1246328000", "totalRevenue": "2901312000", "costOfRevenue": "1654984000", "costofGoodsAndServicesSold": "1654984000", "operatingIncome": "785812000", "sellingGeneralAndAdministrative": "689000", "researchAndDevelopment": "0", "operatingExpenses": "460516000", "investmentIncomeNet": "None", "netInterestIncome": "None", "interestIncome": "None", "interestExpense": "139275000", "nonInterestIncome": "None", "otherNonOperatingIncome": "25215000", "depreciation": "None", "depreciationAndAmortization": "280121000", "incomeBeforeTax": "665492000", "incomeTaxExpense": "239029000", "interestAndDebtExpense": "None", "netIncomeFromContinuingOperations": "426463000", "comprehensiveIncomeNetOfTax": "None", "ebit": "823804000", "ebitda": "1103925000", "netIncome": "426463000"}, {"fiscalDateEnding": "2015-06-30", "reportedCurrency": "USD", "grossProfit": "881319000", "totalRevenue": "2515134000", "costOfRevenue": "1633815000", "costofGoodsAndServicesSold": "1633815000", "operatingIncome": "422845000", "sellingGeneralAndAdministrative": "222000", "researchAndDevelopment": "0", "operatingExpenses": "458474000", "investmentIncomeNet": "None", "netInterestIncome": "None", "interestIncome": "None", "interestExpense": "132196000", "nonInterestIncome": "None", "otherNonOperatingIncome": "22024000", "depreciation": "None", "depreciationAndAmortization": "274602000", "incomeBeforeTax": "306812000", "incomeTaxExpense": "109881000", "interestAndDebtExpense": "None", "netIncomeFromContinuingOperations": "196931000", "comprehensiveIncomeNetOfTax": "None", "ebit": "448264000", "ebitda": "722866000", "netIncome": "196931000"}, {"fiscalDateEnding": "2015-03-31", "reportedCurrency": "USD", "grossProfit": "943837000", "totalRevenue": "2962219000", "costOfRevenue": "2018382000", "costofGoodsAndServicesSold": "2018382000", "operatingIncome": "350845000", "sellingGeneralAndAdministrative": "2045000", "researchAndDevelopment": "0", "operatingExpenses": "592992000", "investmentIncomeNet": "None", "netInterestIncome": "None", "interestIncome": "None", "interestExpense": "133098000", "nonInterestIncome": "None", "otherNonOperatingIncome": "23597000", "depreciation": "None", "depreciationAndAmortization": "273098000", "incomeBeforeTax": "235646000", "incomeTaxExpense": "83580000", "interestAndDebtExpense": "None", "netIncomeFromContinuingOperations": "152066000", "comprehensiveIncomeNetOfTax": "None", "ebit": "383600000", "ebitda": "656698000", "netIncome": "152066000"}, {"fiscalDateEnding": "2014-12-31", "reportedCurrency": "USD", "grossProfit": "838768000", "totalRevenue": "2928628000", "costOfRevenue": "2089860000", "costofGoodsAndServicesSold": "2089860000", "operatingIncome": "391250000", "sellingGeneralAndAdministrative": "2260000", "researchAndDevelopment": "0", "operatingExpenses": "447518000", "investmentIncomeNet": "None", "netInterestIncome": "None", "interestIncome": "None", "interestExpense": "130260000", "nonInterestIncome": "None", "otherNonOperatingIncome": "29008000", "depreciation": "None", "depreciationAndAmortization": "262400000", "incomeBeforeTax": "284156000", "incomeTaxExpense": "87817000", "interestAndDebtExpense": "None", "netIncomeFromContinuingOperations": "196339000", "comprehensiveIncomeNetOfTax": "None", "ebit": "417923000", "ebitda": "680323000", "netIncome": "196339000"}, {"fiscalDateEnding": "2014-09-30", "reportedCurrency": "USD", "grossProfit": "1114205000", "totalRevenue": "2869807000", "costOfRevenue": "1755602000", "costofGoodsAndServicesSold": "1755602000", "operatingIncome": "665680000", "sellingGeneralAndAdministrative": "417000", "researchAndDevelopment": "0", "operatingExpenses": "448525000", "investmentIncomeNet": "None", "netInterestIncome": "None", "interestIncome": "None", "interestExpense": "127534000", "nonInterestIncome": "None", "otherNonOperatingIncome": "32142000", "depreciation": "None", "depreciationAndAmortization": "255395000", "incomeBeforeTax": "564551000", "incomeTaxExpense": "195969000", "interestAndDebtExpense": "None", "netIncomeFromContinuingOperations": "368582000", "comprehensiveIncomeNetOfTax": "None", "ebit": "701889000", "ebitda": "957284000", "netIncome": "368582000"}, {"fiscalDateEnding": "2014-06-30", "reportedCurrency": "USD", "grossProfit": "839627000", "totalRevenue": "2685096000", "costOfRevenue": "1845469000", "costofGoodsAndServicesSold": "1845469000", "operatingIncome": "397208000", "sellingGeneralAndAdministrative": "2438000", "researchAndDevelopment": "0", "operatingExpenses": "442419000", "investmentIncomeNet": "None", "netInterestIncome": "None", "interestIncome": "None", "interestExpense": "123673000", "nonInterestIncome": "None", "otherNonOperatingIncome": "31501000", "depreciation": "None", "depreciationAndAmortization": "255307000", "incomeBeforeTax": "299422000", "incomeTaxExpense": "104258000", "interestAndDebtExpense": "None", "netIncomeFromContinuingOperations": "195164000", "comprehensiveIncomeNetOfTax": "None", "ebit": "433076000", "ebitda": "688383000", "netIncome": "195164000"}, {"fiscalDateEnding": "2014-03-31", "reportedCurrency": "USD", "grossProfit": "942183000", "totalRevenue": "3202604000", "costOfRevenue": "2260421000", "costofGoodsAndServicesSold": "2260421000", "operatingIncome": "493992000", "sellingGeneralAndAdministrative": "1808000", "researchAndDevelopment": "0", "operatingExpenses": "448191000", "investmentIncomeNet": "None", "netInterestIncome": "None", "interestIncome": "None", "interestExpense": "123754000", "nonInterestIncome": "None", "otherNonOperatingIncome": "32546000", "depreciation": "None", "depreciationAndAmortization": "245943000", "incomeBeforeTax": "396992000", "incomeTaxExpense": "135771000", "interestAndDebtExpense": "None", "netIncomeFromContinuingOperations": "261221000", "comprehensiveIncomeNetOfTax": "None", "ebit": "527254000", "ebitda": "773197000", "netIncome": "261221000"}, {"fiscalDateEnding": "2013-12-31", "reportedCurrency": "USD", "grossProfit": "750487000", "totalRevenue": "2730822000", "costOfRevenue": "1980335000", "costofGoodsAndServicesSold": "1980335000", "operatingIncome": "325582000", "sellingGeneralAndAdministrative": "2360000", "researchAndDevelopment": "0", "operatingExpenses": "424905000", "investmentIncomeNet": "None", "netInterestIncome": "None", "interestIncome": "None", "interestExpense": "127368000", "nonInterestIncome": "None", "otherNonOperatingIncome": "31218000", "depreciation": "None", "depreciationAndAmortization": "256732000", "incomeBeforeTax": "223355000", "incomeTaxExpense": "73300000", "interestAndDebtExpense": "None", "netIncomeFromContinuingOperations": "150228000", "comprehensiveIncomeNetOfTax": "None", "ebit": "351712000", "ebitda": "608444000", "netIncome": "150055000"}, {"fiscalDateEnding": "2013-09-30", "reportedCurrency": "USD", "grossProfit": "1066702000", "totalRevenue": "2822338000", "costOfRevenue": "1755636000", "costofGoodsAndServicesSold": "1755636000", "operatingIncome": "665113000", "sellingGeneralAndAdministrative": "2386000", "researchAndDevelopment": "0", "operatingExpenses": "401589000", "investmentIncomeNet": "None", "netInterestIncome": "None", "interestIncome": "None", "interestExpense": "129361000", "nonInterestIncome": "None", "otherNonOperatingIncome": "28153000", "depreciation": "None", "depreciationAndAmortization": "228491000", "incomeBeforeTax": "557885000", "incomeTaxExpense": "193349000", "interestAndDebtExpense": "None", "netIncomeFromContinuingOperations": "364536000", "comprehensiveIncomeNetOfTax": "None", "ebit": "696549000", "ebitda": "925040000", "netIncome": "364752000"}, {"fiscalDateEnding": "2013-06-30", "reportedCurrency": "USD", "grossProfit": "808666000", "totalRevenue": "2578913000", "costOfRevenue": "1770247000", "costofGoodsAndServicesSold": "1770247000", "operatingIncome": "402236000", "sellingGeneralAndAdministrative": "1407000", "researchAndDevelopment": "0", "operatingExpenses": "406430000", "investmentIncomeNet": "None", "netInterestIncome": "None", "interestIncome": "None", "interestExpense": "124283000", "nonInterestIncome": "None", "otherNonOperatingIncome": "30051000", "depreciation": "None", "depreciationAndAmortization": "243934000", "incomeBeforeTax": "295775000", "incomeTaxExpense": "98893000", "interestAndDebtExpense": "None", "netIncomeFromContinuingOperations": "196882000", "comprehensiveIncomeNetOfTax": "None", "ebit": "397949000", "ebitda": "641883000", "netIncome": "196857000"}, {"fiscalDateEnding": "2013-03-31", "reportedCurrency": "USD", "grossProfit": "880789000", "totalRevenue": "2782849000", "costOfRevenue": "1902060000", "costofGoodsAndServicesSold": "1902060000", "operatingIncome": "454624000", "sellingGeneralAndAdministrative": "2139000", "researchAndDevelopment": "0", "operatingExpenses": "426165000", "investmentIncomeNet": "None", "netInterestIncome": "None", "interestIncome": "None", "interestExpense": "125046000", "nonInterestIncome": "None", "otherNonOperatingIncome": "31253000", "depreciation": "None", "depreciationAndAmortization": "248706000", "incomeBeforeTax": "355022000", "incomeTaxExpense": "118434000", "interestAndDebtExpense": "None", "netIncomeFromContinuingOperations": "236588000", "comprehensiveIncomeNetOfTax": "None", "ebit": "460314000", "ebitda": "709020000", "netIncome": "236570000"}, {"fiscalDateEnding": "2012-12-31", "reportedCurrency": "USD", "grossProfit": "720403000", "totalRevenue": "2551135000", "costOfRevenue": "1830732000", "costofGoodsAndServicesSold": "1830732000", "operatingIncome": "316397000", "sellingGeneralAndAdministrative": "183877000", "researchAndDevelopment": "0", "operatingExpenses": "404006000", "investmentIncomeNet": "None", "netInterestIncome": "None", "interestIncome": "None", "interestExpense": "127565000", "nonInterestIncome": "None", "otherNonOperatingIncome": "27379000", "depreciation": "None", "depreciationAndAmortization": "231689000", "incomeBeforeTax": "210250000", "incomeTaxExpense": "70042000", "interestAndDebtExpense": "None", "netIncomeFromContinuingOperations": "140208000", "comprehensiveIncomeNetOfTax": "None", "ebit": "347552000", "ebitda": "579241000", "netIncome": "140170000"}, {"fiscalDateEnding": "2012-09-30", "reportedCurrency": "USD", "grossProfit": "1660521000", "totalRevenue": "2724341000", "costOfRevenue": "1063820000", "costofGoodsAndServicesSold": "1063820000", "operatingIncome": "720434000", "sellingGeneralAndAdministrative": "2042000", "researchAndDevelopment": "0", "operatingExpenses": "940087000", "investmentIncomeNet": "None", "netInterestIncome": "None", "interestIncome": "None", "interestExpense": "143280000", "nonInterestIncome": "None", "otherNonOperatingIncome": "23838000", "depreciation": "None", "depreciationAndAmortization": "239051000", "incomeBeforeTax": "600992000", "incomeTaxExpense": "202845000", "interestAndDebtExpense": "None", "netIncomeFromContinuingOperations": "398147000", "comprehensiveIncomeNetOfTax": "None", "ebit": "772130000", "ebitda": "1011181000", "netIncome": "398106000"}, {"fiscalDateEnding": "2012-06-30", "reportedCurrency": "USD", "grossProfit": "1324592000", "totalRevenue": "2274668000", "costOfRevenue": "950076000", "costofGoodsAndServicesSold": "950076000", "operatingIncome": "405690000", "sellingGeneralAndAdministrative": "1061000", "researchAndDevelopment": "0", "operatingExpenses": "918902000", "investmentIncomeNet": "None", "netInterestIncome": "None", "interestIncome": "None", "interestExpense": "151921000", "nonInterestIncome": "None", "otherNonOperatingIncome": "23424000", "depreciation": "None", "depreciationAndAmortization": "226641000", "incomeBeforeTax": "284876000", "incomeTaxExpense": "101801000", "interestAndDebtExpense": "None", "netIncomeFromContinuingOperations": "183075000", "comprehensiveIncomeNetOfTax": "None", "ebit": "428558000", "ebitda": "655199000", "netIncome": "183060000"}, {"fiscalDateEnding": "2012-03-31", "reportedCurrency": "USD", "grossProfit": "1288849000", "totalRevenue": "2578079000", "costOfRevenue": "1289230000", "costofGoodsAndServicesSold": "1289230000", "operatingIncome": "380162000", "sellingGeneralAndAdministrative": "2799000", "researchAndDevelopment": "0", "operatingExpenses": "908687000", "investmentIncomeNet": "None", "netInterestIncome": "None", "interestIncome": "None", "interestExpense": "151830000", "nonInterestIncome": "None", "otherNonOperatingIncome": "24345000", "depreciation": "None", "depreciationAndAmortization": "228672000", "incomeBeforeTax": "259284000", "incomeTaxExpense": "75515000", "interestAndDebtExpense": "None", "netIncomeFromContinuingOperations": "183769000", "comprehensiveIncomeNetOfTax": "None", "ebit": "387320000", "ebitda": "615992000", "netIncome": "183893000"}, {"fiscalDateEnding": "2011-12-31", "reportedCurrency": "USD", "grossProfit": "1269475000", "totalRevenue": "2568410000", "costOfRevenue": "1298935000", "costofGoodsAndServicesSold": "1298935000", "operatingIncome": "344001000", "sellingGeneralAndAdministrative": "69303000", "researchAndDevelopment": "0", "operatingExpenses": "925474000", "investmentIncomeNet": "None", "netInterestIncome": "None", "interestIncome": "None", "interestExpense": "145789000", "nonInterestIncome": "None", "otherNonOperatingIncome": "21207000", "depreciation": "None", "depreciationAndAmortization": "194303000", "incomeBeforeTax": "219419000", "incomeTaxExpense": "78478000", "interestAndDebtExpense": "None", "netIncomeFromContinuingOperations": "140941000", "comprehensiveIncomeNetOfTax": "None", "ebit": "351715000", "ebitda": "546018000", "netIncome": "140509000"}, {"fiscalDateEnding": "2011-09-30", "reportedCurrency": "USD", "grossProfit": "1587085000", "totalRevenue": "2831598000", "costOfRevenue": "1244513000", "costofGoodsAndServicesSold": "1244513000", "operatingIncome": "651496000", "sellingGeneralAndAdministrative": "71280000", "researchAndDevelopment": "0", "operatingExpenses": "935589000", "investmentIncomeNet": "None", "netInterestIncome": "None", "interestIncome": "None", "interestExpense": "141710000", "nonInterestIncome": "None", "otherNonOperatingIncome": "21813000", "depreciation": "None", "depreciationAndAmortization": "242329000", "incomeBeforeTax": "531599000", "incomeTaxExpense": "193304000", "interestAndDebtExpense": "None", "netIncomeFromContinuingOperations": "338295000", "comprehensiveIncomeNetOfTax": "None", "ebit": "709463000", "ebitda": "951792000", "netIncome": "333658000"}, {"fiscalDateEnding": "2011-06-30", "reportedCurrency": "USD", "grossProfit": "1278862000", "totalRevenue": "2438222000", "costOfRevenue": "1159360000", "costofGoodsAndServicesSold": "1159360000", "operatingIncome": "359442000", "sellingGeneralAndAdministrative": "65497000", "researchAndDevelopment": "0", "operatingExpenses": "919420000", "investmentIncomeNet": "None", "netInterestIncome": "None", "interestIncome": "None", "interestExpense": "146338000", "nonInterestIncome": "None", "otherNonOperatingIncome": "22262000", "depreciation": "None", "depreciationAndAmortization": "229264000", "incomeBeforeTax": "243204000", "incomeTaxExpense": "84533000", "interestAndDebtExpense": "None", "netIncomeFromContinuingOperations": "158671000", "comprehensiveIncomeNetOfTax": "None", "ebit": "389542000", "ebitda": "618806000", "netIncome": "157702000"}, {"fiscalDateEnding": "2011-03-31", "reportedCurrency": "USD", "grossProfit": "1333281000", "totalRevenue": "2816540000", "costOfRevenue": "1483259000", "costofGoodsAndServicesSold": "1483259000", "operatingIncome": "426663000", "sellingGeneralAndAdministrative": "75298000", "researchAndDevelopment": "0", "operatingExpenses": "906618000", "investmentIncomeNet": "None", "netInterestIncome": "None", "interestIncome": "None", "interestExpense": "136918000", "nonInterestIncome": "None", "otherNonOperatingIncome": "25723000", "depreciation": "None", "depreciationAndAmortization": "224723000", "incomeBeforeTax": "315468000", "incomeTaxExpense": "112001000", "interestAndDebtExpense": "None", "netIncomeFromContinuingOperations": "203467000", "comprehensiveIncomeNetOfTax": "None", "ebit": "459822000", "ebitda": "684545000", "netIncome": "202509000"}, {"fiscalDateEnding": "2010-12-31", "reportedCurrency": "USD", "grossProfit": "1245046000", "totalRevenue": "2566934000", "costOfRevenue": "1321888000", "costofGoodsAndServicesSold": "1321888000", "operatingIncome": "322370000", "sellingGeneralAndAdministrative": "65376000", "researchAndDevelopment": "0", "operatingExpenses": "922676000", "investmentIncomeNet": "None", "netInterestIncome": "None", "interestIncome": "None", "interestExpense": "139122000", "nonInterestIncome": "None", "otherNonOperatingIncome": "24926000", "depreciation": "None", "depreciationAndAmortization": "251316000", "incomeBeforeTax": "208174000", "incomeTaxExpense": "71671000", "interestAndDebtExpense": "None", "netIncomeFromContinuingOperations": "136503000", "comprehensiveIncomeNetOfTax": "None", "ebit": "347296000", "ebitda": "598612000", "netIncome": "135573000"}, {"fiscalDateEnding": "2010-09-30", "reportedCurrency": "USD", "grossProfit": "1442587000", "totalRevenue": "2628787000", "costOfRevenue": "1186200000", "costofGoodsAndServicesSold": "1186200000", "operatingIncome": "568630000", "sellingGeneralAndAdministrative": "60861000", "researchAndDevelopment": "0", "operatingExpenses": "873957000", "investmentIncomeNet": "None", "netInterestIncome": "None", "interestIncome": "None", "interestExpense": "138526000", "nonInterestIncome": "None", "otherNonOperatingIncome": "48584000", "depreciation": "None", "depreciationAndAmortization": "254868000", "incomeBeforeTax": "478688000", "incomeTaxExpense": "166200000", "interestAndDebtExpense": "None", "netIncomeFromContinuingOperations": "312488000", "comprehensiveIncomeNetOfTax": "None", "ebit": "623537000", "ebitda": "878405000", "netIncome": "311246000"}, {"fiscalDateEnding": "2010-06-30", "reportedCurrency": "USD", "grossProfit": "1190009000", "totalRevenue": "2307764000", "costOfRevenue": "1117755000", "costofGoodsAndServicesSold": "1117755000", "operatingIncome": "325304000", "sellingGeneralAndAdministrative": "55551000", "researchAndDevelopment": "0", "operatingExpenses": "864705000", "investmentIncomeNet": "None", "netInterestIncome": "None", "interestIncome": "None", "interestExpense": "134880000", "nonInterestIncome": "None", "otherNonOperatingIncome": "22067000", "depreciation": "None", "depreciationAndAmortization": "234910000", "incomeBeforeTax": "212491000", "incomeTaxExpense": "76866000", "interestAndDebtExpense": "None", "netIncomeFromContinuingOperations": "135625000", "comprehensiveIncomeNetOfTax": "None", "ebit": "347371000", "ebitda": "582281000", "netIncome": "138716000"}, {"fiscalDateEnding": "2010-03-31", "reportedCurrency": "USD", "grossProfit": "1230179000", "totalRevenue": "2807462000", "costOfRevenue": "1577283000", "costofGoodsAndServicesSold": "1577283000", "operatingIncome": "403665000", "sellingGeneralAndAdministrative": "58039000", "researchAndDevelopment": "0", "operatingExpenses": "826514000", "investmentIncomeNet": "None", "netInterestIncome": "None", "interestIncome": "None", "interestExpense": "136093000", "nonInterestIncome": "None", "otherNonOperatingIncome": "21666000", "depreciation": "None", "depreciationAndAmortization": "206126000", "incomeBeforeTax": "289238000", "incomeTaxExpense": "121898000", "interestAndDebtExpense": "None", "netIncomeFromContinuingOperations": "167340000", "comprehensiveIncomeNetOfTax": "None", "ebit": "433068000", "ebitda": "639194000", "netIncome": "166058000"}, {"fiscalDateEnding": "2009-12-31", "reportedCurrency": "USD", "grossProfit": "1185090000", "totalRevenue": "2618116000", "costOfRevenue": "1433026000", "costofGoodsAndServicesSold": "1433026000", "operatingIncome": "353259000", "sellingGeneralAndAdministrative": "48319000", "researchAndDevelopment": "0", "operatingExpenses": "831831000", "investmentIncomeNet": "None", "netInterestIncome": "None", "interestIncome": "None", "interestExpense": "131079000", "nonInterestIncome": "None", "otherNonOperatingIncome": "None", "depreciation": "None", "depreciationAndAmortization": "211957000", "incomeBeforeTax": "272342000", "incomeTaxExpense": "90733000", "interestAndDebtExpense": "None", "netIncomeFromContinuingOperations": "0", "comprehensiveIncomeNetOfTax": "None", "ebit": "403421000", "ebitda": "615378000", "netIncome": "167824000"}, {"fiscalDateEnding": "2009-09-30", "reportedCurrency": "USD", "grossProfit": "1255906000", "totalRevenue": "2314562000", "costOfRevenue": "1058656000", "costofGoodsAndServicesSold": "1058656000", "operatingIncome": "465148000", "sellingGeneralAndAdministrative": "47157000", "researchAndDevelopment": "0", "operatingExpenses": "790758000", "investmentIncomeNet": "None", "netInterestIncome": "None", "interestIncome": "None", "interestExpense": "129749000", "nonInterestIncome": "None", "otherNonOperatingIncome": "22004000", "depreciation": "None", "depreciationAndAmortization": "198222000", "incomeBeforeTax": "353040000", "incomeTaxExpense": "135610000", "interestAndDebtExpense": "None", "netIncomeFromContinuingOperations": "221793000", "comprehensiveIncomeNetOfTax": "None", "ebit": "465148000", "ebitda": "663370000", "netIncome": "219768000"}, {"fiscalDateEnding": "2009-06-30", "reportedCurrency": "USD", "grossProfit": "1068607000", "totalRevenue": "2016083000", "costOfRevenue": "947476000", "costofGoodsAndServicesSold": "947476000", "operatingIncome": "279368000", "sellingGeneralAndAdministrative": "41417000", "researchAndDevelopment": "0", "operatingExpenses": "789239000", "investmentIncomeNet": "None", "netInterestIncome": "None", "interestIncome": "None", "interestExpense": "129452000", "nonInterestIncome": "None", "otherNonOperatingIncome": "24994000", "depreciation": "None", "depreciationAndAmortization": "202348000", "incomeBeforeTax": "171655000", "incomeTaxExpense": "57846000", "interestAndDebtExpense": "None", "netIncomeFromContinuingOperations": "113809000", "comprehensiveIncomeNetOfTax": "None", "ebit": "282387000", "ebitda": "484735000", "netIncome": "113927000"}, {"fiscalDateEnding": "2009-03-31", "reportedCurrency": "USD", "grossProfit": "1173663000", "totalRevenue": "2695542000", "costOfRevenue": "1521879000", "costofGoodsAndServicesSold": "1521879000", "operatingIncome": "370797000", "sellingGeneralAndAdministrative": "45219000", "researchAndDevelopment": "0", "operatingExpenses": "802866000", "investmentIncomeNet": "None", "netInterestIncome": "None", "interestIncome": "None", "interestExpense": "131575000", "nonInterestIncome": "None", "otherNonOperatingIncome": "None", "depreciation": "None", "depreciationAndAmortization": "239218000", "incomeBeforeTax": "259801000", "incomeTaxExpense": "87125000", "interestAndDebtExpense": "None", "netIncomeFromContinuingOperations": "0", "comprehensiveIncomeNetOfTax": "None", "ebit": "397920000", "ebitda": "637138000", "netIncome": "173007000"}, {"fiscalDateEnding": "2008-12-31", "reportedCurrency": "USD", "grossProfit": "1097063000", "totalRevenue": "2707573000", "costOfRevenue": "1610510000", "costofGoodsAndServicesSold": "1610510000", "operatingIncome": "352843000", "sellingGeneralAndAdministrative": "0", "researchAndDevelopment": "0", "operatingExpenses": "744220000", "investmentIncomeNet": "None", "netInterestIncome": "None", "interestIncome": "None", "interestExpense": "552919000", "nonInterestIncome": "None", "otherNonOperatingIncome": "None", "depreciation": "None", "depreciationAndAmortization": "263706000", "incomeBeforeTax": "248798000", "incomeTaxExpense": "85240000", "interestAndDebtExpense": "None", "netIncomeFromContinuingOperations": "0", "comprehensiveIncomeNetOfTax": "None", "ebit": "352843000", "ebitda": "616549000", "netIncome": "163015000"}, {"fiscalDateEnding": "2008-09-30", "reportedCurrency": "USD", "grossProfit": "1181941000", "totalRevenue": "2851680000", "costOfRevenue": "1669739000", "costofGoodsAndServicesSold": "1669739000", "operatingIncome": "447994000", "sellingGeneralAndAdministrative": "0", "researchAndDevelopment": "0", "operatingExpenses": "733947000", "investmentIncomeNet": "None", "netInterestIncome": "None", "interestIncome": "None", "interestExpense": "139777000", "nonInterestIncome": "None", "otherNonOperatingIncome": "None", "depreciation": "None", "depreciationAndAmortization": "195842000", "incomeBeforeTax": "344451000", "incomeTaxExpense": "121756000", "interestAndDebtExpense": "None", "netIncomeFromContinuingOperations": "0", "comprehensiveIncomeNetOfTax": "None", "ebit": "520814000", "ebitda": "716656000", "netIncome": "221729000"}, {"fiscalDateEnding": "2008-06-30", "reportedCurrency": "USD", "grossProfit": "1026293000", "totalRevenue": "2615515000", "costOfRevenue": "1589222000", "costofGoodsAndServicesSold": "1589222000", "operatingIncome": "259836000", "sellingGeneralAndAdministrative": "0", "researchAndDevelopment": "0", "operatingExpenses": "766457000", "investmentIncomeNet": "None", "netInterestIncome": "None", "interestIncome": "None", "interestExpense": "9931000", "nonInterestIncome": "None", "otherNonOperatingIncome": "None", "depreciation": "None", "depreciationAndAmortization": "243138000", "incomeBeforeTax": "160579000", "incomeTaxExpense": "55106000", "interestAndDebtExpense": "None", "netIncomeFromContinuingOperations": "0", "comprehensiveIncomeNetOfTax": "None", "ebit": "259836000", "ebitda": "502974000", "netIncome": "104512000"}, {"fiscalDateEnding": "2008-03-31", "reportedCurrency": "USD", "grossProfit": "1940308000", "totalRevenue": "3028388000", "costOfRevenue": "1088080000", "costofGoodsAndServicesSold": "1088080000", "operatingIncome": "330118000", "sellingGeneralAndAdministrative": "0", "researchAndDevelopment": "0", "operatingExpenses": "1610190000", "investmentIncomeNet": "None", "netInterestIncome": "None", "interestIncome": "None", "interestExpense": "132171000", "nonInterestIncome": "None", "otherNonOperatingIncome": "None", "depreciation": "None", "depreciationAndAmortization": "237711000", "incomeBeforeTax": "230578000", "incomeTaxExpense": "76584000", "interestAndDebtExpense": "None", "netIncomeFromContinuingOperations": "0", "comprehensiveIncomeNetOfTax": "None", "ebit": "330118000", "ebitda": "567829000", "netIncome": "152047000"}, {"fiscalDateEnding": "2007-12-31", "reportedCurrency": "USD", "grossProfit": "1081518000", "totalRevenue": "2603219000", "costOfRevenue": "1521701000", "costofGoodsAndServicesSold": "1521701000", "operatingIncome": "285786000", "sellingGeneralAndAdministrative": "0", "researchAndDevelopment": "0", "operatingExpenses": "795732000", "investmentIncomeNet": "None", "netInterestIncome": "None", "interestIncome": "None", "interestExpense": "520037000", "nonInterestIncome": "None", "otherNonOperatingIncome": "None", "depreciation": "None", "depreciationAndAmortization": "224375000", "incomeBeforeTax": "130577000", "incomeTaxExpense": "39306000", "interestAndDebtExpense": "None", "netIncomeFromContinuingOperations": "0", "comprehensiveIncomeNetOfTax": "None", "ebit": "285786000", "ebitda": "510161000", "netIncome": "128861000"}, {"fiscalDateEnding": "2007-09-30", "reportedCurrency": "USD", "grossProfit": "1208908000", "totalRevenue": "2399997000", "costOfRevenue": "1191089000", "costofGoodsAndServicesSold": "1191089000", "operatingIncome": "495770000", "sellingGeneralAndAdministrative": "0", "researchAndDevelopment": "0", "operatingExpenses": "713138000", "investmentIncomeNet": "None", "netInterestIncome": "None", "interestIncome": "None", "interestExpense": "137451000", "nonInterestIncome": "None", "otherNonOperatingIncome": "None", "depreciation": "None", "depreciationAndAmortization": "212841000", "incomeBeforeTax": "382290000", "incomeTaxExpense": "135945000", "interestAndDebtExpense": "None", "netIncomeFromContinuingOperations": "0", "comprehensiveIncomeNetOfTax": "None", "ebit": "495770000", "ebitda": "708611000", "netIncome": "250654000"}, {"fiscalDateEnding": "2007-06-30", "reportedCurrency": "USD", "grossProfit": "1015819000", "totalRevenue": "2267292000", "costOfRevenue": "1251473000", "costofGoodsAndServicesSold": "1251473000", "operatingIncome": "290547000", "sellingGeneralAndAdministrative": "0", "researchAndDevelopment": "0", "operatingExpenses": "725272000", "investmentIncomeNet": "None", "netInterestIncome": "None", "interestIncome": "None", "interestExpense": "648000", "nonInterestIncome": "None", "otherNonOperatingIncome": "None", "depreciation": "None", "depreciationAndAmortization": "231594000", "incomeBeforeTax": "186385000", "incomeTaxExpense": "62282000", "interestAndDebtExpense": "None", "netIncomeFromContinuingOperations": "0", "comprehensiveIncomeNetOfTax": "None", "ebit": "290547000", "ebitda": "522141000", "netIncome": "66635000"}, {"fiscalDateEnding": "2007-03-31", "reportedCurrency": "USD", "grossProfit": "1784091000", "totalRevenue": "2763662000", "costOfRevenue": "979571000", "costofGoodsAndServicesSold": "979571000", "operatingIncome": "278128000", "sellingGeneralAndAdministrative": "0", "researchAndDevelopment": "0", "operatingExpenses": "1505963000", "investmentIncomeNet": "None", "netInterestIncome": "None", "interestIncome": "None", "interestExpense": "816000", "nonInterestIncome": "None", "otherNonOperatingIncome": "None", "depreciation": "None", "depreciationAndAmortization": "231860000", "incomeBeforeTax": "166423000", "incomeTaxExpense": "47909000", "interestAndDebtExpense": "None", "netIncomeFromContinuingOperations": "0", "comprehensiveIncomeNetOfTax": "None", "ebit": "278128000", "ebitda": "509988000", "netIncome": "118651000"}, {"fiscalDateEnding": "2006-12-31", "reportedCurrency": "USD", "grossProfit": "1470485000", "totalRevenue": "2466736000", "costOfRevenue": "996251000", "costofGoodsAndServicesSold": "996251000", "operatingIncome": "229483000", "sellingGeneralAndAdministrative": "0", "researchAndDevelopment": "0", "operatingExpenses": "1241002000", "investmentIncomeNet": "None", "netInterestIncome": "None", "interestIncome": "None", "interestExpense": "126595000", "nonInterestIncome": "None", "otherNonOperatingIncome": "None", "depreciation": "None", "depreciationAndAmortization": "223329000", "incomeBeforeTax": "121270000", "incomeTaxExpense": "24512000", "interestAndDebtExpense": "None", "netIncomeFromContinuingOperations": "0", "comprehensiveIncomeNetOfTax": "None", "ebit": "229483000", "ebitda": "452812000", "netIncome": "96658000"}, {"fiscalDateEnding": "2006-09-30", "reportedCurrency": "USD", "grossProfit": "1250695000", "totalRevenue": "2411591000", "costOfRevenue": "1160896000", "costofGoodsAndServicesSold": "1160896000", "operatingIncome": "410103000", "sellingGeneralAndAdministrative": "0", "researchAndDevelopment": "0", "operatingExpenses": "840592000", "investmentIncomeNet": "None", "netInterestIncome": "None", "interestIncome": "None", "interestExpense": "2149000", "nonInterestIncome": "None", "otherNonOperatingIncome": "None", "depreciation": "None", "depreciationAndAmortization": "226435000", "incomeBeforeTax": "307200000", "incomeTaxExpense": "83025000", "interestAndDebtExpense": "None", "netIncomeFromContinuingOperations": "0", "comprehensiveIncomeNetOfTax": "None", "ebit": "409073000", "ebitda": "635508000", "netIncome": "222342000"}, {"fiscalDateEnding": "2006-06-30", "reportedCurrency": "USD", "grossProfit": "1122659000", "totalRevenue": "2073873000", "costOfRevenue": "951214000", "costofGoodsAndServicesSold": "951214000", "operatingIncome": "224658000", "sellingGeneralAndAdministrative": "0", "researchAndDevelopment": "0", "operatingExpenses": "898001000", "investmentIncomeNet": "None", "netInterestIncome": "None", "interestIncome": "None", "interestExpense": "921000", "nonInterestIncome": "None", "otherNonOperatingIncome": "None", "depreciation": "None", "depreciationAndAmortization": "226167000", "incomeBeforeTax": "118473000", "incomeTaxExpense": "20537000", "interestAndDebtExpense": "None", "netIncomeFromContinuingOperations": "0", "comprehensiveIncomeNetOfTax": "None", "ebit": "220801000", "ebitda": "446968000", "netIncome": "97215000"}, {"fiscalDateEnding": "2006-03-31", "reportedCurrency": "USD", "grossProfit": "1893409000", "totalRevenue": "2888104000", "costOfRevenue": "994695000", "costofGoodsAndServicesSold": "994695000", "operatingIncome": "312749000", "sellingGeneralAndAdministrative": "0", "researchAndDevelopment": "0", "operatingExpenses": "1580660000", "investmentIncomeNet": "None", "netInterestIncome": "None", "interestIncome": "None", "interestExpense": "384000", "nonInterestIncome": "None", "otherNonOperatingIncome": "None", "depreciation": "None", "depreciationAndAmortization": "218923000", "incomeBeforeTax": "203148000", "incomeTaxExpense": "53336000", "interestAndDebtExpense": "None", "netIncomeFromContinuingOperations": "0", "comprehensiveIncomeNetOfTax": "None", "ebit": "312749000", "ebitda": "531672000", "netIncome": "150238000"}, {"fiscalDateEnding": "2005-12-31", "reportedCurrency": "USD", "grossProfit": "1757566000", "totalRevenue": "2884938000", "costOfRevenue": "1127372000", "costofGoodsAndServicesSold": "1127372000", "operatingIncome": "250555000", "sellingGeneralAndAdministrative": "0", "researchAndDevelopment": "0", "operatingExpenses": "1507011000", "investmentIncomeNet": "None", "netInterestIncome": "None", "interestIncome": "None", "interestExpense": "857000", "nonInterestIncome": "None", "otherNonOperatingIncome": "None", "depreciation": "None", "depreciationAndAmortization": "209937000", "incomeBeforeTax": "142263000", "incomeTaxExpense": "43298000", "interestAndDebtExpense": "None", "netIncomeFromContinuingOperations": "0", "comprehensiveIncomeNetOfTax": "None", "ebit": "250555000", "ebitda": "460492000", "netIncome": "111008000"}, {"fiscalDateEnding": "2005-09-30", "reportedCurrency": "USD", "grossProfit": "1164969000", "totalRevenue": "2286123000", "costOfRevenue": "1121154000", "costofGoodsAndServicesSold": "1121154000", "operatingIncome": "364725000", "sellingGeneralAndAdministrative": "0", "researchAndDevelopment": "0", "operatingExpenses": "800244000", "investmentIncomeNet": "None", "netInterestIncome": "None", "interestIncome": "None", "interestExpense": "1930000", "nonInterestIncome": "None", "otherNonOperatingIncome": "None", "depreciation": "None", "depreciationAndAmortization": "196068000", "incomeBeforeTax": "258450000", "incomeTaxExpense": "60633000", "interestAndDebtExpense": "None", "netIncomeFromContinuingOperations": "0", "comprehensiveIncomeNetOfTax": "None", "ebit": "370700000", "ebitda": "566768000", "netIncome": "194959000"}, {"fiscalDateEnding": "2005-06-30", "reportedCurrency": "USD", "grossProfit": "1154617000", "totalRevenue": "2067017000", "costOfRevenue": "912400000", "costofGoodsAndServicesSold": "912400000", "operatingIncome": "202505000", "sellingGeneralAndAdministrative": "0", "researchAndDevelopment": "0", "operatingExpenses": "952112000", "investmentIncomeNet": "None", "netInterestIncome": "None", "interestIncome": "None", "interestExpense": "5066000", "nonInterestIncome": "None", "otherNonOperatingIncome": "None", "depreciation": "None", "depreciationAndAmortization": "204192000", "incomeBeforeTax": "103180000", "incomeTaxExpense": "24770000", "interestAndDebtExpense": "None", "netIncomeFromContinuingOperations": "0", "comprehensiveIncomeNetOfTax": "None", "ebit": "196340000", "ebitda": "400532000", "netIncome": "82346000"}, {"fiscalDateEnding": "2005-03-31", "reportedCurrency": "USD", "grossProfit": "1638281000", "totalRevenue": "2399689000", "costOfRevenue": "761408000", "costofGoodsAndServicesSold": "761408000", "operatingIncome": "274524000", "sellingGeneralAndAdministrative": "0", "researchAndDevelopment": "0", "operatingExpenses": "1363757000", "investmentIncomeNet": "None", "netInterestIncome": "None", "interestIncome": "None", "interestExpense": "492000", "nonInterestIncome": "None", "otherNonOperatingIncome": "None", "depreciation": "None", "depreciationAndAmortization": "205587000", "incomeBeforeTax": "171391000", "incomeTaxExpense": "45509000", "interestAndDebtExpense": "None", "netIncomeFromContinuingOperations": "0", "comprehensiveIncomeNetOfTax": "None", "ebit": "274939000", "ebitda": "480526000", "netIncome": "120418000"}, {"fiscalDateEnding": "2004-12-31", "reportedCurrency": "USD", "grossProfit": "1509162000", "totalRevenue": "2259361000", "costOfRevenue": "750199000", "costofGoodsAndServicesSold": "750199000", "operatingIncome": "214804000", "sellingGeneralAndAdministrative": "0", "researchAndDevelopment": "0", "operatingExpenses": "1294358000", "investmentIncomeNet": "None", "netInterestIncome": "None", "interestIncome": "None", "interestExpense": "14808000", "nonInterestIncome": "None", "otherNonOperatingIncome": "None", "depreciation": "None", "depreciationAndAmortization": "201923000", "incomeBeforeTax": "123888000", "incomeTaxExpense": "-2701000", "interestAndDebtExpense": "None", "netIncomeFromContinuingOperations": "0", "comprehensiveIncomeNetOfTax": "None", "ebit": "214804000", "ebitda": "416727000", "netIncome": "71964000"}]}