{"symbol": "CI", "annualReports": [{"fiscalDateEnding": "2024-12-31", "reportedCurrency": "USD", "grossProfit": "244384000000", "totalRevenue": "244384000000", "costOfRevenue": "-2737000000", "costofGoodsAndServicesSold": "-2737000000", "operatingIncome": "5269000000", "sellingGeneralAndAdministrative": "14844000000", "researchAndDevelopment": "None", "operatingExpenses": "239115000000", "investmentIncomeNet": "None", "netInterestIncome": "-1435000000", "interestIncome": "None", "interestExpense": "1435000000", "nonInterestIncome": "None", "otherNonOperatingIncome": "None", "depreciation": "None", "depreciationAndAmortization": "2775000000", "incomeBeforeTax": "5269000000", "incomeTaxExpense": "1491000000", "interestAndDebtExpense": "None", "netIncomeFromContinuingOperations": "3778000000", "comprehensiveIncomeNetOfTax": "None", "ebit": "6704000000", "ebitda": "9479000000", "netIncome": "3434000000"}, {"fiscalDateEnding": "2023-12-31", "reportedCurrency": "USD", "grossProfit": "158978000000", "totalRevenue": "195187000000", "costOfRevenue": "36209000000", "costofGoodsAndServicesSold": "36209000000", "operatingIncome": "8536000000", "sellingGeneralAndAdministrative": "14822000000", "researchAndDevelopment": "None", "operatingExpenses": "186651000000", "investmentIncomeNet": "None", "netInterestIncome": "-1410000000", "interestIncome": "None", "interestExpense": "1446000000", "nonInterestIncome": "None", "otherNonOperatingIncome": "None", "depreciation": "None", "depreciationAndAmortization": "3035000000", "incomeBeforeTax": "5513000000", "incomeTaxExpense": "141000000", "interestAndDebtExpense": "None", "netIncomeFromContinuingOperations": "5451000000", "comprehensiveIncomeNetOfTax": "None", "ebit": "6539000000", "ebitda": "9574000000", "netIncome": "5164000000"}, {"fiscalDateEnding": "2022-12-31", "reportedCurrency": "USD", "grossProfit": "148436000000", "totalRevenue": "180031000000", "costOfRevenue": "32206000000", "costofGoodsAndServicesSold": "32206000000", "operatingIncome": "8450000000", "sellingGeneralAndAdministrative": "12738000000", "researchAndDevelopment": "None", "operatingExpenses": "171581000000", "investmentIncomeNet": "None", "netInterestIncome": "-1228000000", "interestIncome": "1228000000", "interestExpense": "1228000000", "nonInterestIncome": "None", "otherNonOperatingIncome": "434000000", "depreciation": "None", "depreciationAndAmortization": "2925000000", "incomeBeforeTax": "8397000000", "incomeTaxExpense": "1615000000", "interestAndDebtExpense": "None", "netIncomeFromContinuingOperations": "6668000000", "comprehensiveIncomeNetOfTax": "None", "ebit": "9983000000", "ebitda": "12908000000", "netIncome": "6704000000"}, {"fiscalDateEnding": "2021-12-31", "reportedCurrency": "USD", "grossProfit": "140710000000", "totalRevenue": "174267000000", "costOfRevenue": "33562000000", "costofGoodsAndServicesSold": "33562000000", "operatingIncome": "7941000000", "sellingGeneralAndAdministrative": "12242000000", "researchAndDevelopment": "None", "operatingExpenses": "166326000000", "investmentIncomeNet": "None", "netInterestIncome": "-1208000000", "interestIncome": "1208000000", "interestExpense": "1208000000", "nonInterestIncome": "None", "otherNonOperatingIncome": "-1349000000", "depreciation": "None", "depreciationAndAmortization": "2923000000", "incomeBeforeTax": "6790000000", "incomeTaxExpense": "1370000000", "interestAndDebtExpense": "None", "netIncomeFromContinuingOperations": "5415000000", "comprehensiveIncomeNetOfTax": "None", "ebit": "7490000000", "ebitda": "10413000000", "netIncome": "5370000000"}, {"fiscalDateEnding": "2020-12-31", "reportedCurrency": "USD", "grossProfit": "127867000000", "totalRevenue": "160550000000", "costOfRevenue": "32710000000", "costofGoodsAndServicesSold": "32710000000", "operatingIncome": "8153000000", "sellingGeneralAndAdministrative": "14072000000", "researchAndDevelopment": "None", "operatingExpenses": "152397000000", "investmentIncomeNet": "None", "netInterestIncome": "-1438000000", "interestIncome": "1438000000", "interestExpense": "1438000000", "nonInterestIncome": "None", "otherNonOperatingIncome": "2566000000", "depreciation": "None", "depreciationAndAmortization": "2802000000", "incomeBeforeTax": "10868000000", "incomeTaxExpense": "2379000000", "interestAndDebtExpense": "None", "netIncomeFromContinuingOperations": "8489000000", "comprehensiveIncomeNetOfTax": "None", "ebit": "11675000000", "ebitda": "14477000000", "netIncome": "8458000000"}, {"fiscalDateEnding": "2019-12-31", "reportedCurrency": "USD", "grossProfit": "122924000000", "totalRevenue": "153743000000", "costOfRevenue": "30819000000", "costofGoodsAndServicesSold": "30819000000", "operatingIncome": "8077000000", "sellingGeneralAndAdministrative": "14053000000", "researchAndDevelopment": "None", "operatingExpenses": "145666000000", "investmentIncomeNet": "None", "netInterestIncome": "-1682000000", "interestIncome": "1682000000", "interestExpense": "1682000000", "nonInterestIncome": "None", "otherNonOperatingIncome": "-1684000000", "depreciation": "None", "depreciationAndAmortization": "3651000000", "incomeBeforeTax": "6570000000", "incomeTaxExpense": "1450000000", "interestAndDebtExpense": "None", "netIncomeFromContinuingOperations": "5120000000", "comprehensiveIncomeNetOfTax": "None", "ebit": "7265000000", "ebitda": "10916000000", "netIncome": "5104000000"}, {"fiscalDateEnding": "2018-12-31", "reportedCurrency": "USD", "grossProfit": "21041000000", "totalRevenue": "48569000000", "costOfRevenue": "27528000000", "costofGoodsAndServicesSold": "27528000000", "operatingIncome": "4160000000", "sellingGeneralAndAdministrative": "11934000000", "researchAndDevelopment": "0", "operatingExpenses": "44409000000", "investmentIncomeNet": "None", "netInterestIncome": "-498000000", "interestIncome": "271000000", "interestExpense": "498000000", "nonInterestIncome": "None", "otherNonOperatingIncome": "-498000000", "depreciation": "None", "depreciationAndAmortization": "695000000", "incomeBeforeTax": "3581000000", "incomeTaxExpense": "935000000", "interestAndDebtExpense": "None", "netIncomeFromContinuingOperations": "2646000000", "comprehensiveIncomeNetOfTax": "None", "ebit": "3387000000", "ebitda": "4082000000", "netIncome": "2637000000"}, {"fiscalDateEnding": "2017-12-31", "reportedCurrency": "USD", "grossProfit": "42043000000", "totalRevenue": "42043000000", "costOfRevenue": "27719000000", "costofGoodsAndServicesSold": "27719000000", "operatingIncome": "3942000000", "sellingGeneralAndAdministrative": "9831000000", "researchAndDevelopment": "0", "operatingExpenses": "38101000000", "investmentIncomeNet": "None", "netInterestIncome": "-252000000", "interestIncome": "252000000", "interestExpense": "252000000", "nonInterestIncome": "None", "otherNonOperatingIncome": "None", "depreciation": "None", "depreciationAndAmortization": "566000000", "incomeBeforeTax": "3606000000", "incomeTaxExpense": "1374000000", "interestAndDebtExpense": "None", "netIncomeFromContinuingOperations": "2232000000", "comprehensiveIncomeNetOfTax": "None", "ebit": "3621000000", "ebitda": "4187000000", "netIncome": "2237000000"}, {"fiscalDateEnding": "2016-12-31", "reportedCurrency": "USD", "grossProfit": "39668000000", "totalRevenue": "40007000000", "costOfRevenue": "26809000000", "costofGoodsAndServicesSold": "26809000000", "operatingIncome": "3088000000", "sellingGeneralAndAdministrative": "9750000000", "researchAndDevelopment": "0", "operatingExpenses": "36919000000", "investmentIncomeNet": "None", "netInterestIncome": "None", "interestIncome": "None", "interestExpense": "278000000", "nonInterestIncome": "None", "otherNonOperatingIncome": "None", "depreciation": "None", "depreciationAndAmortization": "590000000", "incomeBeforeTax": "2979000000", "incomeTaxExpense": "1136000000", "interestAndDebtExpense": "None", "netIncomeFromContinuingOperations": "1843000000", "comprehensiveIncomeNetOfTax": "None", "ebit": "2882000000", "ebitda": "3472000000", "netIncome": "1867000000"}, {"fiscalDateEnding": "2015-12-31", "reportedCurrency": "USD", "grossProfit": "37876000000", "totalRevenue": "37876000000", "costOfRevenue": "25424000000", "costofGoodsAndServicesSold": "25424000000", "operatingIncome": "37876000000", "sellingGeneralAndAdministrative": "9750000000", "researchAndDevelopment": "0", "operatingExpenses": "34549000000", "investmentIncomeNet": "None", "netInterestIncome": "None", "interestIncome": "None", "interestExpense": "0", "nonInterestIncome": "None", "otherNonOperatingIncome": "None", "depreciation": "None", "depreciationAndAmortization": "585000000", "incomeBeforeTax": "3327000000", "incomeTaxExpense": "1250000000", "interestAndDebtExpense": "None", "netIncomeFromContinuingOperations": "2077000000", "comprehensiveIncomeNetOfTax": "None", "ebit": "37710000000", "ebitda": "38295000000", "netIncome": "2094000000"}, {"fiscalDateEnding": "2014-12-31", "reportedCurrency": "USD", "grossProfit": "34914000000", "totalRevenue": "34914000000", "costOfRevenue": "30757000000", "costofGoodsAndServicesSold": "30757000000", "operatingIncome": "34914000000", "sellingGeneralAndAdministrative": "8819000000", "researchAndDevelopment": "0", "operatingExpenses": "31610000000", "investmentIncomeNet": "None", "netInterestIncome": "None", "interestIncome": "None", "interestExpense": "0", "nonInterestIncome": "None", "otherNonOperatingIncome": "None", "depreciation": "None", "depreciationAndAmortization": "588000000", "incomeBeforeTax": "3304000000", "incomeTaxExpense": "1210000000", "interestAndDebtExpense": "None", "netIncomeFromContinuingOperations": "2094000000", "comprehensiveIncomeNetOfTax": "None", "ebit": "34914000000", "ebitda": "35502000000", "netIncome": "2102000000"}, {"fiscalDateEnding": "2013-12-31", "reportedCurrency": "USD", "grossProfit": "32380000000", "totalRevenue": "32380000000", "costOfRevenue": "28382000000", "costofGoodsAndServicesSold": "28382000000", "operatingIncome": "32380000000", "sellingGeneralAndAdministrative": "7566000000", "researchAndDevelopment": "0", "operatingExpenses": "30204000000", "investmentIncomeNet": "None", "netInterestIncome": "None", "interestIncome": "None", "interestExpense": "264000000", "nonInterestIncome": "None", "otherNonOperatingIncome": "None", "depreciation": "None", "depreciationAndAmortization": "597000000", "incomeBeforeTax": "2176000000", "incomeTaxExpense": "698000000", "interestAndDebtExpense": "None", "netIncomeFromContinuingOperations": "None", "comprehensiveIncomeNetOfTax": "None", "ebit": "32380000000", "ebitda": "32977000000", "netIncome": "1476000000"}, {"fiscalDateEnding": "2012-12-31", "reportedCurrency": "USD", "grossProfit": "29119000000", "totalRevenue": "29119000000", "costOfRevenue": "25560000000", "costofGoodsAndServicesSold": "25560000000", "operatingIncome": "2875000000", "sellingGeneralAndAdministrative": "0", "researchAndDevelopment": "0", "operatingExpenses": "26374000000", "investmentIncomeNet": "None", "netInterestIncome": "None", "interestIncome": "None", "interestExpense": "0", "nonInterestIncome": "None", "otherNonOperatingIncome": "None", "depreciation": "None", "depreciationAndAmortization": "560000000", "incomeBeforeTax": "2477000000", "incomeTaxExpense": "853000000", "interestAndDebtExpense": "None", "netIncomeFromContinuingOperations": "None", "comprehensiveIncomeNetOfTax": "None", "ebit": "2874000000", "ebitda": "3434000000", "netIncome": "1623000000"}, {"fiscalDateEnding": "2011-12-31", "reportedCurrency": "USD", "grossProfit": "21998000000", "totalRevenue": "21998000000", "costOfRevenue": "19444000000", "costofGoodsAndServicesSold": "19444000000", "operatingIncome": "2169000000", "sellingGeneralAndAdministrative": "5901000000", "researchAndDevelopment": "0", "operatingExpenses": "19989000000", "investmentIncomeNet": "None", "netInterestIncome": "None", "interestIncome": "None", "interestExpense": "202000000", "nonInterestIncome": "None", "otherNonOperatingIncome": "None", "depreciation": "None", "depreciationAndAmortization": "345000000", "incomeBeforeTax": "1968000000", "incomeTaxExpense": "640000000", "interestAndDebtExpense": "None", "netIncomeFromContinuingOperations": "None", "comprehensiveIncomeNetOfTax": "None", "ebit": "2163000000", "ebitda": "2508000000", "netIncome": "1327000000"}, {"fiscalDateEnding": "2010-12-31", "reportedCurrency": "USD", "grossProfit": "21253000000", "totalRevenue": "21253000000", "costOfRevenue": "18819000000", "costofGoodsAndServicesSold": "18819000000", "operatingIncome": "2048000000", "sellingGeneralAndAdministrative": "5744000000", "researchAndDevelopment": "None", "operatingExpenses": "19326000000", "investmentIncomeNet": "None", "netInterestIncome": "None", "interestIncome": "None", "interestExpense": "182000000", "nonInterestIncome": "None", "otherNonOperatingIncome": "None", "depreciation": "None", "depreciationAndAmortization": "292000000", "incomeBeforeTax": "1870000000", "incomeTaxExpense": "521000000", "interestAndDebtExpense": "None", "netIncomeFromContinuingOperations": "None", "comprehensiveIncomeNetOfTax": "None", "ebit": "2051000000", "ebitda": "2343000000", "netIncome": "1345000000"}, {"fiscalDateEnding": "2009-12-31", "reportedCurrency": "USD", "grossProfit": "18414000000", "totalRevenue": "18414000000", "costOfRevenue": "16075000000", "costofGoodsAndServicesSold": "16075000000", "operatingIncome": "1896000000", "sellingGeneralAndAdministrative": "5450000000", "researchAndDevelopment": "0", "operatingExpenses": "16516000000", "investmentIncomeNet": "None", "netInterestIncome": "None", "interestIncome": "None", "interestExpense": "166000000", "nonInterestIncome": "None", "otherNonOperatingIncome": "None", "depreciation": "None", "depreciationAndAmortization": "268000000", "incomeBeforeTax": "1898000000", "incomeTaxExpense": "594000000", "interestAndDebtExpense": "None", "netIncomeFromContinuingOperations": "None", "comprehensiveIncomeNetOfTax": "None", "ebit": "1805000000", "ebitda": "2073000000", "netIncome": "1302000000"}, {"fiscalDateEnding": "2008-12-31", "reportedCurrency": "USD", "grossProfit": "19101000000", "totalRevenue": "19101000000", "costOfRevenue": "18161000000", "costofGoodsAndServicesSold": "18161000000", "operatingIncome": "382000000", "sellingGeneralAndAdministrative": "5535000000", "researchAndDevelopment": "None", "operatingExpenses": "18719000000", "investmentIncomeNet": "None", "netInterestIncome": "None", "interestIncome": "None", "interestExpense": "0", "nonInterestIncome": "None", "otherNonOperatingIncome": "None", "depreciation": "None", "depreciationAndAmortization": "244000000", "incomeBeforeTax": "378000000", "incomeTaxExpense": "90000000", "interestAndDebtExpense": "None", "netIncomeFromContinuingOperations": "None", "comprehensiveIncomeNetOfTax": "None", "ebit": "107000000", "ebitda": "351000000", "netIncome": "292000000"}, {"fiscalDateEnding": "2007-12-31", "reportedCurrency": "USD", "grossProfit": "17623000000", "totalRevenue": "17623000000", "costOfRevenue": "15676000000", "costofGoodsAndServicesSold": "15676000000", "operatingIncome": "1626000000", "sellingGeneralAndAdministrative": "None", "researchAndDevelopment": "None", "operatingExpenses": "15990000000", "investmentIncomeNet": "None", "netInterestIncome": "None", "interestIncome": "None", "interestExpense": "0", "nonInterestIncome": "None", "otherNonOperatingIncome": "None", "depreciation": "None", "depreciationAndAmortization": "194000000", "incomeBeforeTax": "1631000000", "incomeTaxExpense": "511000000", "interestAndDebtExpense": "None", "netIncomeFromContinuingOperations": "None", "comprehensiveIncomeNetOfTax": "None", "ebit": "1586000000", "ebitda": "1780000000", "netIncome": "1115000000"}, {"fiscalDateEnding": "2006-12-31", "reportedCurrency": "USD", "grossProfit": "16547000000", "totalRevenue": "16547000000", "costOfRevenue": "14429000000", "costofGoodsAndServicesSold": "14429000000", "operatingIncome": "1731000000", "sellingGeneralAndAdministrative": "None", "researchAndDevelopment": "None", "operatingExpenses": "14816000000", "investmentIncomeNet": "None", "netInterestIncome": "None", "interestIncome": "None", "interestExpense": "0", "nonInterestIncome": "None", "otherNonOperatingIncome": "None", "depreciation": "None", "depreciationAndAmortization": "208000000", "incomeBeforeTax": "1731000000", "incomeTaxExpense": "572000000", "interestAndDebtExpense": "None", "netIncomeFromContinuingOperations": "None", "comprehensiveIncomeNetOfTax": "None", "ebit": "1687000000", "ebitda": "1895000000", "netIncome": "1155000000"}, {"fiscalDateEnding": "2005-12-31", "reportedCurrency": "USD", "grossProfit": "16684000000", "totalRevenue": "16684000000", "costOfRevenue": "14585000000", "costofGoodsAndServicesSold": "14585000000", "operatingIncome": "1793000000", "sellingGeneralAndAdministrative": "None", "researchAndDevelopment": "None", "operatingExpenses": "14891000000", "investmentIncomeNet": "None", "netInterestIncome": "None", "interestIncome": "None", "interestExpense": "0", "nonInterestIncome": "None", "otherNonOperatingIncome": "None", "depreciation": "None", "depreciationAndAmortization": "221000000", "incomeBeforeTax": "1793000000", "incomeTaxExpense": "517000000", "interestAndDebtExpense": "None", "netIncomeFromContinuingOperations": "None", "comprehensiveIncomeNetOfTax": "None", "ebit": "1769000000", "ebitda": "1990000000", "netIncome": "1625000000"}], "quarterlyReports": [{"fiscalDateEnding": "2024-12-31", "reportedCurrency": "USD", "grossProfit": "65717000000", "totalRevenue": "65717000000", "costOfRevenue": "None", "costofGoodsAndServicesSold": "None", "operatingIncome": "2009000000", "sellingGeneralAndAdministrative": "3865000000", "researchAndDevelopment": "None", "operatingExpenses": "63708000000", "investmentIncomeNet": "None", "netInterestIncome": "-362000000", "interestIncome": "None", "interestExpense": "362000000", "nonInterestIncome": "None", "otherNonOperatingIncome": "None", "depreciation": "None", "depreciationAndAmortization": "646000000", "incomeBeforeTax": "2009000000", "incomeTaxExpense": "473000000", "interestAndDebtExpense": "None", "netIncomeFromContinuingOperations": "1536000000", "comprehensiveIncomeNetOfTax": "None", "ebit": "2371000000", "ebitda": "3017000000", "netIncome": "1424000000"}, {"fiscalDateEnding": "2024-09-30", "reportedCurrency": "USD", "grossProfit": "62773000000", "totalRevenue": "62773000000", "costOfRevenue": "9527000000", "costofGoodsAndServicesSold": "9527000000", "operatingIncome": "1192000000", "sellingGeneralAndAdministrative": "3590000000", "researchAndDevelopment": "None", "operatingExpenses": "61581000000", "investmentIncomeNet": "None", "netInterestIncome": "-376000000", "interestIncome": "None", "interestExpense": "376000000", "nonInterestIncome": "None", "otherNonOperatingIncome": "None", "depreciation": "None", "depreciationAndAmortization": "650000000", "incomeBeforeTax": "1192000000", "incomeTaxExpense": "367000000", "interestAndDebtExpense": "None", "netIncomeFromContinuingOperations": "825000000", "comprehensiveIncomeNetOfTax": "None", "ebit": "1568000000", "ebitda": "2218000000", "netIncome": "739000000"}, {"fiscalDateEnding": "2024-06-30", "reportedCurrency": "USD", "grossProfit": "60475000000", "totalRevenue": "60475000000", "costOfRevenue": "9515000000", "costofGoodsAndServicesSold": "9515000000", "operatingIncome": "1989000000", "sellingGeneralAndAdministrative": "3684000000", "researchAndDevelopment": "None", "operatingExpenses": "58486000000", "investmentIncomeNet": "None", "netInterestIncome": "-375000000", "interestIncome": "None", "interestExpense": "375000000", "nonInterestIncome": "None", "otherNonOperatingIncome": "None", "depreciation": "None", "depreciationAndAmortization": "738000000", "incomeBeforeTax": "1989000000", "incomeTaxExpense": "360000000", "interestAndDebtExpense": "None", "netIncomeFromContinuingOperations": "1629000000", "comprehensiveIncomeNetOfTax": "None", "ebit": "2364000000", "ebitda": "3102000000", "netIncome": "1548000000"}, {"fiscalDateEnding": "2024-03-31", "reportedCurrency": "USD", "grossProfit": "55419000000", "totalRevenue": "55419000000", "costOfRevenue": "9440000000", "costofGoodsAndServicesSold": "9440000000", "operatingIncome": "79000000", "sellingGeneralAndAdministrative": "3705000000", "researchAndDevelopment": "None", "operatingExpenses": "55340000000", "investmentIncomeNet": "None", "netInterestIncome": "-322000000", "interestIncome": "None", "interestExpense": "322000000", "nonInterestIncome": "None", "otherNonOperatingIncome": "None", "depreciation": "None", "depreciationAndAmortization": "741000000", "incomeBeforeTax": "79000000", "incomeTaxExpense": "291000000", "interestAndDebtExpense": "None", "netIncomeFromContinuingOperations": "-212000000", "comprehensiveIncomeNetOfTax": "None", "ebit": "401000000", "ebitda": "1142000000", "netIncome": "-277000000"}, {"fiscalDateEnding": "2023-12-31", "reportedCurrency": "USD", "grossProfit": "41800000000", "totalRevenue": "51080000000", "costOfRevenue": "9280000000", "costofGoodsAndServicesSold": "9280000000", "operatingIncome": "2060000000", "sellingGeneralAndAdministrative": "4062000000", "researchAndDevelopment": "None", "operatingExpenses": "49020000000", "investmentIncomeNet": "None", "netInterestIncome": "-360000000", "interestIncome": "None", "interestExpense": "360000000", "nonInterestIncome": "None", "otherNonOperatingIncome": "None", "depreciation": "None", "depreciationAndAmortization": "765000000", "incomeBeforeTax": "188000000", "incomeTaxExpense": "919000000", "interestAndDebtExpense": "None", "netIncomeFromContinuingOperations": "1107000000", "comprehensiveIncomeNetOfTax": "None", "ebit": "305000000", "ebitda": "1070000000", "netIncome": "1029000000"}, {"fiscalDateEnding": "2023-09-30", "reportedCurrency": "USD", "grossProfit": "40121000000", "totalRevenue": "49034000000", "costOfRevenue": "8927000000", "costofGoodsAndServicesSold": "8927000000", "operatingIncome": "2240000000", "sellingGeneralAndAdministrative": "3788000000", "researchAndDevelopment": "None", "operatingExpenses": "46794000000", "investmentIncomeNet": "None", "netInterestIncome": "-365000000", "interestIncome": "379000000", "interestExpense": "365000000", "nonInterestIncome": "None", "otherNonOperatingIncome": "None", "depreciation": "None", "depreciationAndAmortization": "766000000", "incomeBeforeTax": "1840000000", "incomeTaxExpense": "391000000", "interestAndDebtExpense": "None", "netIncomeFromContinuingOperations": "1449000000", "comprehensiveIncomeNetOfTax": "None", "ebit": "2005000000", "ebitda": "2771000000", "netIncome": "1408000000"}, {"fiscalDateEnding": "2023-06-30", "reportedCurrency": "USD", "grossProfit": "39579000000", "totalRevenue": "48612000000", "costOfRevenue": "9034000000", "costofGoodsAndServicesSold": "9034000000", "operatingIncome": "2221000000", "sellingGeneralAndAdministrative": "3434000000", "researchAndDevelopment": "None", "operatingExpenses": "46391000000", "investmentIncomeNet": "None", "netInterestIncome": "-363000000", "interestIncome": "337000000", "interestExpense": "363000000", "nonInterestIncome": "None", "otherNonOperatingIncome": "-363000000", "depreciation": "None", "depreciationAndAmortization": "755000000", "incomeBeforeTax": "1884000000", "incomeTaxExpense": "374000000", "interestAndDebtExpense": "None", "netIncomeFromContinuingOperations": "1510000000", "comprehensiveIncomeNetOfTax": "None", "ebit": "2215000000", "ebitda": "2970000000", "netIncome": "1460000000"}, {"fiscalDateEnding": "2023-03-31", "reportedCurrency": "USD", "grossProfit": "37412000000", "totalRevenue": "46461000000", "costOfRevenue": "9046000000", "costofGoodsAndServicesSold": "9046000000", "operatingIncome": "2015000000", "sellingGeneralAndAdministrative": "3538000000", "researchAndDevelopment": "None", "operatingExpenses": "44446000000", "investmentIncomeNet": "None", "netInterestIncome": "-358000000", "interestIncome": "358000000", "interestExpense": "358000000", "nonInterestIncome": "None", "otherNonOperatingIncome": "-358000000", "depreciation": "None", "depreciationAndAmortization": "749000000", "incomeBeforeTax": "1601000000", "incomeTaxExpense": "295000000", "interestAndDebtExpense": "None", "netIncomeFromContinuingOperations": "1306000000", "comprehensiveIncomeNetOfTax": "None", "ebit": "2014000000", "ebitda": "2763000000", "netIncome": "1267000000"}, {"fiscalDateEnding": "2022-12-31", "reportedCurrency": "USD", "grossProfit": "45743000000", "totalRevenue": "45751000000", "costOfRevenue": "32206000000", "costofGoodsAndServicesSold": "32206000000", "operatingIncome": "1725000000", "sellingGeneralAndAdministrative": "3460000000", "researchAndDevelopment": "None", "operatingExpenses": "9930000000", "investmentIncomeNet": "None", "netInterestIncome": "-324000000", "interestIncome": "324000000", "interestExpense": "324000000", "nonInterestIncome": "None", "otherNonOperatingIncome": "-397000000", "depreciation": "None", "depreciationAndAmortization": "735000000", "incomeBeforeTax": "1328000000", "incomeTaxExpense": "130000000", "interestAndDebtExpense": "None", "netIncomeFromContinuingOperations": "1169000000", "comprehensiveIncomeNetOfTax": "None", "ebit": "1623000000", "ebitda": "2358000000", "netIncome": "1169000000"}, {"fiscalDateEnding": "2022-09-30", "reportedCurrency": "USD", "grossProfit": "37445000000", "totalRevenue": "45199000000", "costOfRevenue": "7754000000", "costofGoodsAndServicesSold": "7754000000", "operatingIncome": "2142000000", "sellingGeneralAndAdministrative": "3124000000", "researchAndDevelopment": "None", "operatingExpenses": "43057000000", "investmentIncomeNet": "None", "netInterestIncome": "-304000000", "interestIncome": "304000000", "interestExpense": "304000000", "nonInterestIncome": "None", "otherNonOperatingIncome": "1431000000", "depreciation": "None", "depreciationAndAmortization": "726000000", "incomeBeforeTax": "3491000000", "incomeTaxExpense": "713000000", "interestAndDebtExpense": "None", "netIncomeFromContinuingOperations": "2778000000", "comprehensiveIncomeNetOfTax": "None", "ebit": "3853000000", "ebitda": "4579000000", "netIncome": "2757000000"}, {"fiscalDateEnding": "2022-06-30", "reportedCurrency": "USD", "grossProfit": "37193000000", "totalRevenue": "45389000000", "costOfRevenue": "8192000000", "costofGoodsAndServicesSold": "8192000000", "operatingIncome": "2371000000", "sellingGeneralAndAdministrative": "3256000000", "researchAndDevelopment": "None", "operatingExpenses": "43018000000", "investmentIncomeNet": "None", "netInterestIncome": "-301000000", "interestIncome": "301000000", "interestExpense": "301000000", "nonInterestIncome": "None", "otherNonOperatingIncome": "-301000000", "depreciation": "None", "depreciationAndAmortization": "759000000", "incomeBeforeTax": "1981000000", "incomeTaxExpense": "411000000", "interestAndDebtExpense": "None", "netIncomeFromContinuingOperations": "1572000000", "comprehensiveIncomeNetOfTax": "None", "ebit": "2341000000", "ebitda": "3100000000", "netIncome": "1557000000"}, {"fiscalDateEnding": "2022-03-31", "reportedCurrency": "USD", "grossProfit": "35418000000", "totalRevenue": "43684000000", "costOfRevenue": "8268000000", "costofGoodsAndServicesSold": "8268000000", "operatingIncome": "2188000000", "sellingGeneralAndAdministrative": "3299000000", "researchAndDevelopment": "None", "operatingExpenses": "41496000000", "investmentIncomeNet": "None", "netInterestIncome": "-299000000", "interestIncome": "299000000", "interestExpense": "299000000", "nonInterestIncome": "None", "otherNonOperatingIncome": "-299000000", "depreciation": "None", "depreciationAndAmortization": "717000000", "incomeBeforeTax": "1567000000", "incomeTaxExpense": "355000000", "interestAndDebtExpense": "None", "netIncomeFromContinuingOperations": "1198000000", "comprehensiveIncomeNetOfTax": "None", "ebit": "2136000000", "ebitda": "2853000000", "netIncome": "1197000000"}, {"fiscalDateEnding": "2021-12-31", "reportedCurrency": "USD", "grossProfit": "45688000000", "totalRevenue": "45768000000", "costOfRevenue": "-94941000000", "costofGoodsAndServicesSold": "-94941000000", "operatingIncome": "1537000000", "sellingGeneralAndAdministrative": "3383000000", "researchAndDevelopment": "None", "operatingExpenses": "13030000000", "investmentIncomeNet": "None", "netInterestIncome": "-293000000", "interestIncome": "293000000", "interestExpense": "293000000", "nonInterestIncome": "None", "otherNonOperatingIncome": "-293000000", "depreciation": "None", "depreciationAndAmortization": "743000000", "incomeBeforeTax": "1312000000", "incomeTaxExpense": "179000000", "interestAndDebtExpense": "None", "netIncomeFromContinuingOperations": "1133000000", "comprehensiveIncomeNetOfTax": "None", "ebit": "1588000000", "ebitda": "2331000000", "netIncome": "1116000000"}, {"fiscalDateEnding": "2021-09-30", "reportedCurrency": "USD", "grossProfit": "36002000000", "totalRevenue": "44356000000", "costOfRevenue": "8330000000", "costofGoodsAndServicesSold": "8330000000", "operatingIncome": "2294000000", "sellingGeneralAndAdministrative": "3080000000", "researchAndDevelopment": "None", "operatingExpenses": "42062000000", "investmentIncomeNet": "None", "netInterestIncome": "-303000000", "interestIncome": "303000000", "interestExpense": "303000000", "nonInterestIncome": "None", "otherNonOperatingIncome": "-303000000", "depreciation": "None", "depreciationAndAmortization": "734000000", "incomeBeforeTax": "2059000000", "incomeTaxExpense": "424000000", "interestAndDebtExpense": "None", "netIncomeFromContinuingOperations": "1635000000", "comprehensiveIncomeNetOfTax": "None", "ebit": "2281000000", "ebitda": "3015000000", "netIncome": "1621000000"}, {"fiscalDateEnding": "2021-06-30", "reportedCurrency": "USD", "grossProfit": "34706000000", "totalRevenue": "43190000000", "costOfRevenue": "8484000000", "costofGoodsAndServicesSold": "8484000000", "operatingIncome": "2147000000", "sellingGeneralAndAdministrative": "2996000000", "researchAndDevelopment": "None", "operatingExpenses": "41043000000", "investmentIncomeNet": "None", "netInterestIncome": "-298000000", "interestIncome": "298000000", "interestExpense": "298000000", "nonInterestIncome": "None", "otherNonOperatingIncome": "-308000000", "depreciation": "None", "depreciationAndAmortization": "731000000", "incomeBeforeTax": "1898000000", "incomeTaxExpense": "422000000", "interestAndDebtExpense": "None", "netIncomeFromContinuingOperations": "1476000000", "comprehensiveIncomeNetOfTax": "None", "ebit": "2121000000", "ebitda": "2852000000", "netIncome": "1467000000"}, {"fiscalDateEnding": "2021-03-31", "reportedCurrency": "USD", "grossProfit": "32976000000", "totalRevenue": "40972000000", "costOfRevenue": "8005000000", "costofGoodsAndServicesSold": "8005000000", "operatingIncome": "1957000000", "sellingGeneralAndAdministrative": "3279000000", "researchAndDevelopment": "None", "operatingExpenses": "39015000000", "investmentIncomeNet": "None", "netInterestIncome": "-314000000", "interestIncome": "314000000", "interestExpense": "314000000", "nonInterestIncome": "None", "otherNonOperatingIncome": "-445000000", "depreciation": "None", "depreciationAndAmortization": "715000000", "incomeBeforeTax": "1513000000", "incomeTaxExpense": "342000000", "interestAndDebtExpense": "None", "netIncomeFromContinuingOperations": "1171000000", "comprehensiveIncomeNetOfTax": "None", "ebit": "1824000000", "ebitda": "2539000000", "netIncome": "1161000000"}, {"fiscalDateEnding": "2020-12-31", "reportedCurrency": "USD", "grossProfit": "127867000000", "totalRevenue": "41879000000", "costOfRevenue": "-86002000000", "costofGoodsAndServicesSold": "-86002000000", "operatingIncome": "1345000000", "sellingGeneralAndAdministrative": "3398000000", "researchAndDevelopment": "None", "operatingExpenses": "40534000000", "investmentIncomeNet": "None", "netInterestIncome": "-337000000", "interestIncome": "337000000", "interestExpense": "337000000", "nonInterestIncome": "None", "otherNonOperatingIncome": "3866000000", "depreciation": "None", "depreciationAndAmortization": "713000000", "incomeBeforeTax": "5378000000", "incomeTaxExpense": "1236000000", "interestAndDebtExpense": "None", "netIncomeFromContinuingOperations": "4142000000", "comprehensiveIncomeNetOfTax": "None", "ebit": "5360000000", "ebitda": "6073000000", "netIncome": "4135000000"}, {"fiscalDateEnding": "2020-09-30", "reportedCurrency": "USD", "grossProfit": "32550000000", "totalRevenue": "40987000000", "costOfRevenue": "8429000000", "costofGoodsAndServicesSold": "8429000000", "operatingIncome": "2108000000", "sellingGeneralAndAdministrative": "3301000000", "researchAndDevelopment": "None", "operatingExpenses": "38879000000", "investmentIncomeNet": "None", "netInterestIncome": "-336000000", "interestIncome": "336000000", "interestExpense": "336000000", "nonInterestIncome": "None", "otherNonOperatingIncome": "-336000000", "depreciation": "None", "depreciationAndAmortization": "702000000", "incomeBeforeTax": "1804000000", "incomeTaxExpense": "406000000", "interestAndDebtExpense": "None", "netIncomeFromContinuingOperations": "1398000000", "comprehensiveIncomeNetOfTax": "None", "ebit": "2097000000", "ebitda": "2799000000", "netIncome": "1388000000"}, {"fiscalDateEnding": "2020-06-30", "reportedCurrency": "USD", "grossProfit": "32185000000", "totalRevenue": "39303000000", "costOfRevenue": "7112000000", "costofGoodsAndServicesSold": "7112000000", "operatingIncome": "2639000000", "sellingGeneralAndAdministrative": "3407000000", "researchAndDevelopment": "None", "operatingExpenses": "36664000000", "investmentIncomeNet": "None", "netInterestIncome": "-374000000", "interestIncome": "374000000", "interestExpense": "374000000", "nonInterestIncome": "None", "otherNonOperatingIncome": "-388000000", "depreciation": "None", "depreciationAndAmortization": "694000000", "incomeBeforeTax": "2289000000", "incomeTaxExpense": "529000000", "interestAndDebtExpense": "None", "netIncomeFromContinuingOperations": "1760000000", "comprehensiveIncomeNetOfTax": "None", "ebit": "2495000000", "ebitda": "3189000000", "netIncome": "1754000000"}, {"fiscalDateEnding": "2020-03-31", "reportedCurrency": "USD", "grossProfit": "30114000000", "totalRevenue": "38381000000", "costOfRevenue": "8322000000", "costofGoodsAndServicesSold": "8322000000", "operatingIncome": "2061000000", "sellingGeneralAndAdministrative": "3398000000", "researchAndDevelopment": "None", "operatingExpenses": "36320000000", "investmentIncomeNet": "None", "netInterestIncome": "-391000000", "interestIncome": "391000000", "interestExpense": "391000000", "nonInterestIncome": "None", "otherNonOperatingIncome": "-576000000", "depreciation": "None", "depreciationAndAmortization": "693000000", "incomeBeforeTax": "1397000000", "incomeTaxExpense": "208000000", "interestAndDebtExpense": "None", "netIncomeFromContinuingOperations": "1189000000", "comprehensiveIncomeNetOfTax": "None", "ebit": "1723000000", "ebitda": "2416000000", "netIncome": "1181000000"}, {"fiscalDateEnding": "2019-12-31", "reportedCurrency": "USD", "grossProfit": "122924000000", "totalRevenue": "38338000000", "costOfRevenue": "-84586000000", "costofGoodsAndServicesSold": "-84586000000", "operatingIncome": "1561000000", "sellingGeneralAndAdministrative": "3957000000", "researchAndDevelopment": "None", "operatingExpenses": "36777000000", "investmentIncomeNet": "None", "netInterestIncome": "-391000000", "interestIncome": "391000000", "interestExpense": "391000000", "nonInterestIncome": "None", "otherNonOperatingIncome": "None", "depreciation": "None", "depreciationAndAmortization": "927000000", "incomeBeforeTax": "1261000000", "incomeTaxExpense": "277000000", "interestAndDebtExpense": "None", "netIncomeFromContinuingOperations": "984000000", "comprehensiveIncomeNetOfTax": "None", "ebit": "1559000000", "ebitda": "2486000000", "netIncome": "977000000"}, {"fiscalDateEnding": "2019-09-30", "reportedCurrency": "USD", "grossProfit": "30873000000", "totalRevenue": "38607000000", "costOfRevenue": "7734000000", "costofGoodsAndServicesSold": "7734000000", "operatingIncome": "2123000000", "sellingGeneralAndAdministrative": "3413000000", "researchAndDevelopment": "None", "operatingExpenses": "36484000000", "investmentIncomeNet": "None", "netInterestIncome": "-411000000", "interestIncome": "411000000", "interestExpense": "411000000", "nonInterestIncome": "None", "otherNonOperatingIncome": "-411000000", "depreciation": "None", "depreciationAndAmortization": "913000000", "incomeBeforeTax": "1763000000", "incomeTaxExpense": "409000000", "interestAndDebtExpense": "None", "netIncomeFromContinuingOperations": "1354000000", "comprehensiveIncomeNetOfTax": "None", "ebit": "2123000000", "ebitda": "3036000000", "netIncome": "1351000000"}, {"fiscalDateEnding": "2019-06-30", "reportedCurrency": "USD", "grossProfit": "31266000000", "totalRevenue": "38842000000", "costOfRevenue": "7576000000", "costofGoodsAndServicesSold": "7576000000", "operatingIncome": "2163000000", "sellingGeneralAndAdministrative": "3380000000", "researchAndDevelopment": "None", "operatingExpenses": "36679000000", "investmentIncomeNet": "None", "netInterestIncome": "-428000000", "interestIncome": "428000000", "interestExpense": "428000000", "nonInterestIncome": "None", "otherNonOperatingIncome": "-428000000", "depreciation": "None", "depreciationAndAmortization": "914000000", "incomeBeforeTax": "1758000000", "incomeTaxExpense": "348000000", "interestAndDebtExpense": "None", "netIncomeFromContinuingOperations": "1410000000", "comprehensiveIncomeNetOfTax": "None", "ebit": "1927000000", "ebitda": "2841000000", "netIncome": "1408000000"}, {"fiscalDateEnding": "2019-03-31", "reportedCurrency": "USD", "grossProfit": "30336000000", "totalRevenue": "37956000000", "costOfRevenue": "7620000000", "costofGoodsAndServicesSold": "7620000000", "operatingIncome": "2230000000", "sellingGeneralAndAdministrative": "3303000000", "researchAndDevelopment": "None", "operatingExpenses": "35726000000", "investmentIncomeNet": "None", "netInterestIncome": "-452000000", "interestIncome": "452000000", "interestExpense": "452000000", "nonInterestIncome": "None", "otherNonOperatingIncome": "-452000000", "depreciation": "None", "depreciationAndAmortization": "897000000", "incomeBeforeTax": "1788000000", "incomeTaxExpense": "416000000", "interestAndDebtExpense": "None", "netIncomeFromContinuingOperations": "1372000000", "comprehensiveIncomeNetOfTax": "None", "ebit": "2094000000", "ebitda": "2991000000", "netIncome": "1368000000"}, {"fiscalDateEnding": "2018-12-31", "reportedCurrency": "USD", "grossProfit": "14255000000", "totalRevenue": "14255000000", "costOfRevenue": "10125000000", "costofGoodsAndServicesSold": "10125000000", "operatingIncome": "559000000", "sellingGeneralAndAdministrative": "11108000000", "researchAndDevelopment": "0", "operatingExpenses": "13696000000", "investmentIncomeNet": "None", "netInterestIncome": "None", "interestIncome": "None", "interestExpense": "244000000", "nonInterestIncome": "None", "otherNonOperatingIncome": "None", "depreciation": "None", "depreciationAndAmortization": "257000000", "incomeBeforeTax": "228000000", "incomeTaxExpense": "81000000", "interestAndDebtExpense": "None", "netIncomeFromContinuingOperations": "147000000", "comprehensiveIncomeNetOfTax": "None", "ebit": "559000000", "ebitda": "816000000", "netIncome": "144000000"}, {"fiscalDateEnding": "2018-09-30", "reportedCurrency": "USD", "grossProfit": "11457000000", "totalRevenue": "11457000000", "costOfRevenue": "7405000000", "costofGoodsAndServicesSold": "7405000000", "operatingIncome": "1132000000", "sellingGeneralAndAdministrative": "19000000", "researchAndDevelopment": "0", "operatingExpenses": "10325000000", "investmentIncomeNet": "None", "netInterestIncome": "None", "interestIncome": "None", "interestExpense": "99000000", "nonInterestIncome": "None", "otherNonOperatingIncome": "None", "depreciation": "None", "depreciationAndAmortization": "162000000", "incomeBeforeTax": "1033000000", "incomeTaxExpense": "259000000", "interestAndDebtExpense": "None", "netIncomeFromContinuingOperations": "774000000", "comprehensiveIncomeNetOfTax": "None", "ebit": "1132000000", "ebitda": "1294000000", "netIncome": "772000000"}, {"fiscalDateEnding": "2018-06-30", "reportedCurrency": "USD", "grossProfit": "11477000000", "totalRevenue": "11477000000", "costOfRevenue": "7458000000", "costofGoodsAndServicesSold": "7458000000", "operatingIncome": "1161000000", "sellingGeneralAndAdministrative": "19000000", "researchAndDevelopment": "0", "operatingExpenses": "10316000000", "investmentIncomeNet": "None", "netInterestIncome": "None", "interestIncome": "None", "interestExpense": "56000000", "nonInterestIncome": "None", "otherNonOperatingIncome": "None", "depreciation": "None", "depreciationAndAmortization": "136000000", "incomeBeforeTax": "1102000000", "incomeTaxExpense": "294000000", "interestAndDebtExpense": "None", "netIncomeFromContinuingOperations": "808000000", "comprehensiveIncomeNetOfTax": "None", "ebit": "1161000000", "ebitda": "1297000000", "netIncome": "806000000"}, {"fiscalDateEnding": "2018-03-31", "reportedCurrency": "USD", "grossProfit": "11380000000", "totalRevenue": "11380000000", "costOfRevenue": "7333000000", "costofGoodsAndServicesSold": "7333000000", "operatingIncome": "1308000000", "sellingGeneralAndAdministrative": "19000000", "researchAndDevelopment": "0", "operatingExpenses": "10072000000", "investmentIncomeNet": "None", "netInterestIncome": "None", "interestIncome": "None", "interestExpense": "57000000", "nonInterestIncome": "None", "otherNonOperatingIncome": "None", "depreciation": "None", "depreciationAndAmortization": "140000000", "incomeBeforeTax": "1218000000", "incomeTaxExpense": "301000000", "interestAndDebtExpense": "None", "netIncomeFromContinuingOperations": "917000000", "comprehensiveIncomeNetOfTax": "None", "ebit": "1308000000", "ebitda": "1448000000", "netIncome": "915000000"}, {"fiscalDateEnding": "2017-12-31", "reportedCurrency": "USD", "grossProfit": "10531000000", "totalRevenue": "10655000000", "costOfRevenue": "9590000000", "costofGoodsAndServicesSold": "9590000000", "operatingIncome": "3942000000", "sellingGeneralAndAdministrative": "8819000000", "researchAndDevelopment": "0", "operatingExpenses": "6713000000", "investmentIncomeNet": "None", "netInterestIncome": "None", "interestIncome": "None", "interestExpense": "60000000", "nonInterestIncome": "None", "otherNonOperatingIncome": "None", "depreciation": "None", "depreciationAndAmortization": "141000000", "incomeBeforeTax": "758000000", "incomeTaxExpense": "491000000", "interestAndDebtExpense": "None", "netIncomeFromContinuingOperations": "2321000000", "comprehensiveIncomeNetOfTax": "None", "ebit": "3942000000", "ebitda": "4083000000", "netIncome": "266000000"}, {"fiscalDateEnding": "2017-09-30", "reportedCurrency": "USD", "grossProfit": "10382000000", "totalRevenue": "10489000000", "costOfRevenue": "9135000000", "costofGoodsAndServicesSold": "9135000000", "operatingIncome": "10473000000", "sellingGeneralAndAdministrative": "612000000", "researchAndDevelopment": "0", "operatingExpenses": "16000000", "investmentIncomeNet": "None", "netInterestIncome": "None", "interestIncome": "None", "interestExpense": "61000000", "nonInterestIncome": "None", "otherNonOperatingIncome": "None", "depreciation": "None", "depreciationAndAmortization": "139000000", "incomeBeforeTax": "824000000", "incomeTaxExpense": "262000000", "interestAndDebtExpense": "None", "netIncomeFromContinuingOperations": "880000000", "comprehensiveIncomeNetOfTax": "None", "ebit": "10473000000", "ebitda": "10612000000", "netIncome": "560000000"}, {"fiscalDateEnding": "2017-06-30", "reportedCurrency": "USD", "grossProfit": "10318000000", "totalRevenue": "10425000000", "costOfRevenue": "9075000000", "costofGoodsAndServicesSold": "9075000000", "operatingIncome": "10425000000", "sellingGeneralAndAdministrative": "0", "researchAndDevelopment": "0", "operatingExpenses": "9291000000", "investmentIncomeNet": "None", "netInterestIncome": "None", "interestIncome": "None", "interestExpense": "60000000", "nonInterestIncome": "None", "otherNonOperatingIncome": "None", "depreciation": "None", "depreciationAndAmortization": "140000000", "incomeBeforeTax": "1134000000", "incomeTaxExpense": "324000000", "interestAndDebtExpense": "None", "netIncomeFromContinuingOperations": "-1562000000", "comprehensiveIncomeNetOfTax": "None", "ebit": "10425000000", "ebitda": "10565000000", "netIncome": "813000000"}, {"fiscalDateEnding": "2017-03-31", "reportedCurrency": "USD", "grossProfit": "10385000000", "totalRevenue": "10474000000", "costOfRevenue": "9184000000", "costofGoodsAndServicesSold": "9184000000", "operatingIncome": "10474000000", "sellingGeneralAndAdministrative": "0", "researchAndDevelopment": "0", "operatingExpenses": "9584000000", "investmentIncomeNet": "None", "netInterestIncome": "None", "interestIncome": "None", "interestExpense": "62000000", "nonInterestIncome": "None", "otherNonOperatingIncome": "None", "depreciation": "None", "depreciationAndAmortization": "146000000", "incomeBeforeTax": "890000000", "incomeTaxExpense": "297000000", "interestAndDebtExpense": "None", "netIncomeFromContinuingOperations": "593000000", "comprehensiveIncomeNetOfTax": "None", "ebit": "10474000000", "ebitda": "10620000000", "netIncome": "598000000"}, {"fiscalDateEnding": "2016-12-31", "reportedCurrency": "USD", "grossProfit": "9944000000", "totalRevenue": "9944000000", "costOfRevenue": "8959000000", "costofGoodsAndServicesSold": "8959000000", "operatingIncome": "9944000000", "sellingGeneralAndAdministrative": "8819000000", "researchAndDevelopment": "0", "operatingExpenses": "-9331000000", "investmentIncomeNet": "None", "netInterestIncome": "None", "interestIncome": "None", "interestExpense": "63000000", "nonInterestIncome": "None", "otherNonOperatingIncome": "None", "depreciation": "None", "depreciationAndAmortization": "150000000", "incomeBeforeTax": "605000000", "incomeTaxExpense": "231000000", "interestAndDebtExpense": "None", "netIncomeFromContinuingOperations": "1358000000", "comprehensiveIncomeNetOfTax": "None", "ebit": "9944000000", "ebitda": "10094000000", "netIncome": "382000000"}, {"fiscalDateEnding": "2016-09-30", "reportedCurrency": "USD", "grossProfit": "9880000000", "totalRevenue": "9880000000", "costOfRevenue": "8836000000", "costofGoodsAndServicesSold": "8836000000", "operatingIncome": "9880000000", "sellingGeneralAndAdministrative": "0", "researchAndDevelopment": "0", "operatingExpenses": "9138000000", "investmentIncomeNet": "None", "netInterestIncome": "None", "interestIncome": "None", "interestExpense": "63000000", "nonInterestIncome": "None", "otherNonOperatingIncome": "None", "depreciation": "None", "depreciationAndAmortization": "150000000", "incomeBeforeTax": "742000000", "incomeTaxExpense": "290000000", "interestAndDebtExpense": "None", "netIncomeFromContinuingOperations": "1524000000", "comprehensiveIncomeNetOfTax": "None", "ebit": "9880000000", "ebitda": "10030000000", "netIncome": "456000000"}, {"fiscalDateEnding": "2016-06-30", "reportedCurrency": "USD", "grossProfit": "9960000000", "totalRevenue": "9960000000", "costOfRevenue": "8899000000", "costofGoodsAndServicesSold": "8899000000", "operatingIncome": "9960000000", "sellingGeneralAndAdministrative": "0", "researchAndDevelopment": "0", "operatingExpenses": "9147000000", "investmentIncomeNet": "None", "netInterestIncome": "None", "interestIncome": "None", "interestExpense": "62000000", "nonInterestIncome": "None", "otherNonOperatingIncome": "None", "depreciation": "None", "depreciationAndAmortization": "152000000", "incomeBeforeTax": "813000000", "incomeTaxExpense": "310000000", "interestAndDebtExpense": "None", "netIncomeFromContinuingOperations": "-1553000000", "comprehensiveIncomeNetOfTax": "None", "ebit": "820000000", "ebitda": "972000000", "netIncome": "510000000"}, {"fiscalDateEnding": "2016-03-31", "reportedCurrency": "USD", "grossProfit": "9884000000", "totalRevenue": "9884000000", "costOfRevenue": "8804000000", "costofGoodsAndServicesSold": "8804000000", "operatingIncome": "9884000000", "sellingGeneralAndAdministrative": "0", "researchAndDevelopment": "0", "operatingExpenses": "9065000000", "investmentIncomeNet": "None", "netInterestIncome": "None", "interestIncome": "None", "interestExpense": "63000000", "nonInterestIncome": "None", "otherNonOperatingIncome": "None", "depreciation": "None", "depreciationAndAmortization": "158000000", "incomeBeforeTax": "819000000", "incomeTaxExpense": "305000000", "interestAndDebtExpense": "None", "netIncomeFromContinuingOperations": "514000000", "comprehensiveIncomeNetOfTax": "None", "ebit": "824000000", "ebitda": "982000000", "netIncome": "519000000"}, {"fiscalDateEnding": "2015-12-31", "reportedCurrency": "USD", "grossProfit": "9528000000", "totalRevenue": "9528000000", "costOfRevenue": "8642000000", "costofGoodsAndServicesSold": "8642000000", "operatingIncome": "9528000000", "sellingGeneralAndAdministrative": "8819000000", "researchAndDevelopment": "0", "operatingExpenses": "-8861000000", "investmentIncomeNet": "None", "netInterestIncome": "None", "interestIncome": "None", "interestExpense": "62000000", "nonInterestIncome": "None", "otherNonOperatingIncome": "None", "depreciation": "None", "depreciationAndAmortization": "134000000", "incomeBeforeTax": "659000000", "incomeTaxExpense": "241000000", "interestAndDebtExpense": "None", "netIncomeFromContinuingOperations": "2077000000", "comprehensiveIncomeNetOfTax": "None", "ebit": "667000000", "ebitda": "801000000", "netIncome": "426000000"}, {"fiscalDateEnding": "2015-09-30", "reportedCurrency": "USD", "grossProfit": "9389000000", "totalRevenue": "9389000000", "costOfRevenue": "8265000000", "costofGoodsAndServicesSold": "8265000000", "operatingIncome": "9389000000", "sellingGeneralAndAdministrative": "0", "researchAndDevelopment": "0", "operatingExpenses": "8511000000", "investmentIncomeNet": "None", "netInterestIncome": "None", "interestIncome": "None", "interestExpense": "62000000", "nonInterestIncome": "None", "otherNonOperatingIncome": "None", "depreciation": "None", "depreciationAndAmortization": "149000000", "incomeBeforeTax": "878000000", "incomeTaxExpense": "334000000", "interestAndDebtExpense": "None", "netIncomeFromContinuingOperations": "0", "comprehensiveIncomeNetOfTax": "None", "ebit": "881000000", "ebitda": "1030000000", "netIncome": "547000000"}, {"fiscalDateEnding": "2015-06-30", "reportedCurrency": "USD", "grossProfit": "9492000000", "totalRevenue": "9492000000", "costOfRevenue": "8243000000", "costofGoodsAndServicesSold": "8243000000", "operatingIncome": "9492000000", "sellingGeneralAndAdministrative": "0", "researchAndDevelopment": "0", "operatingExpenses": "8556000000", "investmentIncomeNet": "None", "netInterestIncome": "None", "interestIncome": "None", "interestExpense": "62000000", "nonInterestIncome": "None", "otherNonOperatingIncome": "None", "depreciation": "None", "depreciationAndAmortization": "151000000", "incomeBeforeTax": "936000000", "incomeTaxExpense": "352000000", "interestAndDebtExpense": "None", "netIncomeFromContinuingOperations": "0", "comprehensiveIncomeNetOfTax": "None", "ebit": "940000000", "ebitda": "1091000000", "netIncome": "588000000"}, {"fiscalDateEnding": "2015-03-31", "reportedCurrency": "USD", "grossProfit": "9467000000", "totalRevenue": "9467000000", "costOfRevenue": "8396000000", "costofGoodsAndServicesSold": "8396000000", "operatingIncome": "9467000000", "sellingGeneralAndAdministrative": "0", "researchAndDevelopment": "0", "operatingExpenses": "8613000000", "investmentIncomeNet": "None", "netInterestIncome": "None", "interestIncome": "None", "interestExpense": "66000000", "nonInterestIncome": "None", "otherNonOperatingIncome": "None", "depreciation": "None", "depreciationAndAmortization": "151000000", "incomeBeforeTax": "854000000", "incomeTaxExpense": "323000000", "interestAndDebtExpense": "None", "netIncomeFromContinuingOperations": "0", "comprehensiveIncomeNetOfTax": "None", "ebit": "856000000", "ebitda": "1007000000", "netIncome": "533000000"}, {"fiscalDateEnding": "2014-12-31", "reportedCurrency": "USD", "grossProfit": "8928000000", "totalRevenue": "8928000000", "costOfRevenue": "7974000000", "costofGoodsAndServicesSold": "7974000000", "operatingIncome": "8928000000", "sellingGeneralAndAdministrative": "8819000000", "researchAndDevelopment": "0", "operatingExpenses": "-8191000000", "investmentIncomeNet": "None", "netInterestIncome": "None", "interestIncome": "None", "interestExpense": "69000000", "nonInterestIncome": "None", "otherNonOperatingIncome": "None", "depreciation": "None", "depreciationAndAmortization": "153000000", "incomeBeforeTax": "732000000", "incomeTaxExpense": "270000000", "interestAndDebtExpense": "None", "netIncomeFromContinuingOperations": "2094000000", "comprehensiveIncomeNetOfTax": "None", "ebit": "737000000", "ebitda": "890000000", "netIncome": "467000000"}, {"fiscalDateEnding": "2014-09-30", "reportedCurrency": "USD", "grossProfit": "8757000000", "totalRevenue": "8757000000", "costOfRevenue": "7729000000", "costofGoodsAndServicesSold": "7729000000", "operatingIncome": "8757000000", "sellingGeneralAndAdministrative": "0", "researchAndDevelopment": "0", "operatingExpenses": "7939000000", "investmentIncomeNet": "None", "netInterestIncome": "None", "interestIncome": "None", "interestExpense": "64000000", "nonInterestIncome": "None", "otherNonOperatingIncome": "None", "depreciation": "None", "depreciationAndAmortization": "146000000", "incomeBeforeTax": "818000000", "incomeTaxExpense": "287000000", "interestAndDebtExpense": "None", "netIncomeFromContinuingOperations": "0", "comprehensiveIncomeNetOfTax": "None", "ebit": "821000000", "ebitda": "967000000", "netIncome": "534000000"}, {"fiscalDateEnding": "2014-06-30", "reportedCurrency": "USD", "grossProfit": "8733000000", "totalRevenue": "8733000000", "costOfRevenue": "7628000000", "costofGoodsAndServicesSold": "7628000000", "operatingIncome": "8733000000", "sellingGeneralAndAdministrative": "0", "researchAndDevelopment": "0", "operatingExpenses": "7832000000", "investmentIncomeNet": "None", "netInterestIncome": "None", "interestIncome": "None", "interestExpense": "65000000", "nonInterestIncome": "None", "otherNonOperatingIncome": "None", "depreciation": "None", "depreciationAndAmortization": "139000000", "incomeBeforeTax": "901000000", "incomeTaxExpense": "329000000", "interestAndDebtExpense": "None", "netIncomeFromContinuingOperations": "0", "comprehensiveIncomeNetOfTax": "None", "ebit": "902000000", "ebitda": "1041000000", "netIncome": "573000000"}, {"fiscalDateEnding": "2014-03-31", "reportedCurrency": "USD", "grossProfit": "8496000000", "totalRevenue": "8496000000", "costOfRevenue": "7426000000", "costofGoodsAndServicesSold": "7426000000", "operatingIncome": "8496000000", "sellingGeneralAndAdministrative": "0", "researchAndDevelopment": "0", "operatingExpenses": "7643000000", "investmentIncomeNet": "None", "netInterestIncome": "None", "interestIncome": "None", "interestExpense": "67000000", "nonInterestIncome": "None", "otherNonOperatingIncome": "None", "depreciation": "None", "depreciationAndAmortization": "150000000", "incomeBeforeTax": "853000000", "incomeTaxExpense": "324000000", "interestAndDebtExpense": "None", "netIncomeFromContinuingOperations": "0", "comprehensiveIncomeNetOfTax": "None", "ebit": "852000000", "ebitda": "1002000000", "netIncome": "528000000"}, {"fiscalDateEnding": "2013-12-31", "reportedCurrency": "USD", "grossProfit": "8151000000", "totalRevenue": "8112000000", "costOfRevenue": "7336000000", "costofGoodsAndServicesSold": "7336000000", "operatingIncome": "8112000000", "sellingGeneralAndAdministrative": "2030000000", "researchAndDevelopment": "0", "operatingExpenses": "-7615000000", "investmentIncomeNet": "None", "netInterestIncome": "None", "interestIncome": "None", "interestExpense": "67000000", "nonInterestIncome": "None", "otherNonOperatingIncome": "None", "depreciation": "None", "depreciationAndAmortization": "152000000", "incomeBeforeTax": "536000000", "incomeTaxExpense": "176000000", "interestAndDebtExpense": "None", "netIncomeFromContinuingOperations": "0", "comprehensiveIncomeNetOfTax": "None", "ebit": "8173000000", "ebitda": "8325000000", "netIncome": "361000000"}, {"fiscalDateEnding": "2013-09-30", "reportedCurrency": "USD", "grossProfit": "8066000000", "totalRevenue": "8066000000", "costOfRevenue": "7053000000", "costofGoodsAndServicesSold": "7053000000", "operatingIncome": "8066000000", "sellingGeneralAndAdministrative": "0", "researchAndDevelopment": "0", "operatingExpenses": "7267000000", "investmentIncomeNet": "None", "netInterestIncome": "None", "interestIncome": "None", "interestExpense": "68000000", "nonInterestIncome": "None", "otherNonOperatingIncome": "None", "depreciation": "None", "depreciationAndAmortization": "146000000", "incomeBeforeTax": "799000000", "incomeTaxExpense": "246000000", "interestAndDebtExpense": "None", "netIncomeFromContinuingOperations": "0", "comprehensiveIncomeNetOfTax": "None", "ebit": "799000000", "ebitda": "945000000", "netIncome": "553000000"}, {"fiscalDateEnding": "2013-06-30", "reportedCurrency": "USD", "grossProfit": "7980000000", "totalRevenue": "7980000000", "costOfRevenue": "6959000000", "costofGoodsAndServicesSold": "6959000000", "operatingIncome": "835000000", "sellingGeneralAndAdministrative": "0", "researchAndDevelopment": "0", "operatingExpenses": "7145000000", "investmentIncomeNet": "None", "netInterestIncome": "None", "interestIncome": "None", "interestExpense": "68000000", "nonInterestIncome": "None", "otherNonOperatingIncome": "None", "depreciation": "None", "depreciationAndAmortization": "149000000", "incomeBeforeTax": "767000000", "incomeTaxExpense": "261000000", "interestAndDebtExpense": "None", "netIncomeFromContinuingOperations": "0", "comprehensiveIncomeNetOfTax": "None", "ebit": "766000000", "ebitda": "915000000", "netIncome": "505000000"}, {"fiscalDateEnding": "2013-03-31", "reportedCurrency": "USD", "grossProfit": "8183000000", "totalRevenue": "8222000000", "costOfRevenue": "7034000000", "costofGoodsAndServicesSold": "7034000000", "operatingIncome": "897000000", "sellingGeneralAndAdministrative": "0", "researchAndDevelopment": "0", "operatingExpenses": "8081000000", "investmentIncomeNet": "None", "netInterestIncome": "None", "interestIncome": "None", "interestExpense": "67000000", "nonInterestIncome": "None", "otherNonOperatingIncome": "None", "depreciation": "None", "depreciationAndAmortization": "150000000", "incomeBeforeTax": "74000000", "incomeTaxExpense": "15000000", "interestAndDebtExpense": "None", "netIncomeFromContinuingOperations": "0", "comprehensiveIncomeNetOfTax": "None", "ebit": "747000000", "ebitda": "897000000", "netIncome": "57000000"}, {"fiscalDateEnding": "2012-12-31", "reportedCurrency": "USD", "grossProfit": "7516000000", "totalRevenue": "7620000000", "costOfRevenue": "6676000000", "costofGoodsAndServicesSold": "6676000000", "operatingIncome": "739000000", "sellingGeneralAndAdministrative": "0", "researchAndDevelopment": "0", "operatingExpenses": "6934000000", "investmentIncomeNet": "None", "netInterestIncome": "None", "interestIncome": "None", "interestExpense": "67000000", "nonInterestIncome": "None", "otherNonOperatingIncome": "None", "depreciation": "None", "depreciationAndAmortization": "154000000", "incomeBeforeTax": "619000000", "incomeTaxExpense": "212000000", "interestAndDebtExpense": "None", "netIncomeFromContinuingOperations": "0", "comprehensiveIncomeNetOfTax": "None", "ebit": "618000000", "ebitda": "772000000", "netIncome": "406000000"}, {"fiscalDateEnding": "2012-09-30", "reportedCurrency": "USD", "grossProfit": "7358000000", "totalRevenue": "7323000000", "costOfRevenue": "6312000000", "costofGoodsAndServicesSold": "6312000000", "operatingIncome": "786000000", "sellingGeneralAndAdministrative": "1829000000", "researchAndDevelopment": "0", "operatingExpenses": "6537000000", "investmentIncomeNet": "None", "netInterestIncome": "None", "interestIncome": "None", "interestExpense": "68000000", "nonInterestIncome": "None", "otherNonOperatingIncome": "None", "depreciation": "None", "depreciationAndAmortization": "136000000", "incomeBeforeTax": "718000000", "incomeTaxExpense": "252000000", "interestAndDebtExpense": "None", "netIncomeFromContinuingOperations": "0", "comprehensiveIncomeNetOfTax": "None", "ebit": "0", "ebitda": "136000000", "netIncome": "466000000"}, {"fiscalDateEnding": "2012-06-30", "reportedCurrency": "USD", "grossProfit": "7457000000", "totalRevenue": "7457000000", "costOfRevenue": "6623000000", "costofGoodsAndServicesSold": "6623000000", "operatingIncome": "655000000", "sellingGeneralAndAdministrative": "0", "researchAndDevelopment": "0", "operatingExpenses": "6834000000", "investmentIncomeNet": "None", "netInterestIncome": "None", "interestIncome": "None", "interestExpense": "67000000", "nonInterestIncome": "None", "otherNonOperatingIncome": "None", "depreciation": "None", "depreciationAndAmortization": "144000000", "incomeBeforeTax": "588000000", "incomeTaxExpense": "208000000", "interestAndDebtExpense": "None", "netIncomeFromContinuingOperations": "0", "comprehensiveIncomeNetOfTax": "None", "ebit": "655000000", "ebitda": "799000000", "netIncome": "380000000"}, {"fiscalDateEnding": "2012-03-31", "reportedCurrency": "USD", "grossProfit": "6788000000", "totalRevenue": "6788000000", "costOfRevenue": "5949000000", "costofGoodsAndServicesSold": "5949000000", "operatingIncome": "618000000", "sellingGeneralAndAdministrative": "0", "researchAndDevelopment": "0", "operatingExpenses": "6202000000", "investmentIncomeNet": "None", "netInterestIncome": "None", "interestIncome": "None", "interestExpense": "66000000", "nonInterestIncome": "None", "otherNonOperatingIncome": "None", "depreciation": "None", "depreciationAndAmortization": "126000000", "incomeBeforeTax": "552000000", "incomeTaxExpense": "181000000", "interestAndDebtExpense": "None", "netIncomeFromContinuingOperations": "0", "comprehensiveIncomeNetOfTax": "None", "ebit": "618000000", "ebitda": "744000000", "netIncome": "371000000"}, {"fiscalDateEnding": "2011-12-31", "reportedCurrency": "USD", "grossProfit": "5463000000", "totalRevenue": "5463000000", "costOfRevenue": "4712000000", "costofGoodsAndServicesSold": "4712000000", "operatingIncome": "516000000", "sellingGeneralAndAdministrative": "0", "researchAndDevelopment": "0", "operatingExpenses": "-4947000000", "investmentIncomeNet": "None", "netInterestIncome": "None", "interestIncome": "None", "interestExpense": "61000000", "nonInterestIncome": "None", "otherNonOperatingIncome": "None", "depreciation": "None", "depreciationAndAmortization": "93000000", "incomeBeforeTax": "455000000", "incomeTaxExpense": "165000000", "interestAndDebtExpense": "None", "netIncomeFromContinuingOperations": "0", "comprehensiveIncomeNetOfTax": "None", "ebit": "1032000000", "ebitda": "1125000000", "netIncome": "290000000"}, {"fiscalDateEnding": "2011-09-30", "reportedCurrency": "USD", "grossProfit": "5613000000", "totalRevenue": "5613000000", "costOfRevenue": "5202000000", "costofGoodsAndServicesSold": "5202000000", "operatingIncome": "346000000", "sellingGeneralAndAdministrative": "1448000000", "researchAndDevelopment": "0", "operatingExpenses": "5337000000", "investmentIncomeNet": "None", "netInterestIncome": "None", "interestIncome": "None", "interestExpense": "49000000", "nonInterestIncome": "None", "otherNonOperatingIncome": "None", "depreciation": "None", "depreciationAndAmortization": "86000000", "incomeBeforeTax": "297000000", "incomeTaxExpense": "97000000", "interestAndDebtExpense": "None", "netIncomeFromContinuingOperations": "0", "comprehensiveIncomeNetOfTax": "None", "ebit": "322000000", "ebitda": "408000000", "netIncome": "183000000"}, {"fiscalDateEnding": "2011-06-30", "reportedCurrency": "USD", "grossProfit": "5509000000", "totalRevenue": "5509000000", "costOfRevenue": "4784000000", "costofGoodsAndServicesSold": "4784000000", "operatingIncome": "708000000", "sellingGeneralAndAdministrative": "1383000000", "researchAndDevelopment": "0", "operatingExpenses": "4915000000", "investmentIncomeNet": "None", "netInterestIncome": "None", "interestIncome": "None", "interestExpense": "48000000", "nonInterestIncome": "None", "otherNonOperatingIncome": "None", "depreciation": "None", "depreciationAndAmortization": "83000000", "incomeBeforeTax": "616000000", "incomeTaxExpense": "208000000", "interestAndDebtExpense": "None", "netIncomeFromContinuingOperations": "0", "comprehensiveIncomeNetOfTax": "None", "ebit": "1348000000", "ebitda": "1431000000", "netIncome": "391000000"}, {"fiscalDateEnding": "2011-03-31", "reportedCurrency": "USD", "grossProfit": "5413000000", "totalRevenue": "5413000000", "costOfRevenue": "4705000000", "costofGoodsAndServicesSold": "4705000000", "operatingIncome": "599000000", "sellingGeneralAndAdministrative": "1482000000", "researchAndDevelopment": "0", "operatingExpenses": "4832000000", "investmentIncomeNet": "None", "netInterestIncome": "None", "interestIncome": "None", "interestExpense": "44000000", "nonInterestIncome": "None", "otherNonOperatingIncome": "None", "depreciation": "None", "depreciationAndAmortization": "83000000", "incomeBeforeTax": "600000000", "incomeTaxExpense": "170000000", "interestAndDebtExpense": "None", "netIncomeFromContinuingOperations": "0", "comprehensiveIncomeNetOfTax": "None", "ebit": "623000000", "ebitda": "706000000", "netIncome": "413000000"}, {"fiscalDateEnding": "2010-12-31", "reportedCurrency": "USD", "grossProfit": "5429000000", "totalRevenue": "5429000000", "costOfRevenue": "4659000000", "costofGoodsAndServicesSold": "4659000000", "operatingIncome": "544000000", "sellingGeneralAndAdministrative": "0", "researchAndDevelopment": "0", "operatingExpenses": "-4885000000", "investmentIncomeNet": "None", "netInterestIncome": "None", "interestIncome": "None", "interestExpense": "47000000", "nonInterestIncome": "None", "otherNonOperatingIncome": "None", "depreciation": "None", "depreciationAndAmortization": "88000000", "incomeBeforeTax": "545000000", "incomeTaxExpense": "83000000", "interestAndDebtExpense": "None", "netIncomeFromContinuingOperations": "0", "comprehensiveIncomeNetOfTax": "None", "ebit": "456000000", "ebitda": "544000000", "netIncome": "461000000"}, {"fiscalDateEnding": "2010-09-30", "reportedCurrency": "USD", "grossProfit": "5266000000", "totalRevenue": "5266000000", "costOfRevenue": "4679000000", "costofGoodsAndServicesSold": "4679000000", "operatingIncome": "510000000", "sellingGeneralAndAdministrative": "1402000000", "researchAndDevelopment": "0", "operatingExpenses": "4802000000", "investmentIncomeNet": "None", "netInterestIncome": "None", "interestIncome": "None", "interestExpense": "47000000", "nonInterestIncome": "None", "otherNonOperatingIncome": "None", "depreciation": "None", "depreciationAndAmortization": "76000000", "incomeBeforeTax": "464000000", "incomeTaxExpense": "156000000", "interestAndDebtExpense": "None", "netIncomeFromContinuingOperations": "0", "comprehensiveIncomeNetOfTax": "None", "ebit": "511000000", "ebitda": "587000000", "netIncome": "307000000"}, {"fiscalDateEnding": "2010-06-30", "reportedCurrency": "USD", "grossProfit": "5353000000", "totalRevenue": "5353000000", "costOfRevenue": "4802000000", "costofGoodsAndServicesSold": "4802000000", "operatingIncome": "438000000", "sellingGeneralAndAdministrative": "1405000000", "researchAndDevelopment": "0", "operatingExpenses": "4914000000", "investmentIncomeNet": "None", "netInterestIncome": "None", "interestIncome": "None", "interestExpense": "88000000", "nonInterestIncome": "None", "otherNonOperatingIncome": "None", "depreciation": "None", "depreciationAndAmortization": "67000000", "incomeBeforeTax": "439000000", "incomeTaxExpense": "144000000", "interestAndDebtExpense": "None", "netIncomeFromContinuingOperations": "0", "comprehensiveIncomeNetOfTax": "None", "ebit": "527000000", "ebitda": "594000000", "netIncome": "294000000"}, {"fiscalDateEnding": "2010-03-31", "reportedCurrency": "USD", "grossProfit": "5205000000", "totalRevenue": "5205000000", "costOfRevenue": "4679000000", "costofGoodsAndServicesSold": "4679000000", "operatingIncome": "421000000", "sellingGeneralAndAdministrative": "1414000000", "researchAndDevelopment": "0", "operatingExpenses": "4783000000", "investmentIncomeNet": "None", "netInterestIncome": "None", "interestIncome": "None", "interestExpense": "43000000", "nonInterestIncome": "None", "otherNonOperatingIncome": "None", "depreciation": "None", "depreciationAndAmortization": "61000000", "incomeBeforeTax": "422000000", "incomeTaxExpense": "138000000", "interestAndDebtExpense": "None", "netIncomeFromContinuingOperations": "0", "comprehensiveIncomeNetOfTax": "None", "ebit": "360000000", "ebitda": "421000000", "netIncome": "283000000"}, {"fiscalDateEnding": "2009-12-31", "reportedCurrency": "USD", "grossProfit": "4636000000", "totalRevenue": "4636000000", "costOfRevenue": "4003000000", "costofGoodsAndServicesSold": "4003000000", "operatingIncome": "507000000", "sellingGeneralAndAdministrative": "0", "researchAndDevelopment": "0", "operatingExpenses": "-4129000000", "investmentIncomeNet": "None", "netInterestIncome": "None", "interestIncome": "None", "interestExpense": "44000000", "nonInterestIncome": "None", "otherNonOperatingIncome": "None", "depreciation": "None", "depreciationAndAmortization": "61000000", "incomeBeforeTax": "508000000", "incomeTaxExpense": "177000000", "interestAndDebtExpense": "None", "netIncomeFromContinuingOperations": "0", "comprehensiveIncomeNetOfTax": "None", "ebit": "446000000", "ebitda": "507000000", "netIncome": "330000000"}, {"fiscalDateEnding": "2009-09-30", "reportedCurrency": "USD", "grossProfit": "4517000000", "totalRevenue": "4517000000", "costOfRevenue": "3915000000", "costofGoodsAndServicesSold": "3915000000", "operatingIncome": "487000000", "sellingGeneralAndAdministrative": "1342000000", "researchAndDevelopment": "0", "operatingExpenses": "4030000000", "investmentIncomeNet": "None", "netInterestIncome": "None", "interestIncome": "None", "interestExpense": "43000000", "nonInterestIncome": "None", "otherNonOperatingIncome": "None", "depreciation": "None", "depreciationAndAmortization": "62000000", "incomeBeforeTax": "487000000", "incomeTaxExpense": "157000000", "interestAndDebtExpense": "None", "netIncomeFromContinuingOperations": "0", "comprehensiveIncomeNetOfTax": "None", "ebit": "486000000", "ebitda": "548000000", "netIncome": "329000000"}, {"fiscalDateEnding": "2009-06-30", "reportedCurrency": "USD", "grossProfit": "4488000000", "totalRevenue": "4488000000", "costOfRevenue": "3773000000", "costofGoodsAndServicesSold": "3773000000", "operatingIncome": "630000000", "sellingGeneralAndAdministrative": "1330000000", "researchAndDevelopment": "0", "operatingExpenses": "3858000000", "investmentIncomeNet": "None", "netInterestIncome": "None", "interestIncome": "None", "interestExpense": "41000000", "nonInterestIncome": "None", "otherNonOperatingIncome": "None", "depreciation": "None", "depreciationAndAmortization": "76000000", "incomeBeforeTax": "630000000", "incomeTaxExpense": "195000000", "interestAndDebtExpense": "None", "netIncomeFromContinuingOperations": "0", "comprehensiveIncomeNetOfTax": "None", "ebit": "630000000", "ebitda": "706000000", "netIncome": "435000000"}, {"fiscalDateEnding": "2009-03-31", "reportedCurrency": "USD", "grossProfit": "4773000000", "totalRevenue": "4773000000", "costOfRevenue": "4384000000", "costofGoodsAndServicesSold": "4384000000", "operatingIncome": "273000000", "sellingGeneralAndAdministrative": "1392000000", "researchAndDevelopment": "0", "operatingExpenses": "4500000000", "investmentIncomeNet": "None", "netInterestIncome": "None", "interestIncome": "None", "interestExpense": "38000000", "nonInterestIncome": "None", "otherNonOperatingIncome": "None", "depreciation": "None", "depreciationAndAmortization": "69000000", "incomeBeforeTax": "273000000", "incomeTaxExpense": "65000000", "interestAndDebtExpense": "None", "netIncomeFromContinuingOperations": "0", "comprehensiveIncomeNetOfTax": "None", "ebit": "273000000", "ebitda": "342000000", "netIncome": "208000000"}, {"fiscalDateEnding": "2008-12-31", "reportedCurrency": "USD", "grossProfit": "4817000000", "totalRevenue": "4817000000", "costOfRevenue": "4997000000", "costofGoodsAndServicesSold": "4997000000", "operatingIncome": "-339000000", "sellingGeneralAndAdministrative": "0", "researchAndDevelopment": "0", "operatingExpenses": "-5156000000", "investmentIncomeNet": "None", "netInterestIncome": "None", "interestIncome": "None", "interestExpense": "40000000", "nonInterestIncome": "None", "otherNonOperatingIncome": "None", "depreciation": "None", "depreciationAndAmortization": "63000000", "incomeBeforeTax": "-340000000", "incomeTaxExpense": "-130000000", "interestAndDebtExpense": "None", "netIncomeFromContinuingOperations": "0", "comprehensiveIncomeNetOfTax": "None", "ebit": "-402000000", "ebitda": "-339000000", "netIncome": "-209000000"}, {"fiscalDateEnding": "2008-09-30", "reportedCurrency": "USD", "grossProfit": "4852000000", "totalRevenue": "4852000000", "costOfRevenue": "4517000000", "costofGoodsAndServicesSold": "4517000000", "operatingIncome": "232000000", "sellingGeneralAndAdministrative": "0", "researchAndDevelopment": "0", "operatingExpenses": "4619000000", "investmentIncomeNet": "None", "netInterestIncome": "None", "interestIncome": "None", "interestExpense": "38000000", "nonInterestIncome": "None", "otherNonOperatingIncome": "None", "depreciation": "None", "depreciationAndAmortization": "64000000", "incomeBeforeTax": "232000000", "incomeTaxExpense": "62000000", "interestAndDebtExpense": "None", "netIncomeFromContinuingOperations": "0", "comprehensiveIncomeNetOfTax": "None", "ebit": "233000000", "ebitda": "297000000", "netIncome": "171000000"}, {"fiscalDateEnding": "2008-06-30", "reportedCurrency": "USD", "grossProfit": "4863000000", "totalRevenue": "4863000000", "costOfRevenue": "4269000000", "costofGoodsAndServicesSold": "4269000000", "operatingIncome": "412000000", "sellingGeneralAndAdministrative": "0", "researchAndDevelopment": "0", "operatingExpenses": "4450000000", "investmentIncomeNet": "None", "netInterestIncome": "None", "interestIncome": "None", "interestExpense": "37000000", "nonInterestIncome": "None", "otherNonOperatingIncome": "None", "depreciation": "None", "depreciationAndAmortization": "64000000", "incomeBeforeTax": "413000000", "incomeTaxExpense": "140000000", "interestAndDebtExpense": "None", "netIncomeFromContinuingOperations": "0", "comprehensiveIncomeNetOfTax": "None", "ebit": "348000000", "ebitda": "412000000", "netIncome": "272000000"}, {"fiscalDateEnding": "2008-03-31", "reportedCurrency": "USD", "grossProfit": "4569000000", "totalRevenue": "4569000000", "costOfRevenue": "4374000000", "costofGoodsAndServicesSold": "4374000000", "operatingIncome": "76000000", "sellingGeneralAndAdministrative": "0", "researchAndDevelopment": "0", "operatingExpenses": "4495000000", "investmentIncomeNet": "None", "netInterestIncome": "None", "interestIncome": "None", "interestExpense": "31000000", "nonInterestIncome": "None", "otherNonOperatingIncome": "None", "depreciation": "None", "depreciationAndAmortization": "53000000", "incomeBeforeTax": "73000000", "incomeTaxExpense": "18000000", "interestAndDebtExpense": "None", "netIncomeFromContinuingOperations": "0", "comprehensiveIncomeNetOfTax": "None", "ebit": "23000000", "ebitda": "76000000", "netIncome": "58000000"}, {"fiscalDateEnding": "2007-12-31", "reportedCurrency": "USD", "grossProfit": "4455000000", "totalRevenue": "4455000000", "costOfRevenue": "3989000000", "costofGoodsAndServicesSold": "3989000000", "operatingIncome": "388000000", "sellingGeneralAndAdministrative": "0", "researchAndDevelopment": "0", "operatingExpenses": "-4067000000", "investmentIncomeNet": "None", "netInterestIncome": "None", "interestIncome": "None", "interestExpense": "31000000", "nonInterestIncome": "None", "otherNonOperatingIncome": "None", "depreciation": "None", "depreciationAndAmortization": "47000000", "incomeBeforeTax": "388000000", "incomeTaxExpense": "125000000", "interestAndDebtExpense": "None", "netIncomeFromContinuingOperations": "0", "comprehensiveIncomeNetOfTax": "None", "ebit": "341000000", "ebitda": "388000000", "netIncome": "263000000"}, {"fiscalDateEnding": "2007-09-30", "reportedCurrency": "USD", "grossProfit": "4413000000", "totalRevenue": "4413000000", "costOfRevenue": "3832000000", "costofGoodsAndServicesSold": "3832000000", "operatingIncome": "504000000", "sellingGeneralAndAdministrative": "0", "researchAndDevelopment": "0", "operatingExpenses": "3911000000", "investmentIncomeNet": "None", "netInterestIncome": "None", "interestIncome": "None", "interestExpense": "30000000", "nonInterestIncome": "None", "otherNonOperatingIncome": "None", "depreciation": "None", "depreciationAndAmortization": "49000000", "incomeBeforeTax": "502000000", "incomeTaxExpense": "139000000", "interestAndDebtExpense": "None", "netIncomeFromContinuingOperations": "0", "comprehensiveIncomeNetOfTax": "None", "ebit": "455000000", "ebitda": "504000000", "netIncome": "365000000"}, {"fiscalDateEnding": "2007-06-30", "reportedCurrency": "USD", "grossProfit": "4381000000", "totalRevenue": "4381000000", "costOfRevenue": "3977000000", "costofGoodsAndServicesSold": "3977000000", "operatingIncome": "328000000", "sellingGeneralAndAdministrative": "0", "researchAndDevelopment": "0", "operatingExpenses": "4053000000", "investmentIncomeNet": "None", "netInterestIncome": "None", "interestIncome": "None", "interestExpense": "32000000", "nonInterestIncome": "None", "otherNonOperatingIncome": "None", "depreciation": "None", "depreciationAndAmortization": "44000000", "incomeBeforeTax": "328000000", "incomeTaxExpense": "111000000", "interestAndDebtExpense": "None", "netIncomeFromContinuingOperations": "0", "comprehensiveIncomeNetOfTax": "None", "ebit": "309000000", "ebitda": "353000000", "netIncome": "198000000"}, {"fiscalDateEnding": "2007-03-31", "reportedCurrency": "USD", "grossProfit": "4374000000", "totalRevenue": "4374000000", "costOfRevenue": "3878000000", "costofGoodsAndServicesSold": "3878000000", "operatingIncome": "425000000", "sellingGeneralAndAdministrative": "0", "researchAndDevelopment": "0", "operatingExpenses": "3961000000", "investmentIncomeNet": "None", "netInterestIncome": "None", "interestIncome": "None", "interestExpense": "29000000", "nonInterestIncome": "None", "otherNonOperatingIncome": "None", "depreciation": "None", "depreciationAndAmortization": "54000000", "incomeBeforeTax": "413000000", "incomeTaxExpense": "136000000", "interestAndDebtExpense": "None", "netIncomeFromContinuingOperations": "0", "comprehensiveIncomeNetOfTax": "None", "ebit": "371000000", "ebitda": "425000000", "netIncome": "289000000"}, {"fiscalDateEnding": "2006-12-31", "reportedCurrency": "USD", "grossProfit": "4205000000", "totalRevenue": "4205000000", "costOfRevenue": "3700000000", "costofGoodsAndServicesSold": "3700000000", "operatingIncome": "349000000", "sellingGeneralAndAdministrative": "0", "researchAndDevelopment": "0", "operatingExpenses": "-3856000000", "investmentIncomeNet": "None", "netInterestIncome": "None", "interestIncome": "None", "interestExpense": "28000000", "nonInterestIncome": "None", "otherNonOperatingIncome": "None", "depreciation": "None", "depreciationAndAmortization": "53000000", "incomeBeforeTax": "349000000", "incomeTaxExpense": "117000000", "interestAndDebtExpense": "None", "netIncomeFromContinuingOperations": "0", "comprehensiveIncomeNetOfTax": "None", "ebit": "349000000", "ebitda": "402000000", "netIncome": "232000000"}, {"fiscalDateEnding": "2006-09-30", "reportedCurrency": "USD", "grossProfit": "4137000000", "totalRevenue": "4137000000", "costOfRevenue": "3616000000", "costofGoodsAndServicesSold": "3616000000", "operatingIncome": "442000000", "sellingGeneralAndAdministrative": "0", "researchAndDevelopment": "0", "operatingExpenses": "3691000000", "investmentIncomeNet": "None", "netInterestIncome": "None", "interestIncome": "None", "interestExpense": "27000000", "nonInterestIncome": "None", "otherNonOperatingIncome": "None", "depreciation": "None", "depreciationAndAmortization": "48000000", "incomeBeforeTax": "446000000", "incomeTaxExpense": "144000000", "interestAndDebtExpense": "None", "netIncomeFromContinuingOperations": "0", "comprehensiveIncomeNetOfTax": "None", "ebit": "394000000", "ebitda": "442000000", "netIncome": "298000000"}, {"fiscalDateEnding": "2006-06-30", "reportedCurrency": "USD", "grossProfit": "4098000000", "totalRevenue": "4098000000", "costOfRevenue": "3613000000", "costofGoodsAndServicesSold": "3613000000", "operatingIncome": "408000000", "sellingGeneralAndAdministrative": "0", "researchAndDevelopment": "0", "operatingExpenses": "3690000000", "investmentIncomeNet": "None", "netInterestIncome": "None", "interestIncome": "None", "interestExpense": "24000000", "nonInterestIncome": "None", "otherNonOperatingIncome": "None", "depreciation": "None", "depreciationAndAmortization": "53000000", "incomeBeforeTax": "408000000", "incomeTaxExpense": "135000000", "interestAndDebtExpense": "None", "netIncomeFromContinuingOperations": "0", "comprehensiveIncomeNetOfTax": "None", "ebit": "408000000", "ebitda": "461000000", "netIncome": "273000000"}, {"fiscalDateEnding": "2006-03-31", "reportedCurrency": "USD", "grossProfit": "4107000000", "totalRevenue": "4107000000", "costOfRevenue": "3500000000", "costofGoodsAndServicesSold": "3500000000", "operatingIncome": "528000000", "sellingGeneralAndAdministrative": "0", "researchAndDevelopment": "0", "operatingExpenses": "3579000000", "investmentIncomeNet": "None", "netInterestIncome": "None", "interestIncome": "None", "interestExpense": "25000000", "nonInterestIncome": "None", "otherNonOperatingIncome": "None", "depreciation": "None", "depreciationAndAmortization": "54000000", "incomeBeforeTax": "528000000", "incomeTaxExpense": "176000000", "interestAndDebtExpense": "None", "netIncomeFromContinuingOperations": "0", "comprehensiveIncomeNetOfTax": "None", "ebit": "528000000", "ebitda": "582000000", "netIncome": "352000000"}, {"fiscalDateEnding": "2005-12-31", "reportedCurrency": "USD", "grossProfit": "4210000000", "totalRevenue": "4210000000", "costOfRevenue": "3825000000", "costofGoodsAndServicesSold": "3825000000", "operatingIncome": "308000000", "sellingGeneralAndAdministrative": "0", "researchAndDevelopment": "0", "operatingExpenses": "-3902000000", "investmentIncomeNet": "None", "netInterestIncome": "None", "interestIncome": "None", "interestExpense": "26000000", "nonInterestIncome": "None", "otherNonOperatingIncome": "None", "depreciation": "None", "depreciationAndAmortization": "51000000", "incomeBeforeTax": "308000000", "incomeTaxExpense": "98000000", "interestAndDebtExpense": "None", "netIncomeFromContinuingOperations": "0", "comprehensiveIncomeNetOfTax": "None", "ebit": "308000000", "ebitda": "359000000", "netIncome": "210000000"}, {"fiscalDateEnding": "2005-09-30", "reportedCurrency": "USD", "grossProfit": "4022000000", "totalRevenue": "4022000000", "costOfRevenue": "3555000000", "costofGoodsAndServicesSold": "3555000000", "operatingIncome": "383000000", "sellingGeneralAndAdministrative": "0", "researchAndDevelopment": "0", "operatingExpenses": "3639000000", "investmentIncomeNet": "None", "netInterestIncome": "None", "interestIncome": "None", "interestExpense": "26000000", "nonInterestIncome": "None", "otherNonOperatingIncome": "None", "depreciation": "None", "depreciationAndAmortization": "58000000", "incomeBeforeTax": "383000000", "incomeTaxExpense": "124000000", "interestAndDebtExpense": "None", "netIncomeFromContinuingOperations": "0", "comprehensiveIncomeNetOfTax": "None", "ebit": "383000000", "ebitda": "441000000", "netIncome": "259000000"}, {"fiscalDateEnding": "2005-06-30", "reportedCurrency": "USD", "grossProfit": "4107000000", "totalRevenue": "4107000000", "costOfRevenue": "3676000000", "costofGoodsAndServicesSold": "3676000000", "operatingIncome": "437000000", "sellingGeneralAndAdministrative": "0", "researchAndDevelopment": "0", "operatingExpenses": "3670000000", "investmentIncomeNet": "None", "netInterestIncome": "None", "interestIncome": "None", "interestExpense": "27000000", "nonInterestIncome": "None", "otherNonOperatingIncome": "None", "depreciation": "None", "depreciationAndAmortization": "50000000", "incomeBeforeTax": "437000000", "incomeTaxExpense": "66000000", "interestAndDebtExpense": "None", "netIncomeFromContinuingOperations": "0", "comprehensiveIncomeNetOfTax": "None", "ebit": "786000000", "ebitda": "836000000", "netIncome": "720000000"}, {"fiscalDateEnding": "2005-03-31", "reportedCurrency": "USD", "grossProfit": "4345000000", "totalRevenue": "4345000000", "costOfRevenue": "3529000000", "costofGoodsAndServicesSold": "3529000000", "operatingIncome": "665000000", "sellingGeneralAndAdministrative": "0", "researchAndDevelopment": "0", "operatingExpenses": "3680000000", "investmentIncomeNet": "None", "netInterestIncome": "None", "interestIncome": "None", "interestExpense": "26000000", "nonInterestIncome": "None", "otherNonOperatingIncome": "None", "depreciation": "None", "depreciationAndAmortization": "62000000", "incomeBeforeTax": "665000000", "incomeTaxExpense": "229000000", "interestAndDebtExpense": "None", "netIncomeFromContinuingOperations": "0", "comprehensiveIncomeNetOfTax": "None", "ebit": "665000000", "ebitda": "727000000", "netIncome": "436000000"}, {"fiscalDateEnding": "2004-12-31", "reportedCurrency": "USD", "grossProfit": "4342000000", "totalRevenue": "4342000000", "costOfRevenue": "7362000000", "costofGoodsAndServicesSold": "7362000000", "operatingIncome": "758000000", "sellingGeneralAndAdministrative": "0", "researchAndDevelopment": "0", "operatingExpenses": "-3584000000", "investmentIncomeNet": "None", "netInterestIncome": "None", "interestIncome": "None", "interestExpense": "52000000", "nonInterestIncome": "None", "otherNonOperatingIncome": "None", "depreciation": "None", "depreciationAndAmortization": "56000000", "incomeBeforeTax": "758000000", "incomeTaxExpense": "233000000", "interestAndDebtExpense": "None", "netIncomeFromContinuingOperations": "0", "comprehensiveIncomeNetOfTax": "None", "ebit": "702000000", "ebitda": "758000000", "netIncome": "525000000"}]}