{"symbol": "XOM", "annualReports": [{"fiscalDateEnding": "2024-12-31", "reportedCurrency": "USD", "grossProfit": "76742000000", "totalRevenue": "339247000000", "costOfRevenue": "262505000000", "costofGoodsAndServicesSold": "262505000000", "operatingIncome": "39652000000", "sellingGeneralAndAdministrative": "9976000000", "researchAndDevelopment": "None", "operatingExpenses": "37090000000", "investmentIncomeNet": "None", "netInterestIncome": "-996000000", "interestIncome": "None", "interestExpense": "996000000", "nonInterestIncome": "None", "otherNonOperatingIncome": "None", "depreciation": "None", "depreciationAndAmortization": "23442000000", "incomeBeforeTax": "48873000000", "incomeTaxExpense": "13810000000", "interestAndDebtExpense": "None", "netIncomeFromContinuingOperations": "35063000000", "comprehensiveIncomeNetOfTax": "None", "ebit": "49869000000", "ebitda": "73311000000", "netIncome": "33680000000"}, {"fiscalDateEnding": "2023-12-31", "reportedCurrency": "USD", "grossProfit": "84142000000", "totalRevenue": "334697000000", "costOfRevenue": "250555000000", "costofGoodsAndServicesSold": "250555000000", "operatingIncome": "44461000000", "sellingGeneralAndAdministrative": "9919000000", "researchAndDevelopment": "879000000", "operatingExpenses": "39681000000", "investmentIncomeNet": "None", "netInterestIncome": "-849000000", "interestIncome": "None", "interestExpense": "849000000", "nonInterestIncome": "None", "otherNonOperatingIncome": "None", "depreciation": "None", "depreciationAndAmortization": "20641000000", "incomeBeforeTax": "52783000000", "incomeTaxExpense": "15429000000", "interestAndDebtExpense": "None", "netIncomeFromContinuingOperations": "37354000000", "comprehensiveIncomeNetOfTax": "None", "ebit": "53632000000", "ebitda": "74273000000", "netIncome": "36010000000"}, {"fiscalDateEnding": "2022-12-31", "reportedCurrency": "USD", "grossProfit": "103067000000", "totalRevenue": "398675000000", "costOfRevenue": "295608000000", "costofGoodsAndServicesSold": "295608000000", "operatingIncome": "64028000000", "sellingGeneralAndAdministrative": "10095000000", "researchAndDevelopment": "824000000", "operatingExpenses": "39039000000", "investmentIncomeNet": "None", "netInterestIncome": "-798000000", "interestIncome": "10665000000", "interestExpense": "798000000", "nonInterestIncome": "None", "otherNonOperatingIncome": "None", "depreciation": "None", "depreciationAndAmortization": "24040000000", "incomeBeforeTax": "77753000000", "incomeTaxExpense": "20176000000", "interestAndDebtExpense": "None", "netIncomeFromContinuingOperations": "57577000000", "comprehensiveIncomeNetOfTax": "None", "ebit": "78551000000", "ebitda": "102591000000", "netIncome": "55740000000"}, {"fiscalDateEnding": "2021-12-31", "reportedCurrency": "USD", "grossProfit": "64886000000", "totalRevenue": "276692000000", "costOfRevenue": "211806000000", "costofGoodsAndServicesSold": "211806000000", "operatingIncome": "24019000000", "sellingGeneralAndAdministrative": "9574000000", "researchAndDevelopment": "843000000", "operatingExpenses": "40867000000", "investmentIncomeNet": "None", "netInterestIncome": "-947000000", "interestIncome": "5710000000", "interestExpense": "947000000", "nonInterestIncome": "None", "otherNonOperatingIncome": "None", "depreciation": "None", "depreciationAndAmortization": "20607000000", "incomeBeforeTax": "31234000000", "incomeTaxExpense": "7636000000", "interestAndDebtExpense": "None", "netIncomeFromContinuingOperations": "23598000000", "comprehensiveIncomeNetOfTax": "None", "ebit": "32181000000", "ebitda": "52788000000", "netIncome": "23040000000"}, {"fiscalDateEnding": "2020-12-31", "reportedCurrency": "USD", "grossProfit": "8127000000", "totalRevenue": "178574000000", "costOfRevenue": "170447000000", "costofGoodsAndServicesSold": "170447000000", "operatingIncome": "-29448000000", "sellingGeneralAndAdministrative": "10168000000", "researchAndDevelopment": "1016000000", "operatingExpenses": "37575000000", "investmentIncomeNet": "None", "netInterestIncome": "-1158000000", "interestIncome": "574000000", "interestExpense": "1158000000", "nonInterestIncome": "None", "otherNonOperatingIncome": "None", "depreciation": "None", "depreciationAndAmortization": "46009000000", "incomeBeforeTax": "-28883000000", "incomeTaxExpense": "-5632000000", "interestAndDebtExpense": "None", "netIncomeFromContinuingOperations": "-23251000000", "comprehensiveIncomeNetOfTax": "None", "ebit": "-27725000000", "ebitda": "18284000000", "netIncome": "-22440000000"}, {"fiscalDateEnding": "2019-12-31", "reportedCurrency": "USD", "grossProfit": "55958000000", "totalRevenue": "255583000000", "costOfRevenue": "199625000000", "costofGoodsAndServicesSold": "199625000000", "operatingIncome": "12766000000", "sellingGeneralAndAdministrative": "11398000000", "researchAndDevelopment": "1214000000", "operatingExpenses": "43192000000", "investmentIncomeNet": "None", "netInterestIncome": "-830000000", "interestIncome": "4611000000", "interestExpense": "830000000", "nonInterestIncome": "None", "otherNonOperatingIncome": "None", "depreciation": "None", "depreciationAndAmortization": "18998000000", "incomeBeforeTax": "20056000000", "incomeTaxExpense": "5282000000", "interestAndDebtExpense": "None", "netIncomeFromContinuingOperations": "14774000000", "comprehensiveIncomeNetOfTax": "None", "ebit": "20886000000", "ebitda": "39884000000", "netIncome": "14340000000"}, {"fiscalDateEnding": "2018-12-31", "reportedCurrency": "USD", "grossProfit": "67733000000", "totalRevenue": "279332000000", "costOfRevenue": "211599000000", "costofGoodsAndServicesSold": "211599000000", "operatingIncome": "22124000000", "sellingGeneralAndAdministrative": "11480000000", "researchAndDevelopment": "1116000000", "operatingExpenses": "45609000000", "investmentIncomeNet": "None", "netInterestIncome": "-766000000", "interestIncome": "6589000000", "interestExpense": "766000000", "nonInterestIncome": "None", "otherNonOperatingIncome": "7355000000", "depreciation": "None", "depreciationAndAmortization": "18745000000", "incomeBeforeTax": "30953000000", "incomeTaxExpense": "9532000000", "interestAndDebtExpense": "None", "netIncomeFromContinuingOperations": "21421000000", "comprehensiveIncomeNetOfTax": "None", "ebit": "31719000000", "ebitda": "50464000000", "netIncome": "20840000000"}, {"fiscalDateEnding": "2017-12-31", "reportedCurrency": "USD", "grossProfit": "56362000000", "totalRevenue": "237162000000", "costOfRevenue": "180800000000", "costofGoodsAndServicesSold": "180800000000", "operatingIncome": "13819000000", "sellingGeneralAndAdministrative": "10649000000", "researchAndDevelopment": "1063000000", "operatingExpenses": "42543000000", "investmentIncomeNet": "None", "netInterestIncome": "-601000000", "interestIncome": "4779000000", "interestExpense": "601000000", "nonInterestIncome": "None", "otherNonOperatingIncome": "5380000000", "depreciation": "None", "depreciationAndAmortization": "19893000000", "incomeBeforeTax": "18674000000", "incomeTaxExpense": "-1174000000", "interestAndDebtExpense": "None", "netIncomeFromContinuingOperations": "19848000000", "comprehensiveIncomeNetOfTax": "None", "ebit": "19275000000", "ebitda": "39168000000", "netIncome": "19710000000"}, {"fiscalDateEnding": "2016-12-31", "reportedCurrency": "USD", "grossProfit": "43701000000", "totalRevenue": "200628000000", "costOfRevenue": "156927000000", "costofGoodsAndServicesSold": "156927000000", "operatingIncome": "2771000000", "sellingGeneralAndAdministrative": "10443000000", "researchAndDevelopment": "1058000000", "operatingExpenses": "40930000000", "investmentIncomeNet": "None", "netInterestIncome": "-453000000", "interestIncome": "4353000000", "interestExpense": "453000000", "nonInterestIncome": "None", "otherNonOperatingIncome": "4806000000", "depreciation": "None", "depreciationAndAmortization": "22308000000", "incomeBeforeTax": "7969000000", "incomeTaxExpense": "-406000000", "interestAndDebtExpense": "None", "netIncomeFromContinuingOperations": "8375000000", "comprehensiveIncomeNetOfTax": "None", "ebit": "8422000000", "ebitda": "30730000000", "netIncome": "7840000000"}, {"fiscalDateEnding": "2015-12-31", "reportedCurrency": "USD", "grossProfit": "56216000000", "totalRevenue": "239854000000", "costOfRevenue": "183638000000", "costofGoodsAndServicesSold": "183638000000", "operatingIncome": "12883000000", "sellingGeneralAndAdministrative": "11501000000", "researchAndDevelopment": "1008000000", "operatingExpenses": "43333000000", "investmentIncomeNet": "None", "netInterestIncome": "None", "interestIncome": "7333000000", "interestExpense": "311000000", "nonInterestIncome": "None", "otherNonOperatingIncome": "7644000000", "depreciation": "None", "depreciationAndAmortization": "18048000000", "incomeBeforeTax": "21966000000", "incomeTaxExpense": "5415000000", "interestAndDebtExpense": "None", "netIncomeFromContinuingOperations": "16551000000", "comprehensiveIncomeNetOfTax": "None", "ebit": "22277000000", "ebitda": "40325000000", "netIncome": "16150000000"}, {"fiscalDateEnding": "2014-12-31", "reportedCurrency": "USD", "grossProfit": "80635000000", "totalRevenue": "394105000000", "costOfRevenue": "313470000000", "costofGoodsAndServicesSold": "313470000000", "operatingIncome": "34082000000", "sellingGeneralAndAdministrative": "12598000000", "researchAndDevelopment": "971000000", "operatingExpenses": "46553000000", "investmentIncomeNet": "None", "netInterestIncome": "None", "interestIncome": "None", "interestExpense": "286000000", "nonInterestIncome": "None", "otherNonOperatingIncome": "13323000000", "depreciation": "None", "depreciationAndAmortization": "17297000000", "incomeBeforeTax": "51630000000", "incomeTaxExpense": "18015000000", "interestAndDebtExpense": "None", "netIncomeFromContinuingOperations": "33615000000", "comprehensiveIncomeNetOfTax": "None", "ebit": "51916000000", "ebitda": "69213000000", "netIncome": "32520000000"}, {"fiscalDateEnding": "2013-12-31", "reportedCurrency": "USD", "grossProfit": "88384000000", "totalRevenue": "420836000000", "costOfRevenue": "332452000000", "costofGoodsAndServicesSold": "332452000000", "operatingIncome": "40301000000", "sellingGeneralAndAdministrative": "12877000000", "researchAndDevelopment": "1044000000", "operatingExpenses": "48083000000", "investmentIncomeNet": "None", "netInterestIncome": "None", "interestIncome": "None", "interestExpense": "9000000", "nonInterestIncome": "None", "otherNonOperatingIncome": "13927000000", "depreciation": "None", "depreciationAndAmortization": "17182000000", "incomeBeforeTax": "57711000000", "incomeTaxExpense": "24263000000", "interestAndDebtExpense": "None", "netIncomeFromContinuingOperations": "33448000000", "comprehensiveIncomeNetOfTax": "None", "ebit": "57720000000", "ebitda": "74902000000", "netIncome": "32580000000"}, {"fiscalDateEnding": "2012-12-31", "reportedCurrency": "USD", "grossProfit": "101156000000", "totalRevenue": "451509000000", "costOfRevenue": "350353000000", "costofGoodsAndServicesSold": "350353000000", "operatingIncome": "49881000000", "sellingGeneralAndAdministrative": "13877000000", "researchAndDevelopment": "1042000000", "operatingExpenses": "51275000000", "investmentIncomeNet": "None", "netInterestIncome": "None", "interestIncome": "None", "interestExpense": "327000000", "nonInterestIncome": "None", "otherNonOperatingIncome": "15010000000", "depreciation": "None", "depreciationAndAmortization": "15888000000", "incomeBeforeTax": "78726000000", "incomeTaxExpense": "31045000000", "interestAndDebtExpense": "None", "netIncomeFromContinuingOperations": "47681000000", "comprehensiveIncomeNetOfTax": "None", "ebit": "79053000000", "ebitda": "94941000000", "netIncome": "44880000000"}, {"fiscalDateEnding": "2011-12-31", "reportedCurrency": "USD", "grossProfit": "111141000000", "totalRevenue": "467029000000", "costOfRevenue": "355888000000", "costofGoodsAndServicesSold": "355888000000", "operatingIncome": "54104000000", "sellingGeneralAndAdministrative": "14983000000", "researchAndDevelopment": "1044000000", "operatingExpenses": "57037000000", "investmentIncomeNet": "None", "netInterestIncome": "None", "interestIncome": "None", "interestExpense": "247000000", "nonInterestIncome": "None", "otherNonOperatingIncome": "15289000000", "depreciation": "None", "depreciationAndAmortization": "15583000000", "incomeBeforeTax": "73257000000", "incomeTaxExpense": "31051000000", "interestAndDebtExpense": "None", "netIncomeFromContinuingOperations": "42206000000", "comprehensiveIncomeNetOfTax": "None", "ebit": "73504000000", "ebitda": "89087000000", "netIncome": "41060000000"}, {"fiscalDateEnding": "2010-12-31", "reportedCurrency": "USD", "grossProfit": "93067000000", "totalRevenue": "370125000000", "costOfRevenue": "277058000000", "costofGoodsAndServicesSold": "277058000000", "operatingIncome": "40122000000", "sellingGeneralAndAdministrative": "14683000000", "researchAndDevelopment": "1012000000", "operatingExpenses": "52945000000", "investmentIncomeNet": "None", "netInterestIncome": "None", "interestIncome": "None", "interestExpense": "259000000", "nonInterestIncome": "None", "otherNonOperatingIncome": "10677000000", "depreciation": "None", "depreciationAndAmortization": "14760000000", "incomeBeforeTax": "52959000000", "incomeTaxExpense": "21561000000", "interestAndDebtExpense": "None", "netIncomeFromContinuingOperations": "31398000000", "comprehensiveIncomeNetOfTax": "None", "ebit": "53218000000", "ebitda": "67978000000", "netIncome": "30460000000"}, {"fiscalDateEnding": "2009-12-31", "reportedCurrency": "USD", "grossProfit": "91674000000", "totalRevenue": "303443000000", "costOfRevenue": "211769000000", "costofGoodsAndServicesSold": "211769000000", "operatingIncome": "28182000000", "sellingGeneralAndAdministrative": "14735000000", "researchAndDevelopment": "1050000000", "operatingExpenses": "63492000000", "investmentIncomeNet": "None", "netInterestIncome": "None", "interestIncome": "None", "interestExpense": "548000000", "nonInterestIncome": "None", "otherNonOperatingIncome": "None", "depreciation": "None", "depreciationAndAmortization": "11917000000", "incomeBeforeTax": "34777000000", "incomeTaxExpense": "15119000000", "interestAndDebtExpense": "None", "netIncomeFromContinuingOperations": "None", "comprehensiveIncomeNetOfTax": "None", "ebit": "35325000000", "ebitda": "47242000000", "netIncome": "19280000000"}, {"fiscalDateEnding": "2008-12-31", "reportedCurrency": "USD", "grossProfit": "178919000000", "totalRevenue": "466278000000", "costOfRevenue": "287359000000", "costofGoodsAndServicesSold": "287359000000", "operatingIncome": "72989000000", "sellingGeneralAndAdministrative": "15873000000", "researchAndDevelopment": "847000000", "operatingExpenses": "105930000000", "investmentIncomeNet": "None", "netInterestIncome": "None", "interestIncome": "None", "interestExpense": "673000000", "nonInterestIncome": "None", "otherNonOperatingIncome": "None", "depreciation": "None", "depreciationAndAmortization": "12379000000", "incomeBeforeTax": "83397000000", "incomeTaxExpense": "36530000000", "interestAndDebtExpense": "None", "netIncomeFromContinuingOperations": "None", "comprehensiveIncomeNetOfTax": "None", "ebit": "84070000000", "ebitda": "96449000000", "netIncome": "45220000000"}, {"fiscalDateEnding": "2007-12-31", "reportedCurrency": "USD", "grossProfit": "164268000000", "totalRevenue": "395651000000", "costOfRevenue": "231383000000", "costofGoodsAndServicesSold": "231383000000", "operatingIncome": "62978000000", "sellingGeneralAndAdministrative": "14890000000", "researchAndDevelopment": "814000000", "operatingExpenses": "101290000000", "investmentIncomeNet": "None", "netInterestIncome": "None", "interestIncome": "None", "interestExpense": "400000000", "nonInterestIncome": "None", "otherNonOperatingIncome": "None", "depreciation": "None", "depreciationAndAmortization": "12250000000", "incomeBeforeTax": "71479000000", "incomeTaxExpense": "29864000000", "interestAndDebtExpense": "None", "netIncomeFromContinuingOperations": "None", "comprehensiveIncomeNetOfTax": "None", "ebit": "71879000000", "ebitda": "84129000000", "netIncome": "40610000000"}, {"fiscalDateEnding": "2006-12-31", "reportedCurrency": "USD", "grossProfit": "164380000000", "totalRevenue": "377635000000", "costOfRevenue": "213255000000", "costofGoodsAndServicesSold": "213255000000", "operatingIncome": "99488000000", "sellingGeneralAndAdministrative": "14273000000", "researchAndDevelopment": "733000000", "operatingExpenses": "64892000000", "investmentIncomeNet": "None", "netInterestIncome": "None", "interestIncome": "None", "interestExpense": "3478000000", "nonInterestIncome": "None", "otherNonOperatingIncome": "None", "depreciation": "None", "depreciationAndAmortization": "11416000000", "incomeBeforeTax": "67402000000", "incomeTaxExpense": "27902000000", "interestAndDebtExpense": "None", "netIncomeFromContinuingOperations": "None", "comprehensiveIncomeNetOfTax": "None", "ebit": "99488000000", "ebitda": "110904000000", "netIncome": "39500000000"}, {"fiscalDateEnding": "2005-12-31", "reportedCurrency": "USD", "grossProfit": "157678000000", "totalRevenue": "370680000000", "costOfRevenue": "213002000000", "costofGoodsAndServicesSold": "213002000000", "operatingIncome": "60727000000", "sellingGeneralAndAdministrative": "14402000000", "researchAndDevelopment": "712000000", "operatingExpenses": "96951000000", "investmentIncomeNet": "None", "netInterestIncome": "None", "interestIncome": "None", "interestExpense": "27895000000", "nonInterestIncome": "None", "otherNonOperatingIncome": "None", "depreciation": "None", "depreciationAndAmortization": "10253000000", "incomeBeforeTax": "59432000000", "incomeTaxExpense": "23302000000", "interestAndDebtExpense": "None", "netIncomeFromContinuingOperations": "None", "comprehensiveIncomeNetOfTax": "None", "ebit": "60727000000", "ebitda": "70980000000", "netIncome": "36130000000"}], "quarterlyReports": [{"fiscalDateEnding": "2024-12-31", "reportedCurrency": "USD", "grossProfit": "17247000000", "totalRevenue": "81058000000", "costOfRevenue": "63811000000", "costofGoodsAndServicesSold": "63811000000", "operatingIncome": "7773000000", "sellingGeneralAndAdministrative": "2617000000", "researchAndDevelopment": "None", "operatingExpenses": "9474000000", "investmentIncomeNet": "None", "netInterestIncome": "-297000000", "interestIncome": "None", "interestExpense": "297000000", "nonInterestIncome": "None", "otherNonOperatingIncome": "None", "depreciation": "None", "depreciationAndAmortization": "6585000000", "incomeBeforeTax": "9813000000", "incomeTaxExpense": "1858000000", "interestAndDebtExpense": "None", "netIncomeFromContinuingOperations": "7955000000", "comprehensiveIncomeNetOfTax": "None", "ebit": "10110000000", "ebitda": "16695000000", "netIncome": "7610000000"}, {"fiscalDateEnding": "2024-09-30", "reportedCurrency": "USD", "grossProfit": "20392000000", "totalRevenue": "87792000000", "costOfRevenue": "67400000000", "costofGoodsAndServicesSold": "67400000000", "operatingIncome": "11042000000", "sellingGeneralAndAdministrative": "2296000000", "researchAndDevelopment": "None", "operatingExpenses": "9350000000", "investmentIncomeNet": "None", "netInterestIncome": "-207000000", "interestIncome": "None", "interestExpense": "207000000", "nonInterestIncome": "None", "otherNonOperatingIncome": "None", "depreciation": "None", "depreciationAndAmortization": "6258000000", "incomeBeforeTax": "13026000000", "incomeTaxExpense": "4055000000", "interestAndDebtExpense": "None", "netIncomeFromContinuingOperations": "8971000000", "comprehensiveIncomeNetOfTax": "None", "ebit": "13233000000", "ebitda": "19491000000", "netIncome": "8610000000"}, {"fiscalDateEnding": "2024-06-30", "reportedCurrency": "USD", "grossProfit": "20196000000", "totalRevenue": "89986000000", "costOfRevenue": "69790000000", "costofGoodsAndServicesSold": "69790000000", "operatingIncome": "10896000000", "sellingGeneralAndAdministrative": "2568000000", "researchAndDevelopment": "None", "operatingExpenses": "9300000000", "investmentIncomeNet": "None", "netInterestIncome": "-271000000", "interestIncome": "None", "interestExpense": "271000000", "nonInterestIncome": "None", "otherNonOperatingIncome": "None", "depreciation": "None", "depreciationAndAmortization": "5787000000", "incomeBeforeTax": "13665000000", "incomeTaxExpense": "4094000000", "interestAndDebtExpense": "None", "netIncomeFromContinuingOperations": "9571000000", "comprehensiveIncomeNetOfTax": "None", "ebit": "13936000000", "ebitda": "19723000000", "netIncome": "9240000000"}, {"fiscalDateEnding": "2024-03-31", "reportedCurrency": "USD", "grossProfit": "18907000000", "totalRevenue": "80411000000", "costOfRevenue": "61504000000", "costofGoodsAndServicesSold": "61504000000", "operatingIncome": "9941000000", "sellingGeneralAndAdministrative": "2495000000", "researchAndDevelopment": "None", "operatingExpenses": "8966000000", "investmentIncomeNet": "None", "netInterestIncome": "-221000000", "interestIncome": "None", "interestExpense": "221000000", "nonInterestIncome": "None", "otherNonOperatingIncome": "None", "depreciation": "None", "depreciationAndAmortization": "4812000000", "incomeBeforeTax": "12369000000", "incomeTaxExpense": "3803000000", "interestAndDebtExpense": "None", "netIncomeFromContinuingOperations": "8566000000", "comprehensiveIncomeNetOfTax": "None", "ebit": "12590000000", "ebitda": "17402000000", "netIncome": "8220000000"}, {"fiscalDateEnding": "2023-12-31", "reportedCurrency": "USD", "grossProfit": "17703000000", "totalRevenue": "81688000000", "costOfRevenue": "63985000000", "costofGoodsAndServicesSold": "63985000000", "operatingIncome": "8458000000", "sellingGeneralAndAdministrative": "2591000000", "researchAndDevelopment": "879000000", "operatingExpenses": "9245000000", "investmentIncomeNet": "None", "netInterestIncome": "-272000000", "interestIncome": "None", "interestExpense": "272000000", "nonInterestIncome": "None", "otherNonOperatingIncome": "None", "depreciation": "None", "depreciationAndAmortization": "7740000000", "incomeBeforeTax": "10625000000", "incomeTaxExpense": "2613000000", "interestAndDebtExpense": "None", "netIncomeFromContinuingOperations": "8012000000", "comprehensiveIncomeNetOfTax": "None", "ebit": "10897000000", "ebitda": "18637000000", "netIncome": "7630000000"}, {"fiscalDateEnding": "2023-09-30", "reportedCurrency": "USD", "grossProfit": "22383000000", "totalRevenue": "88570000000", "costOfRevenue": "66187000000", "costofGoodsAndServicesSold": "66187000000", "operatingIncome": "11844000000", "sellingGeneralAndAdministrative": "2489000000", "researchAndDevelopment": "None", "operatingExpenses": "10539000000", "investmentIncomeNet": "None", "netInterestIncome": "-169000000", "interestIncome": "1288000000", "interestExpense": "169000000", "nonInterestIncome": "None", "otherNonOperatingIncome": "None", "depreciation": "None", "depreciationAndAmortization": "4415000000", "incomeBeforeTax": "13699000000", "incomeTaxExpense": "4353000000", "interestAndDebtExpense": "None", "netIncomeFromContinuingOperations": "9346000000", "comprehensiveIncomeNetOfTax": "None", "ebit": "13868000000", "ebitda": "18283000000", "netIncome": "9070000000"}, {"fiscalDateEnding": "2023-06-30", "reportedCurrency": "USD", "grossProfit": "20095000000", "totalRevenue": "80795000000", "costOfRevenue": "60700000000", "costofGoodsAndServicesSold": "60700000000", "operatingIncome": "9950000000", "sellingGeneralAndAdministrative": "2449000000", "researchAndDevelopment": "None", "operatingExpenses": "10145000000", "investmentIncomeNet": "None", "netInterestIncome": "-249000000", "interestIncome": "1133000000", "interestExpense": "249000000", "nonInterestIncome": "None", "otherNonOperatingIncome": "None", "depreciation": "None", "depreciationAndAmortization": "4242000000", "incomeBeforeTax": "11656000000", "incomeTaxExpense": "3503000000", "interestAndDebtExpense": "None", "netIncomeFromContinuingOperations": "8153000000", "comprehensiveIncomeNetOfTax": "None", "ebit": "11905000000", "ebitda": "16147000000", "netIncome": "7880000000"}, {"fiscalDateEnding": "2023-03-31", "reportedCurrency": "USD", "grossProfit": "23961000000", "totalRevenue": "83644000000", "costOfRevenue": "59683000000", "costofGoodsAndServicesSold": "59683000000", "operatingIncome": "14209000000", "sellingGeneralAndAdministrative": "2390000000", "researchAndDevelopment": "None", "operatingExpenses": "9752000000", "investmentIncomeNet": "None", "netInterestIncome": "-159000000", "interestIncome": "2222000000", "interestExpense": "159000000", "nonInterestIncome": "None", "otherNonOperatingIncome": "None", "depreciation": "None", "depreciationAndAmortization": "4244000000", "incomeBeforeTax": "16803000000", "incomeTaxExpense": "4960000000", "interestAndDebtExpense": "None", "netIncomeFromContinuingOperations": "11843000000", "comprehensiveIncomeNetOfTax": "None", "ebit": "16962000000", "ebitda": "21206000000", "netIncome": "11430000000"}, {"fiscalDateEnding": "2022-12-31", "reportedCurrency": "USD", "grossProfit": "26974000000", "totalRevenue": "93164000000", "costOfRevenue": "66190000000", "costofGoodsAndServicesSold": "66190000000", "operatingIncome": "16884000000", "sellingGeneralAndAdministrative": "2832000000", "researchAndDevelopment": "824000000", "operatingExpenses": "10090000000", "investmentIncomeNet": "None", "netInterestIncome": "-207000000", "interestIncome": "398000000", "interestExpense": "207000000", "nonInterestIncome": "None", "otherNonOperatingIncome": "None", "depreciation": "None", "depreciationAndAmortization": "5064000000", "incomeBeforeTax": "18842000000", "incomeTaxExpense": "5787000000", "interestAndDebtExpense": "None", "netIncomeFromContinuingOperations": "13055000000", "comprehensiveIncomeNetOfTax": "None", "ebit": "19049000000", "ebitda": "24113000000", "netIncome": "12750000000"}, {"fiscalDateEnding": "2022-09-30", "reportedCurrency": "USD", "grossProfit": "29356000000", "totalRevenue": "106512000000", "costOfRevenue": "77156000000", "costofGoodsAndServicesSold": "77156000000", "operatingIncome": "20227000000", "sellingGeneralAndAdministrative": "2324000000", "researchAndDevelopment": "None", "operatingExpenses": "9129000000", "investmentIncomeNet": "None", "netInterestIncome": "-209000000", "interestIncome": "4423000000", "interestExpense": "209000000", "nonInterestIncome": "None", "otherNonOperatingIncome": "None", "depreciation": "None", "depreciationAndAmortization": "5642000000", "incomeBeforeTax": "25422000000", "incomeTaxExpense": "5224000000", "interestAndDebtExpense": "None", "netIncomeFromContinuingOperations": "20198000000", "comprehensiveIncomeNetOfTax": "None", "ebit": "25631000000", "ebitda": "31273000000", "netIncome": "19660000000"}, {"fiscalDateEnding": "2022-06-30", "reportedCurrency": "USD", "grossProfit": "30515000000", "totalRevenue": "111265000000", "costOfRevenue": "80750000000", "costofGoodsAndServicesSold": "80750000000", "operatingIncome": "20831000000", "sellingGeneralAndAdministrative": "2530000000", "researchAndDevelopment": "None", "operatingExpenses": "9684000000", "investmentIncomeNet": "None", "netInterestIncome": "-194000000", "interestIncome": "3494000000", "interestExpense": "194000000", "nonInterestIncome": "None", "otherNonOperatingIncome": "None", "depreciation": "None", "depreciationAndAmortization": "4451000000", "incomeBeforeTax": "24933000000", "incomeTaxExpense": "6359000000", "interestAndDebtExpense": "None", "netIncomeFromContinuingOperations": "18574000000", "comprehensiveIncomeNetOfTax": "None", "ebit": "25127000000", "ebitda": "29578000000", "netIncome": "17850000000"}, {"fiscalDateEnding": "2022-03-31", "reportedCurrency": "USD", "grossProfit": "16222000000", "totalRevenue": "87734000000", "costOfRevenue": "71512000000", "costofGoodsAndServicesSold": "71512000000", "operatingIncome": "6086000000", "sellingGeneralAndAdministrative": "2409000000", "researchAndDevelopment": "None", "operatingExpenses": "10136000000", "investmentIncomeNet": "None", "netInterestIncome": "-188000000", "interestIncome": "2350000000", "interestExpense": "188000000", "nonInterestIncome": "None", "otherNonOperatingIncome": "None", "depreciation": "None", "depreciationAndAmortization": "8883000000", "incomeBeforeTax": "8556000000", "incomeTaxExpense": "2806000000", "interestAndDebtExpense": "None", "netIncomeFromContinuingOperations": "5750000000", "comprehensiveIncomeNetOfTax": "None", "ebit": "8744000000", "ebitda": "17627000000", "netIncome": "5480000000"}, {"fiscalDateEnding": "2021-12-31", "reportedCurrency": "USD", "grossProfit": "19372000000", "totalRevenue": "81305000000", "costOfRevenue": "61933000000", "costofGoodsAndServicesSold": "61933000000", "operatingIncome": "8390000000", "sellingGeneralAndAdministrative": "2514000000", "researchAndDevelopment": "843000000", "operatingExpenses": "10982000000", "investmentIncomeNet": "None", "netInterestIncome": "-221000000", "interestIncome": "1857000000", "interestExpense": "221000000", "nonInterestIncome": "None", "otherNonOperatingIncome": "None", "depreciation": "None", "depreciationAndAmortization": "5661000000", "incomeBeforeTax": "11729000000", "incomeTaxExpense": "2650000000", "interestAndDebtExpense": "None", "netIncomeFromContinuingOperations": "9079000000", "comprehensiveIncomeNetOfTax": "None", "ebit": "11950000000", "ebitda": "17611000000", "netIncome": "8870000000"}, {"fiscalDateEnding": "2021-09-30", "reportedCurrency": "USD", "grossProfit": "18438000000", "totalRevenue": "71892000000", "costOfRevenue": "53454000000", "costofGoodsAndServicesSold": "53454000000", "operatingIncome": "8072000000", "sellingGeneralAndAdministrative": "2287000000", "researchAndDevelopment": "None", "operatingExpenses": "10366000000", "investmentIncomeNet": "None", "netInterestIncome": "-214000000", "interestIncome": "1456000000", "interestExpense": "214000000", "nonInterestIncome": "None", "otherNonOperatingIncome": "None", "depreciation": "None", "depreciationAndAmortization": "4990000000", "incomeBeforeTax": "9606000000", "incomeTaxExpense": "2664000000", "interestAndDebtExpense": "None", "netIncomeFromContinuingOperations": "6942000000", "comprehensiveIncomeNetOfTax": "None", "ebit": "9820000000", "ebitda": "14810000000", "netIncome": "6750000000"}, {"fiscalDateEnding": "2021-06-30", "reportedCurrency": "USD", "grossProfit": "15191000000", "totalRevenue": "65943000000", "costOfRevenue": "50752000000", "costofGoodsAndServicesSold": "50752000000", "operatingIncome": "4924000000", "sellingGeneralAndAdministrative": "2345000000", "researchAndDevelopment": "None", "operatingExpenses": "10267000000", "investmentIncomeNet": "None", "netInterestIncome": "-254000000", "interestIncome": "1182000000", "interestExpense": "254000000", "nonInterestIncome": "None", "otherNonOperatingIncome": "None", "depreciation": "None", "depreciationAndAmortization": "4952000000", "incomeBeforeTax": "6307000000", "incomeTaxExpense": "1526000000", "interestAndDebtExpense": "None", "netIncomeFromContinuingOperations": "4781000000", "comprehensiveIncomeNetOfTax": "None", "ebit": "6561000000", "ebitda": "11513000000", "netIncome": "4690000000"}, {"fiscalDateEnding": "2021-03-31", "reportedCurrency": "USD", "grossProfit": "11885000000", "totalRevenue": "57552000000", "costOfRevenue": "45667000000", "costofGoodsAndServicesSold": "45667000000", "operatingIncome": "2633000000", "sellingGeneralAndAdministrative": "2428000000", "researchAndDevelopment": "None", "operatingExpenses": "9252000000", "investmentIncomeNet": "None", "netInterestIncome": "-258000000", "interestIncome": "1215000000", "interestExpense": "258000000", "nonInterestIncome": "None", "otherNonOperatingIncome": "None", "depreciation": "None", "depreciationAndAmortization": "5004000000", "incomeBeforeTax": "3592000000", "incomeTaxExpense": "796000000", "interestAndDebtExpense": "None", "netIncomeFromContinuingOperations": "2796000000", "comprehensiveIncomeNetOfTax": "None", "ebit": "3850000000", "ebitda": "8854000000", "netIncome": "2730000000"}, {"fiscalDateEnding": "2020-12-31", "reportedCurrency": "USD", "grossProfit": "-16594000000", "totalRevenue": "45738000000", "costOfRevenue": "62332000000", "costofGoodsAndServicesSold": "62332000000", "operatingIncome": "-26709000000", "sellingGeneralAndAdministrative": "2736000000", "researchAndDevelopment": "1016000000", "operatingExpenses": "10115000000", "investmentIncomeNet": "None", "netInterestIncome": "-313000000", "interestIncome": "24000000", "interestExpense": "313000000", "nonInterestIncome": "None", "otherNonOperatingIncome": "None", "depreciation": "None", "depreciationAndAmortization": "30291000000", "incomeBeforeTax": "-26613000000", "incomeTaxExpense": "-6010000000", "interestAndDebtExpense": "None", "netIncomeFromContinuingOperations": "-20603000000", "comprehensiveIncomeNetOfTax": "None", "ebit": "-26300000000", "ebitda": "3991000000", "netIncome": "-20070000000"}, {"fiscalDateEnding": "2020-09-30", "reportedCurrency": "USD", "grossProfit": "9389000000", "totalRevenue": "45425000000", "costOfRevenue": "36036000000", "costofGoodsAndServicesSold": "36036000000", "operatingIncome": "-595000000", "sellingGeneralAndAdministrative": "2444000000", "researchAndDevelopment": "None", "operatingExpenses": "9984000000", "investmentIncomeNet": "None", "netInterestIncome": "-279000000", "interestIncome": "238000000", "interestExpense": "279000000", "nonInterestIncome": "None", "otherNonOperatingIncome": "None", "depreciation": "None", "depreciationAndAmortization": "4983000000", "incomeBeforeTax": "-372000000", "incomeTaxExpense": "337000000", "interestAndDebtExpense": "None", "netIncomeFromContinuingOperations": "-709000000", "comprehensiveIncomeNetOfTax": "None", "ebit": "-93000000", "ebitda": "4890000000", "netIncome": "-680000000"}, {"fiscalDateEnding": "2020-06-30", "reportedCurrency": "USD", "grossProfit": "6397000000", "totalRevenue": "32277000000", "costOfRevenue": "25880000000", "costofGoodsAndServicesSold": "25880000000", "operatingIncome": "-1380000000", "sellingGeneralAndAdministrative": "2409000000", "researchAndDevelopment": "None", "operatingExpenses": "7777000000", "investmentIncomeNet": "None", "netInterestIncome": "-317000000", "interestIncome": "214000000", "interestExpense": "317000000", "nonInterestIncome": "None", "otherNonOperatingIncome": "None", "depreciation": "None", "depreciationAndAmortization": "4916000000", "incomeBeforeTax": "-1640000000", "incomeTaxExpense": "-471000000", "interestAndDebtExpense": "None", "netIncomeFromContinuingOperations": "-1169000000", "comprehensiveIncomeNetOfTax": "None", "ebit": "-1323000000", "ebitda": "3593000000", "netIncome": "-1080000000"}, {"fiscalDateEnding": "2020-03-31", "reportedCurrency": "USD", "grossProfit": "8935000000", "totalRevenue": "55134000000", "costOfRevenue": "46199000000", "costofGoodsAndServicesSold": "46199000000", "operatingIncome": "-764000000", "sellingGeneralAndAdministrative": "2579000000", "researchAndDevelopment": "None", "operatingExpenses": "9699000000", "investmentIncomeNet": "None", "netInterestIncome": "-249000000", "interestIncome": "526000000", "interestExpense": "249000000", "nonInterestIncome": "None", "otherNonOperatingIncome": "None", "depreciation": "None", "depreciationAndAmortization": "5819000000", "incomeBeforeTax": "-258000000", "incomeTaxExpense": "512000000", "interestAndDebtExpense": "None", "netIncomeFromContinuingOperations": "-770000000", "comprehensiveIncomeNetOfTax": "None", "ebit": "-9000000", "ebitda": "5810000000", "netIncome": "-610000000"}, {"fiscalDateEnding": "2019-12-31", "reportedCurrency": "USD", "grossProfit": "13847000000", "totalRevenue": "63024000000", "costOfRevenue": "49177000000", "costofGoodsAndServicesSold": "49177000000", "operatingIncome": "2673000000", "sellingGeneralAndAdministrative": "3048000000", "researchAndDevelopment": "1214000000", "operatingExpenses": "11174000000", "investmentIncomeNet": "None", "netInterestIncome": "-201000000", "interestIncome": "976000000", "interestExpense": "201000000", "nonInterestIncome": "None", "otherNonOperatingIncome": "None", "depreciation": "None", "depreciationAndAmortization": "4923000000", "incomeBeforeTax": "6414000000", "incomeTaxExpense": "684000000", "interestAndDebtExpense": "None", "netIncomeFromContinuingOperations": "5730000000", "comprehensiveIncomeNetOfTax": "None", "ebit": "6615000000", "ebitda": "11538000000", "netIncome": "5690000000"}, {"fiscalDateEnding": "2019-09-30", "reportedCurrency": "USD", "grossProfit": "14411000000", "totalRevenue": "63422000000", "costOfRevenue": "49011000000", "costofGoodsAndServicesSold": "49011000000", "operatingIncome": "3683000000", "sellingGeneralAndAdministrative": "2753000000", "researchAndDevelopment": "None", "operatingExpenses": "10728000000", "investmentIncomeNet": "None", "netInterestIncome": "-232000000", "interestIncome": "964000000", "interestExpense": "232000000", "nonInterestIncome": "None", "otherNonOperatingIncome": "None", "depreciation": "None", "depreciationAndAmortization": "4873000000", "incomeBeforeTax": "4721000000", "incomeTaxExpense": "1474000000", "interestAndDebtExpense": "None", "netIncomeFromContinuingOperations": "3247000000", "comprehensiveIncomeNetOfTax": "None", "ebit": "4953000000", "ebitda": "9826000000", "netIncome": "3170000000"}, {"fiscalDateEnding": "2019-06-30", "reportedCurrency": "USD", "grossProfit": "14396000000", "totalRevenue": "67491000000", "costOfRevenue": "53095000000", "costofGoodsAndServicesSold": "53095000000", "operatingIncome": "3561000000", "sellingGeneralAndAdministrative": "2827000000", "researchAndDevelopment": "None", "operatingExpenses": "10835000000", "investmentIncomeNet": "None", "netInterestIncome": "-216000000", "interestIncome": "1143000000", "interestExpense": "216000000", "nonInterestIncome": "None", "otherNonOperatingIncome": "1359000000", "depreciation": "None", "depreciationAndAmortization": "4631000000", "incomeBeforeTax": "4632000000", "incomeTaxExpense": "1241000000", "interestAndDebtExpense": "None", "netIncomeFromContinuingOperations": "3391000000", "comprehensiveIncomeNetOfTax": "None", "ebit": "4848000000", "ebitda": "9479000000", "netIncome": "3130000000"}, {"fiscalDateEnding": "2019-03-31", "reportedCurrency": "USD", "grossProfit": "13304000000", "totalRevenue": "61646000000", "costOfRevenue": "48342000000", "costofGoodsAndServicesSold": "48342000000", "operatingIncome": "2849000000", "sellingGeneralAndAdministrative": "2770000000", "researchAndDevelopment": "None", "operatingExpenses": "10455000000", "investmentIncomeNet": "None", "netInterestIncome": "-181000000", "interestIncome": "1528000000", "interestExpense": "181000000", "nonInterestIncome": "None", "otherNonOperatingIncome": "1709000000", "depreciation": "None", "depreciationAndAmortization": "4571000000", "incomeBeforeTax": "4289000000", "incomeTaxExpense": "1883000000", "interestAndDebtExpense": "None", "netIncomeFromContinuingOperations": "2406000000", "comprehensiveIncomeNetOfTax": "None", "ebit": "4470000000", "ebitda": "9041000000", "netIncome": "2350000000"}, {"fiscalDateEnding": "2018-12-31", "reportedCurrency": "USD", "grossProfit": "16268000000", "totalRevenue": "68253000000", "costOfRevenue": "51985000000", "costofGoodsAndServicesSold": "51985000000", "operatingIncome": "5027000000", "sellingGeneralAndAdministrative": "2848000000", "researchAndDevelopment": "1116000000", "operatingExpenses": "11241000000", "investmentIncomeNet": "None", "netInterestIncome": "None", "interestIncome": "None", "interestExpense": "215000000", "nonInterestIncome": "None", "otherNonOperatingIncome": "1756000000", "depreciation": "None", "depreciationAndAmortization": "5028000000", "incomeBeforeTax": "8121000000", "incomeTaxExpense": "1915000000", "interestAndDebtExpense": "None", "netIncomeFromContinuingOperations": "6206000000", "comprehensiveIncomeNetOfTax": "None", "ebit": "8336000000", "ebitda": "13364000000", "netIncome": "6000000000"}, {"fiscalDateEnding": "2018-09-30", "reportedCurrency": "USD", "grossProfit": "18656000000", "totalRevenue": "74187000000", "costOfRevenue": "55531000000", "costofGoodsAndServicesSold": "55531000000", "operatingIncome": "7169000000", "sellingGeneralAndAdministrative": "2892000000", "researchAndDevelopment": "0", "operatingExpenses": "11487000000", "investmentIncomeNet": "None", "netInterestIncome": "None", "interestIncome": "None", "interestExpense": "200000000", "nonInterestIncome": "None", "otherNonOperatingIncome": "1960000000", "depreciation": "None", "depreciationAndAmortization": "4658000000", "incomeBeforeTax": "9080000000", "incomeTaxExpense": "2634000000", "interestAndDebtExpense": "None", "netIncomeFromContinuingOperations": "6446000000", "comprehensiveIncomeNetOfTax": "None", "ebit": "9280000000", "ebitda": "13938000000", "netIncome": "6240000000"}, {"fiscalDateEnding": "2018-06-30", "reportedCurrency": "USD", "grossProfit": "16622000000", "totalRevenue": "71456000000", "costOfRevenue": "54834000000", "costofGoodsAndServicesSold": "54834000000", "operatingIncome": "4922000000", "sellingGeneralAndAdministrative": "2993000000", "researchAndDevelopment": "0", "operatingExpenses": "11700000000", "investmentIncomeNet": "None", "netInterestIncome": "None", "interestIncome": "None", "interestExpense": "147000000", "nonInterestIncome": "None", "otherNonOperatingIncome": "1729000000", "depreciation": "None", "depreciationAndAmortization": "4589000000", "incomeBeforeTax": "6512000000", "incomeTaxExpense": "2526000000", "interestAndDebtExpense": "None", "netIncomeFromContinuingOperations": "3986000000", "comprehensiveIncomeNetOfTax": "None", "ebit": "6659000000", "ebitda": "11248000000", "netIncome": "3950000000"}, {"fiscalDateEnding": "2018-03-31", "reportedCurrency": "USD", "grossProfit": "16187000000", "totalRevenue": "65436000000", "costOfRevenue": "49249000000", "costofGoodsAndServicesSold": "49249000000", "operatingIncome": "5006000000", "sellingGeneralAndAdministrative": "2747000000", "researchAndDevelopment": "0", "operatingExpenses": "11181000000", "investmentIncomeNet": "None", "netInterestIncome": "None", "interestIncome": "None", "interestExpense": "204000000", "nonInterestIncome": "None", "otherNonOperatingIncome": "1910000000", "depreciation": "None", "depreciationAndAmortization": "4470000000", "incomeBeforeTax": "7240000000", "incomeTaxExpense": "2457000000", "interestAndDebtExpense": "None", "netIncomeFromContinuingOperations": "4783000000", "comprehensiveIncomeNetOfTax": "None", "ebit": "7444000000", "ebitda": "11914000000", "netIncome": "4650000000"}, {"fiscalDateEnding": "2017-12-31", "reportedCurrency": "USD", "grossProfit": "16011000000", "totalRevenue": "50832000000", "costOfRevenue": "34821000000", "costofGoodsAndServicesSold": "34821000000", "operatingIncome": "2000000000", "sellingGeneralAndAdministrative": "3004000000", "researchAndDevelopment": "1063000000", "operatingExpenses": "14011000000", "investmentIncomeNet": "None", "netInterestIncome": "None", "interestIncome": "None", "interestExpense": "186000000", "nonInterestIncome": "None", "otherNonOperatingIncome": "673000000", "depreciation": "None", "depreciationAndAmortization": "5842000000", "incomeBeforeTax": "3017000000", "incomeTaxExpense": "-5392000000", "interestAndDebtExpense": "None", "netIncomeFromContinuingOperations": "8409000000", "comprehensiveIncomeNetOfTax": "None", "ebit": "3203000000", "ebitda": "9045000000", "netIncome": "8380000000"}, {"fiscalDateEnding": "2017-09-30", "reportedCurrency": "USD", "grossProfit": "15086000000", "totalRevenue": "59350000000", "costOfRevenue": "44264000000", "costofGoodsAndServicesSold": "44264000000", "operatingIncome": "4419000000", "sellingGeneralAndAdministrative": "2632000000", "researchAndDevelopment": "0", "operatingExpenses": "10667000000", "investmentIncomeNet": "None", "netInterestIncome": "None", "interestIncome": "None", "interestExpense": "111000000", "nonInterestIncome": "None", "otherNonOperatingIncome": "1472000000", "depreciation": "None", "depreciationAndAmortization": "4880000000", "incomeBeforeTax": "5583000000", "incomeTaxExpense": "1498000000", "interestAndDebtExpense": "None", "netIncomeFromContinuingOperations": "4085000000", "comprehensiveIncomeNetOfTax": "None", "ebit": "5694000000", "ebitda": "10574000000", "netIncome": "3970000000"}, {"fiscalDateEnding": "2017-06-30", "reportedCurrency": "USD", "grossProfit": "13120000000", "totalRevenue": "56026000000", "costOfRevenue": "42906000000", "costofGoodsAndServicesSold": "42906000000", "operatingIncome": "2682000000", "sellingGeneralAndAdministrative": "2556000000", "researchAndDevelopment": "0", "operatingExpenses": "10438000000", "investmentIncomeNet": "None", "netInterestIncome": "None", "interestIncome": "None", "interestExpense": "158000000", "nonInterestIncome": "None", "otherNonOperatingIncome": "1525000000", "depreciation": "None", "depreciationAndAmortization": "4652000000", "incomeBeforeTax": "4156000000", "incomeTaxExpense": "892000000", "interestAndDebtExpense": "None", "netIncomeFromContinuingOperations": "3264000000", "comprehensiveIncomeNetOfTax": "None", "ebit": "4314000000", "ebitda": "8966000000", "netIncome": "3350000000"}, {"fiscalDateEnding": "2017-03-31", "reportedCurrency": "USD", "grossProfit": "14030000000", "totalRevenue": "56474000000", "costOfRevenue": "42444000000", "costofGoodsAndServicesSold": "42444000000", "operatingIncome": "4240000000", "sellingGeneralAndAdministrative": "2505000000", "researchAndDevelopment": "0", "operatingExpenses": "9790000000", "investmentIncomeNet": "None", "netInterestIncome": "None", "interestIncome": "None", "interestExpense": "146000000", "nonInterestIncome": "None", "otherNonOperatingIncome": "1710000000", "depreciation": "None", "depreciationAndAmortization": "4519000000", "incomeBeforeTax": "5918000000", "incomeTaxExpense": "1828000000", "interestAndDebtExpense": "None", "netIncomeFromContinuingOperations": "4090000000", "comprehensiveIncomeNetOfTax": "None", "ebit": "6064000000", "ebitda": "10583000000", "netIncome": "4010000000"}, {"fiscalDateEnding": "2016-12-31", "reportedCurrency": "USD", "grossProfit": "7976000000", "totalRevenue": "58376000000", "costOfRevenue": "50400000000", "costofGoodsAndServicesSold": "50400000000", "operatingIncome": "-1828000000", "sellingGeneralAndAdministrative": "2824000000", "researchAndDevelopment": "1058000000", "operatingExpenses": "9804000000", "investmentIncomeNet": "None", "netInterestIncome": "None", "interestIncome": "None", "interestExpense": "195000000", "nonInterestIncome": "None", "otherNonOperatingIncome": "1328000000", "depreciation": "None", "depreciationAndAmortization": "8117000000", "incomeBeforeTax": "617000000", "incomeTaxExpense": "-1407000000", "interestAndDebtExpense": "None", "netIncomeFromContinuingOperations": "2024000000", "comprehensiveIncomeNetOfTax": "None", "ebit": "812000000", "ebitda": "8929000000", "netIncome": "1680000000"}, {"fiscalDateEnding": "2016-09-30", "reportedCurrency": "USD", "grossProfit": "10981000000", "totalRevenue": "56767000000", "costOfRevenue": "45786000000", "costofGoodsAndServicesSold": "45786000000", "operatingIncome": "1422000000", "sellingGeneralAndAdministrative": "2736000000", "researchAndDevelopment": "0", "operatingExpenses": "9559000000", "investmentIncomeNet": "None", "netInterestIncome": "None", "interestIncome": "None", "interestExpense": "106000000", "nonInterestIncome": "None", "otherNonOperatingIncome": "1103000000", "depreciation": "None", "depreciationAndAmortization": "4605000000", "incomeBeforeTax": "3226000000", "incomeTaxExpense": "337000000", "interestAndDebtExpense": "None", "netIncomeFromContinuingOperations": "2889000000", "comprehensiveIncomeNetOfTax": "None", "ebit": "3332000000", "ebitda": "7937000000", "netIncome": "2650000000"}, {"fiscalDateEnding": "2016-06-30", "reportedCurrency": "USD", "grossProfit": "10898000000", "totalRevenue": "56360000000", "costOfRevenue": "45462000000", "costofGoodsAndServicesSold": "45462000000", "operatingIncome": "1137000000", "sellingGeneralAndAdministrative": "2646000000", "researchAndDevelopment": "0", "operatingExpenses": "9761000000", "investmentIncomeNet": "None", "netInterestIncome": "None", "interestIncome": "None", "interestExpense": "75000000", "nonInterestIncome": "None", "otherNonOperatingIncome": "1124000000", "depreciation": "None", "depreciationAndAmortization": "4821000000", "incomeBeforeTax": "2396000000", "incomeTaxExpense": "715000000", "interestAndDebtExpense": "None", "netIncomeFromContinuingOperations": "1681000000", "comprehensiveIncomeNetOfTax": "None", "ebit": "2471000000", "ebitda": "7292000000", "netIncome": "1700000000"}, {"fiscalDateEnding": "2016-03-31", "reportedCurrency": "USD", "grossProfit": "9257000000", "totalRevenue": "47105000000", "costOfRevenue": "37848000000", "costofGoodsAndServicesSold": "37848000000", "operatingIncome": "205000000", "sellingGeneralAndAdministrative": "2593000000", "researchAndDevelopment": "0", "operatingExpenses": "9052000000", "investmentIncomeNet": "None", "netInterestIncome": "None", "interestIncome": "None", "interestExpense": "77000000", "nonInterestIncome": "None", "otherNonOperatingIncome": "1251000000", "depreciation": "None", "depreciationAndAmortization": "4765000000", "incomeBeforeTax": "1730000000", "incomeTaxExpense": "-51000000", "interestAndDebtExpense": "None", "netIncomeFromContinuingOperations": "1781000000", "comprehensiveIncomeNetOfTax": "None", "ebit": "1807000000", "ebitda": "6572000000", "netIncome": "1810000000"}, {"fiscalDateEnding": "2015-12-31", "reportedCurrency": "USD", "grossProfit": "10841000000", "totalRevenue": "57691000000", "costOfRevenue": "46850000000", "costofGoodsAndServicesSold": "46850000000", "operatingIncome": "572000000", "sellingGeneralAndAdministrative": "2990000000", "researchAndDevelopment": "1008000000", "operatingExpenses": "10269000000", "investmentIncomeNet": "None", "netInterestIncome": "None", "interestIncome": "None", "interestExpense": "60000000", "nonInterestIncome": "None", "otherNonOperatingIncome": "1519000000", "depreciation": "None", "depreciationAndAmortization": "4755000000", "incomeBeforeTax": "2628000000", "incomeTaxExpense": "-202000000", "interestAndDebtExpense": "None", "netIncomeFromContinuingOperations": "2830000000", "comprehensiveIncomeNetOfTax": "None", "ebit": "2688000000", "ebitda": "7443000000", "netIncome": "2780000000"}, {"fiscalDateEnding": "2015-09-30", "reportedCurrency": "USD", "grossProfit": "14434000000", "totalRevenue": "65679000000", "costOfRevenue": "51245000000", "costofGoodsAndServicesSold": "51245000000", "operatingIncome": "4162000000", "sellingGeneralAndAdministrative": "2967000000", "researchAndDevelopment": "0", "operatingExpenses": "10272000000", "investmentIncomeNet": "None", "netInterestIncome": "None", "interestIncome": "None", "interestExpense": "78000000", "nonInterestIncome": "None", "otherNonOperatingIncome": "1783000000", "depreciation": "None", "depreciationAndAmortization": "4542000000", "incomeBeforeTax": "5749000000", "incomeTaxExpense": "1365000000", "interestAndDebtExpense": "None", "netIncomeFromContinuingOperations": "4384000000", "comprehensiveIncomeNetOfTax": "None", "ebit": "5827000000", "ebitda": "10369000000", "netIncome": "4240000000"}, {"fiscalDateEnding": "2015-06-30", "reportedCurrency": "USD", "grossProfit": "14397000000", "totalRevenue": "71360000000", "costOfRevenue": "56963000000", "costofGoodsAndServicesSold": "56963000000", "operatingIncome": "4286000000", "sellingGeneralAndAdministrative": "2831000000", "researchAndDevelopment": "0", "operatingExpenses": "10111000000", "investmentIncomeNet": "None", "netInterestIncome": "None", "interestIncome": "None", "interestExpense": "85000000", "nonInterestIncome": "None", "otherNonOperatingIncome": "2081000000", "depreciation": "None", "depreciationAndAmortization": "4451000000", "incomeBeforeTax": "6954000000", "incomeTaxExpense": "2692000000", "interestAndDebtExpense": "None", "netIncomeFromContinuingOperations": "4262000000", "comprehensiveIncomeNetOfTax": "None", "ebit": "7039000000", "ebitda": "11490000000", "netIncome": "4190000000"}, {"fiscalDateEnding": "2015-03-31", "reportedCurrency": "USD", "grossProfit": "13500000000", "totalRevenue": "64758000000", "costOfRevenue": "51258000000", "costofGoodsAndServicesSold": "51258000000", "operatingIncome": "3863000000", "sellingGeneralAndAdministrative": "2713000000", "researchAndDevelopment": "0", "operatingExpenses": "9637000000", "investmentIncomeNet": "None", "netInterestIncome": "None", "interestIncome": "None", "interestExpense": "88000000", "nonInterestIncome": "None", "otherNonOperatingIncome": "2261000000", "depreciation": "None", "depreciationAndAmortization": "4300000000", "incomeBeforeTax": "6635000000", "incomeTaxExpense": "1560000000", "interestAndDebtExpense": "None", "netIncomeFromContinuingOperations": "5075000000", "comprehensiveIncomeNetOfTax": "None", "ebit": "6723000000", "ebitda": "11023000000", "netIncome": "4940000000"}, {"fiscalDateEnding": "2014-12-31", "reportedCurrency": "USD", "grossProfit": "16704000000", "totalRevenue": "82621000000", "costOfRevenue": "65917000000", "costofGoodsAndServicesSold": "65917000000", "operatingIncome": "5502000000", "sellingGeneralAndAdministrative": "3128000000", "researchAndDevelopment": "971000000", "operatingExpenses": "11202000000", "investmentIncomeNet": "None", "netInterestIncome": "None", "interestIncome": "None", "interestExpense": "68000000", "nonInterestIncome": "None", "otherNonOperatingIncome": "2692000000", "depreciation": "None", "depreciationAndAmortization": "4458000000", "incomeBeforeTax": "8842000000", "incomeTaxExpense": "2060000000", "interestAndDebtExpense": "None", "netIncomeFromContinuingOperations": "6782000000", "comprehensiveIncomeNetOfTax": "None", "ebit": "8910000000", "ebitda": "13368000000", "netIncome": "6570000000"}, {"fiscalDateEnding": "2014-09-30", "reportedCurrency": "USD", "grossProfit": "21306000000", "totalRevenue": "103206000000", "costOfRevenue": "81900000000", "costofGoodsAndServicesSold": "81900000000", "operatingIncome": "9574000000", "sellingGeneralAndAdministrative": "3169000000", "researchAndDevelopment": "0", "operatingExpenses": "11732000000", "investmentIncomeNet": "None", "netInterestIncome": "None", "interestIncome": "None", "interestExpense": "88000000", "nonInterestIncome": "None", "otherNonOperatingIncome": "3211000000", "depreciation": "None", "depreciationAndAmortization": "4362000000", "incomeBeforeTax": "13410000000", "incomeTaxExpense": "5064000000", "interestAndDebtExpense": "None", "netIncomeFromContinuingOperations": "8346000000", "comprehensiveIncomeNetOfTax": "None", "ebit": "13498000000", "ebitda": "17860000000", "netIncome": "8070000000"}, {"fiscalDateEnding": "2014-06-30", "reportedCurrency": "USD", "grossProfit": "20875000000", "totalRevenue": "105719000000", "costOfRevenue": "84844000000", "costofGoodsAndServicesSold": "84844000000", "operatingIncome": "8726000000", "sellingGeneralAndAdministrative": "3169000000", "researchAndDevelopment": "0", "operatingExpenses": "12149000000", "investmentIncomeNet": "None", "netInterestIncome": "None", "interestIncome": "None", "interestExpense": "64000000", "nonInterestIncome": "None", "otherNonOperatingIncome": "3312000000", "depreciation": "None", "depreciationAndAmortization": "4285000000", "incomeBeforeTax": "14151000000", "incomeTaxExpense": "5034000000", "interestAndDebtExpense": "None", "netIncomeFromContinuingOperations": "9117000000", "comprehensiveIncomeNetOfTax": "None", "ebit": "14215000000", "ebitda": "18500000000", "netIncome": "8780000000"}, {"fiscalDateEnding": "2014-03-31", "reportedCurrency": "USD", "grossProfit": "21750000000", "totalRevenue": "101312000000", "costOfRevenue": "79562000000", "costofGoodsAndServicesSold": "79562000000", "operatingIncome": "10280000000", "sellingGeneralAndAdministrative": "3132000000", "researchAndDevelopment": "0", "operatingExpenses": "11470000000", "investmentIncomeNet": "None", "netInterestIncome": "None", "interestIncome": "None", "interestExpense": "66000000", "nonInterestIncome": "None", "otherNonOperatingIncome": "4108000000", "depreciation": "None", "depreciationAndAmortization": "4192000000", "incomeBeforeTax": "15227000000", "incomeTaxExpense": "5857000000", "interestAndDebtExpense": "None", "netIncomeFromContinuingOperations": "9370000000", "comprehensiveIncomeNetOfTax": "None", "ebit": "15293000000", "ebitda": "19485000000", "netIncome": "9100000000"}, {"fiscalDateEnding": "2013-12-31", "reportedCurrency": "USD", "grossProfit": "22238000000", "totalRevenue": "106018000000", "costOfRevenue": "83780000000", "costofGoodsAndServicesSold": "83780000000", "operatingIncome": "9722000000", "sellingGeneralAndAdministrative": "3341000000", "researchAndDevelopment": "1044000000", "operatingExpenses": "12516000000", "investmentIncomeNet": "None", "netInterestIncome": "None", "interestIncome": "None", "interestExpense": "152000000", "nonInterestIncome": "None", "otherNonOperatingIncome": "2967000000", "depreciation": "None", "depreciationAndAmortization": "4380000000", "incomeBeforeTax": "14716000000", "incomeTaxExpense": "6073000000", "interestAndDebtExpense": "None", "netIncomeFromContinuingOperations": "8643000000", "comprehensiveIncomeNetOfTax": "None", "ebit": "14564000000", "ebitda": "18944000000", "netIncome": "8350000000"}, {"fiscalDateEnding": "2013-09-30", "reportedCurrency": "USD", "grossProfit": "22418000000", "totalRevenue": "108390000000", "costOfRevenue": "85972000000", "costofGoodsAndServicesSold": "85972000000", "operatingIncome": "10259000000", "sellingGeneralAndAdministrative": "3150000000", "researchAndDevelopment": "0", "operatingExpenses": "12159000000", "investmentIncomeNet": "None", "netInterestIncome": "None", "interestIncome": "None", "interestExpense": "52000000", "nonInterestIncome": "None", "otherNonOperatingIncome": "3444000000", "depreciation": "None", "depreciationAndAmortization": "4287000000", "incomeBeforeTax": "14189000000", "incomeTaxExpense": "6120000000", "interestAndDebtExpense": "None", "netIncomeFromContinuingOperations": "8069000000", "comprehensiveIncomeNetOfTax": "None", "ebit": "14241000000", "ebitda": "18528000000", "netIncome": "7870000000"}, {"fiscalDateEnding": "2013-06-30", "reportedCurrency": "USD", "grossProfit": "21137000000", "totalRevenue": "103050000000", "costOfRevenue": "81913000000", "costofGoodsAndServicesSold": "81913000000", "operatingIncome": "9237000000", "sellingGeneralAndAdministrative": "3268000000", "researchAndDevelopment": "0", "operatingExpenses": "11900000000", "investmentIncomeNet": "None", "netInterestIncome": "None", "interestIncome": "None", "interestExpense": "85000000", "nonInterestIncome": "None", "otherNonOperatingIncome": "3098000000", "depreciation": "None", "depreciationAndAmortization": "4405000000", "incomeBeforeTax": "12768000000", "incomeTaxExpense": "5793000000", "interestAndDebtExpense": "None", "netIncomeFromContinuingOperations": "6975000000", "comprehensiveIncomeNetOfTax": "None", "ebit": "12853000000", "ebitda": "17258000000", "netIncome": "6860000000"}, {"fiscalDateEnding": "2013-03-31", "reportedCurrency": "USD", "grossProfit": "22591000000", "totalRevenue": "103378000000", "costOfRevenue": "80787000000", "costofGoodsAndServicesSold": "80787000000", "operatingIncome": "11083000000", "sellingGeneralAndAdministrative": "3118000000", "researchAndDevelopment": "0", "operatingExpenses": "11508000000", "investmentIncomeNet": "None", "netInterestIncome": "None", "interestIncome": "None", "interestExpense": "24000000", "nonInterestIncome": "None", "otherNonOperatingIncome": "4418000000", "depreciation": "None", "depreciationAndAmortization": "4110000000", "incomeBeforeTax": "16038000000", "incomeTaxExpense": "6277000000", "interestAndDebtExpense": "None", "netIncomeFromContinuingOperations": "9761000000", "comprehensiveIncomeNetOfTax": "None", "ebit": "16062000000", "ebitda": "20172000000", "netIncome": "9500000000"}, {"fiscalDateEnding": "2012-12-31", "reportedCurrency": "USD", "grossProfit": "52000000", "totalRevenue": "97248000000", "costOfRevenue": "97196000000", "costofGoodsAndServicesSold": "97196000000", "operatingIncome": "-114000000", "sellingGeneralAndAdministrative": "3322000000", "researchAndDevelopment": "1042000000", "operatingExpenses": "166000000", "investmentIncomeNet": "None", "netInterestIncome": "None", "interestIncome": "None", "interestExpense": "111000000", "nonInterestIncome": "None", "otherNonOperatingIncome": "3763000000", "depreciation": "None", "depreciationAndAmortization": "4110000000", "incomeBeforeTax": "17700000000", "incomeTaxExpense": "7398000000", "interestAndDebtExpense": "None", "netIncomeFromContinuingOperations": "10302000000", "comprehensiveIncomeNetOfTax": "None", "ebit": "17811000000", "ebitda": "21921000000", "netIncome": "9950000000"}, {"fiscalDateEnding": "2012-09-30", "reportedCurrency": "USD", "grossProfit": "25072000000", "totalRevenue": "110989000000", "costOfRevenue": "85917000000", "costofGoodsAndServicesSold": "85917000000", "operatingIncome": "13227000000", "sellingGeneralAndAdministrative": "3468000000", "researchAndDevelopment": "894000000", "operatingExpenses": "11845000000", "investmentIncomeNet": "None", "netInterestIncome": "None", "interestIncome": "None", "interestExpense": "59000000", "nonInterestIncome": "None", "otherNonOperatingIncome": "3386000000", "depreciation": "None", "depreciationAndAmortization": "4037000000", "incomeBeforeTax": "17320000000", "incomeTaxExpense": "7394000000", "interestAndDebtExpense": "None", "netIncomeFromContinuingOperations": "9926000000", "comprehensiveIncomeNetOfTax": "None", "ebit": "17379000000", "ebitda": "21416000000", "netIncome": "9570000000"}, {"fiscalDateEnding": "2012-06-30", "reportedCurrency": "USD", "grossProfit": "24688000000", "totalRevenue": "112745000000", "costOfRevenue": "88057000000", "costofGoodsAndServicesSold": "88057000000", "operatingIncome": "11623000000", "sellingGeneralAndAdministrative": "3486000000", "researchAndDevelopment": "0", "operatingExpenses": "13065000000", "investmentIncomeNet": "None", "netInterestIncome": "None", "interestIncome": "None", "interestExpense": "50000000", "nonInterestIncome": "None", "otherNonOperatingIncome": "3651000000", "depreciation": "None", "depreciationAndAmortization": "3899000000", "incomeBeforeTax": "26191000000", "incomeTaxExpense": "8537000000", "interestAndDebtExpense": "None", "netIncomeFromContinuingOperations": "17654000000", "comprehensiveIncomeNetOfTax": "None", "ebit": "26241000000", "ebitda": "30140000000", "netIncome": "15910000000"}, {"fiscalDateEnding": "2012-03-31", "reportedCurrency": "USD", "grossProfit": "27179000000", "totalRevenue": "119189000000", "costOfRevenue": "92010000000", "costofGoodsAndServicesSold": "92010000000", "operatingIncome": "12758000000", "sellingGeneralAndAdministrative": "3601000000", "researchAndDevelopment": "0", "operatingExpenses": "14421000000", "investmentIncomeNet": "None", "netInterestIncome": "None", "interestIncome": "None", "interestExpense": "107000000", "nonInterestIncome": "None", "otherNonOperatingIncome": "4210000000", "depreciation": "None", "depreciationAndAmortization": "3842000000", "incomeBeforeTax": "17515000000", "incomeTaxExpense": "7716000000", "interestAndDebtExpense": "None", "netIncomeFromContinuingOperations": "9799000000", "comprehensiveIncomeNetOfTax": "None", "ebit": "17622000000", "ebitda": "21464000000", "netIncome": "9450000000"}, {"fiscalDateEnding": "2011-12-31", "reportedCurrency": "USD", "grossProfit": "31764000000", "totalRevenue": "117782000000", "costOfRevenue": "86018000000", "costofGoodsAndServicesSold": "86018000000", "operatingIncome": "13289000000", "sellingGeneralAndAdministrative": "3911000000", "researchAndDevelopment": "1044000000", "operatingExpenses": "18475000000", "investmentIncomeNet": "None", "netInterestIncome": "None", "interestIncome": "None", "interestExpense": "75000000", "nonInterestIncome": "None", "otherNonOperatingIncome": "3827000000", "depreciation": "None", "depreciationAndAmortization": "4075000000", "incomeBeforeTax": "17041000000", "incomeTaxExpense": "7317000000", "interestAndDebtExpense": "None", "netIncomeFromContinuingOperations": "9724000000", "comprehensiveIncomeNetOfTax": "None", "ebit": "17116000000", "ebitda": "21191000000", "netIncome": "9400000000"}, {"fiscalDateEnding": "2011-09-30", "reportedCurrency": "USD", "grossProfit": "33443000000", "totalRevenue": "121415000000", "costOfRevenue": "87972000000", "costofGoodsAndServicesSold": "87972000000", "operatingIncome": "14863000000", "sellingGeneralAndAdministrative": "3764000000", "researchAndDevelopment": "0", "operatingExpenses": "18580000000", "investmentIncomeNet": "None", "netInterestIncome": "None", "interestIncome": "None", "interestExpense": "98000000", "nonInterestIncome": "None", "otherNonOperatingIncome": "3915000000", "depreciation": "None", "depreciationAndAmortization": "3866000000", "incomeBeforeTax": "18680000000", "incomeTaxExpense": "8009000000", "interestAndDebtExpense": "None", "netIncomeFromContinuingOperations": "10671000000", "comprehensiveIncomeNetOfTax": "None", "ebit": "18778000000", "ebitda": "22644000000", "netIncome": "10330000000"}, {"fiscalDateEnding": "2011-06-30", "reportedCurrency": "USD", "grossProfit": "41997000000", "totalRevenue": "121766000000", "costOfRevenue": "79769000000", "costofGoodsAndServicesSold": "79769000000", "operatingIncome": "23557000000", "sellingGeneralAndAdministrative": "3681000000", "researchAndDevelopment": "0", "operatingExpenses": "18440000000", "investmentIncomeNet": "None", "netInterestIncome": "None", "interestIncome": "None", "interestExpense": "45000000", "nonInterestIncome": "None", "otherNonOperatingIncome": "3720000000", "depreciation": "None", "depreciationAndAmortization": "3881000000", "incomeBeforeTax": "18619000000", "incomeTaxExpense": "7721000000", "interestAndDebtExpense": "None", "netIncomeFromContinuingOperations": "10898000000", "comprehensiveIncomeNetOfTax": "None", "ebit": "18664000000", "ebitda": "22545000000", "netIncome": "10680000000"}, {"fiscalDateEnding": "2011-03-31", "reportedCurrency": "USD", "grossProfit": "32244000000", "totalRevenue": "110177000000", "costOfRevenue": "77933000000", "costofGoodsAndServicesSold": "77933000000", "operatingIncome": "15119000000", "sellingGeneralAndAdministrative": "3627000000", "researchAndDevelopment": "0", "operatingExpenses": "17125000000", "investmentIncomeNet": "None", "netInterestIncome": "None", "interestIncome": "None", "interestExpense": "29000000", "nonInterestIncome": "None", "otherNonOperatingIncome": "3827000000", "depreciation": "None", "depreciationAndAmortization": "3761000000", "incomeBeforeTax": "18917000000", "incomeTaxExpense": "8004000000", "interestAndDebtExpense": "None", "netIncomeFromContinuingOperations": "10913000000", "comprehensiveIncomeNetOfTax": "None", "ebit": "18946000000", "ebitda": "22707000000", "netIncome": "10650000000"}, {"fiscalDateEnding": "2010-12-31", "reportedCurrency": "USD", "grossProfit": "9357000000", "totalRevenue": "101733000000", "costOfRevenue": "92376000000", "costofGoodsAndServicesSold": "92376000000", "operatingIncome": "11984000000", "sellingGeneralAndAdministrative": "3855000000", "researchAndDevelopment": "1012000000", "operatingExpenses": "-2627000000", "investmentIncomeNet": "None", "netInterestIncome": "None", "interestIncome": "None", "interestExpense": "110000000", "nonInterestIncome": "None", "otherNonOperatingIncome": "3453000000", "depreciation": "None", "depreciationAndAmortization": "4270000000", "incomeBeforeTax": "15327000000", "incomeTaxExpense": "5811000000", "interestAndDebtExpense": "None", "netIncomeFromContinuingOperations": "9516000000", "comprehensiveIncomeNetOfTax": "None", "ebit": "15437000000", "ebitda": "19707000000", "netIncome": "9250000000"}, {"fiscalDateEnding": "2010-09-30", "reportedCurrency": "USD", "grossProfit": "27826000000", "totalRevenue": "92855000000", "costOfRevenue": "65029000000", "costofGoodsAndServicesSold": "65029000000", "operatingIncome": "10469000000", "sellingGeneralAndAdministrative": "3707000000", "researchAndDevelopment": "0", "operatingExpenses": "17357000000", "investmentIncomeNet": "None", "netInterestIncome": "None", "interestIncome": "None", "interestExpense": "54000000", "nonInterestIncome": "None", "otherNonOperatingIncome": "2443000000", "depreciation": "None", "depreciationAndAmortization": "3844000000", "incomeBeforeTax": "12858000000", "incomeTaxExpense": "5297000000", "interestAndDebtExpense": "None", "netIncomeFromContinuingOperations": "7561000000", "comprehensiveIncomeNetOfTax": "None", "ebit": "12912000000", "ebitda": "16756000000", "netIncome": "7350000000"}, {"fiscalDateEnding": "2010-06-30", "reportedCurrency": "USD", "grossProfit": "26451000000", "totalRevenue": "90242000000", "costOfRevenue": "63791000000", "costofGoodsAndServicesSold": "63791000000", "operatingIncome": "10502000000", "sellingGeneralAndAdministrative": "3607000000", "researchAndDevelopment": "0", "operatingExpenses": "15949000000", "investmentIncomeNet": "None", "netInterestIncome": "None", "interestIncome": "None", "interestExpense": "40000000", "nonInterestIncome": "None", "otherNonOperatingIncome": "2244000000", "depreciation": "None", "depreciationAndAmortization": "3366000000", "incomeBeforeTax": "12706000000", "incomeTaxExpense": "4960000000", "interestAndDebtExpense": "None", "netIncomeFromContinuingOperations": "7746000000", "comprehensiveIncomeNetOfTax": "None", "ebit": "12746000000", "ebitda": "16112000000", "netIncome": "7560000000"}, {"fiscalDateEnding": "2010-03-31", "reportedCurrency": "USD", "grossProfit": "25679000000", "totalRevenue": "87714000000", "costOfRevenue": "62035000000", "costofGoodsAndServicesSold": "62035000000", "operatingIncome": "9586000000", "sellingGeneralAndAdministrative": "3514000000", "researchAndDevelopment": "0", "operatingExpenses": "16093000000", "investmentIncomeNet": "None", "netInterestIncome": "None", "interestIncome": "None", "interestExpense": "55000000", "nonInterestIncome": "None", "otherNonOperatingIncome": "2537000000", "depreciation": "None", "depreciationAndAmortization": "3280000000", "incomeBeforeTax": "12068000000", "incomeTaxExpense": "5493000000", "interestAndDebtExpense": "None", "netIncomeFromContinuingOperations": "6575000000", "comprehensiveIncomeNetOfTax": "None", "ebit": "12123000000", "ebitda": "15403000000", "netIncome": "6300000000"}, {"fiscalDateEnding": "2009-12-31", "reportedCurrency": "USD", "grossProfit": "32084000000", "totalRevenue": "87426000000", "costOfRevenue": "55342000000", "costofGoodsAndServicesSold": "55342000000", "operatingIncome": "7827000000", "sellingGeneralAndAdministrative": "3881000000", "researchAndDevelopment": "1050000000", "operatingExpenses": "24257000000", "investmentIncomeNet": "None", "netInterestIncome": "None", "interestIncome": "None", "interestExpense": "36000000", "nonInterestIncome": "None", "otherNonOperatingIncome": "None", "depreciation": "None", "depreciationAndAmortization": "3193000000", "incomeBeforeTax": "10206000000", "incomeTaxExpense": "4067000000", "interestAndDebtExpense": "None", "netIncomeFromContinuingOperations": "0", "comprehensiveIncomeNetOfTax": "None", "ebit": "10242000000", "ebitda": "13435000000", "netIncome": "6050000000"}, {"fiscalDateEnding": "2009-09-30", "reportedCurrency": "USD", "grossProfit": "30799000000", "totalRevenue": "80585000000", "costOfRevenue": "49786000000", "costofGoodsAndServicesSold": "49786000000", "operatingIncome": "7591000000", "sellingGeneralAndAdministrative": "3887000000", "researchAndDevelopment": "0", "operatingExpenses": "23208000000", "investmentIncomeNet": "None", "netInterestIncome": "None", "interestIncome": "None", "interestExpense": "62000000", "nonInterestIncome": "None", "otherNonOperatingIncome": "1675000000", "depreciation": "None", "depreciationAndAmortization": "2927000000", "incomeBeforeTax": "9204000000", "incomeTaxExpense": "4333000000", "interestAndDebtExpense": "None", "netIncomeFromContinuingOperations": "4871000000", "comprehensiveIncomeNetOfTax": "None", "ebit": "9266000000", "ebitda": "12193000000", "netIncome": "4730000000"}, {"fiscalDateEnding": "2009-06-30", "reportedCurrency": "USD", "grossProfit": "22819000000", "totalRevenue": "74457000000", "costOfRevenue": "51638000000", "costofGoodsAndServicesSold": "51638000000", "operatingIncome": "7860000000", "sellingGeneralAndAdministrative": "3519000000", "researchAndDevelopment": "0", "operatingExpenses": "14959000000", "investmentIncomeNet": "None", "netInterestIncome": "None", "interestIncome": "None", "interestExpense": "343000000", "nonInterestIncome": "None", "otherNonOperatingIncome": "1583000000", "depreciation": "None", "depreciationAndAmortization": "3004000000", "incomeBeforeTax": "7517000000", "incomeTaxExpense": "3571000000", "interestAndDebtExpense": "None", "netIncomeFromContinuingOperations": "3946000000", "comprehensiveIncomeNetOfTax": "None", "ebit": "7860000000", "ebitda": "10864000000", "netIncome": "3950000000"}, {"fiscalDateEnding": "2009-03-31", "reportedCurrency": "USD", "grossProfit": "22349000000", "totalRevenue": "64028000000", "costOfRevenue": "41679000000", "costofGoodsAndServicesSold": "41679000000", "operatingIncome": "7957000000", "sellingGeneralAndAdministrative": "3448000000", "researchAndDevelopment": "0", "operatingExpenses": "14392000000", "investmentIncomeNet": "None", "netInterestIncome": "None", "interestIncome": "None", "interestExpense": "107000000", "nonInterestIncome": "None", "otherNonOperatingIncome": "None", "depreciation": "None", "depreciationAndAmortization": "2793000000", "incomeBeforeTax": "7850000000", "incomeTaxExpense": "3148000000", "interestAndDebtExpense": "None", "netIncomeFromContinuingOperations": "0", "comprehensiveIncomeNetOfTax": "None", "ebit": "7957000000", "ebitda": "10750000000", "netIncome": "4550000000"}, {"fiscalDateEnding": "2008-12-31", "reportedCurrency": "USD", "grossProfit": "36770000000", "totalRevenue": "84696000000", "costOfRevenue": "47926000000", "costofGoodsAndServicesSold": "47926000000", "operatingIncome": "21128000000", "sellingGeneralAndAdministrative": "3859000000", "researchAndDevelopment": "847000000", "operatingExpenses": "15642000000", "investmentIncomeNet": "None", "netInterestIncome": "None", "interestIncome": "None", "interestExpense": "6197000000", "nonInterestIncome": "None", "otherNonOperatingIncome": "None", "depreciation": "None", "depreciationAndAmortization": "3177000000", "incomeBeforeTax": "13195000000", "incomeTaxExpense": "5375000000", "interestAndDebtExpense": "None", "netIncomeFromContinuingOperations": "0", "comprehensiveIncomeNetOfTax": "None", "ebit": "21128000000", "ebitda": "24305000000", "netIncome": "7820000000"}, {"fiscalDateEnding": "2008-09-30", "reportedCurrency": "USD", "grossProfit": "51737000000", "totalRevenue": "134913000000", "costOfRevenue": "83176000000", "costofGoodsAndServicesSold": "83176000000", "operatingIncome": "24187000000", "sellingGeneralAndAdministrative": "3823000000", "researchAndDevelopment": "0", "operatingExpenses": "27550000000", "investmentIncomeNet": "None", "netInterestIncome": "None", "interestIncome": "None", "interestExpense": "318000000", "nonInterestIncome": "None", "otherNonOperatingIncome": "None", "depreciation": "None", "depreciationAndAmortization": "3008000000", "incomeBeforeTax": "26693000000", "incomeTaxExpense": "11327000000", "interestAndDebtExpense": "None", "netIncomeFromContinuingOperations": "0", "comprehensiveIncomeNetOfTax": "None", "ebit": "27011000000", "ebitda": "30019000000", "netIncome": "14830000000"}, {"fiscalDateEnding": "2008-06-30", "reportedCurrency": "USD", "grossProfit": "41435000000", "totalRevenue": "138072000000", "costOfRevenue": "96637000000", "costofGoodsAndServicesSold": "96637000000", "operatingIncome": "22538000000", "sellingGeneralAndAdministrative": "4389000000", "researchAndDevelopment": "0", "operatingExpenses": "18897000000", "investmentIncomeNet": "None", "netInterestIncome": "None", "interestIncome": "None", "interestExpense": "107000000", "nonInterestIncome": "None", "otherNonOperatingIncome": "None", "depreciation": "None", "depreciationAndAmortization": "3090000000", "incomeBeforeTax": "22431000000", "incomeTaxExpense": "10526000000", "interestAndDebtExpense": "None", "netIncomeFromContinuingOperations": "0", "comprehensiveIncomeNetOfTax": "None", "ebit": "22538000000", "ebitda": "25628000000", "netIncome": "11680000000"}, {"fiscalDateEnding": "2008-03-31", "reportedCurrency": "USD", "grossProfit": "38216000000", "totalRevenue": "116854000000", "costOfRevenue": "78638000000", "costofGoodsAndServicesSold": "78638000000", "operatingIncome": "20604000000", "sellingGeneralAndAdministrative": "3802000000", "researchAndDevelopment": "0", "operatingExpenses": "17612000000", "investmentIncomeNet": "None", "netInterestIncome": "None", "interestIncome": "None", "interestExpense": "130000000", "nonInterestIncome": "None", "otherNonOperatingIncome": "None", "depreciation": "None", "depreciationAndAmortization": "3104000000", "incomeBeforeTax": "20474000000", "incomeTaxExpense": "9302000000", "interestAndDebtExpense": "None", "netIncomeFromContinuingOperations": "0", "comprehensiveIncomeNetOfTax": "None", "ebit": "20604000000", "ebitda": "23708000000", "netIncome": "10890000000"}, {"fiscalDateEnding": "2007-12-31", "reportedCurrency": "USD", "grossProfit": "47251000000", "totalRevenue": "116642000000", "costOfRevenue": "69391000000", "costofGoodsAndServicesSold": "69391000000", "operatingIncome": "28797000000", "sellingGeneralAndAdministrative": "4054000000", "researchAndDevelopment": "814000000", "operatingExpenses": "18454000000", "investmentIncomeNet": "None", "netInterestIncome": "None", "interestIncome": "None", "interestExpense": "7211000000", "nonInterestIncome": "None", "otherNonOperatingIncome": "None", "depreciation": "None", "depreciationAndAmortization": "3155000000", "incomeBeforeTax": "19722000000", "incomeTaxExpense": "8062000000", "interestAndDebtExpense": "None", "netIncomeFromContinuingOperations": "0", "comprehensiveIncomeNetOfTax": "None", "ebit": "28797000000", "ebitda": "31952000000", "netIncome": "11660000000"}, {"fiscalDateEnding": "2007-09-30", "reportedCurrency": "USD", "grossProfit": "42131000000", "totalRevenue": "102337000000", "costOfRevenue": "60206000000", "costofGoodsAndServicesSold": "60206000000", "operatingIncome": "25087000000", "sellingGeneralAndAdministrative": "3656000000", "researchAndDevelopment": "0", "operatingExpenses": "17044000000", "investmentIncomeNet": "None", "netInterestIncome": "None", "interestIncome": "None", "interestExpense": "7278000000", "nonInterestIncome": "None", "otherNonOperatingIncome": "None", "depreciation": "None", "depreciationAndAmortization": "3159000000", "incomeBeforeTax": "16760000000", "incomeTaxExpense": "7350000000", "interestAndDebtExpense": "None", "netIncomeFromContinuingOperations": "0", "comprehensiveIncomeNetOfTax": "None", "ebit": "25087000000", "ebitda": "28246000000", "netIncome": "9410000000"}, {"fiscalDateEnding": "2007-06-30", "reportedCurrency": "USD", "grossProfit": "42692000000", "totalRevenue": "98350000000", "costOfRevenue": "55658000000", "costofGoodsAndServicesSold": "55658000000", "operatingIncome": "18212000000", "sellingGeneralAndAdministrative": "3788000000", "researchAndDevelopment": "0", "operatingExpenses": "24480000000", "investmentIncomeNet": "None", "netInterestIncome": "None", "interestIncome": "None", "interestExpense": "6818000000", "nonInterestIncome": "None", "otherNonOperatingIncome": "None", "depreciation": "None", "depreciationAndAmortization": "2994000000", "incomeBeforeTax": "17928000000", "incomeTaxExpense": "7668000000", "interestAndDebtExpense": "None", "netIncomeFromContinuingOperations": "0", "comprehensiveIncomeNetOfTax": "None", "ebit": "18212000000", "ebitda": "21206000000", "netIncome": "10260000000"}, {"fiscalDateEnding": "2007-03-31", "reportedCurrency": "USD", "grossProfit": "39626000000", "totalRevenue": "87223000000", "costOfRevenue": "47597000000", "costofGoodsAndServicesSold": "47597000000", "operatingIncome": "23701000000", "sellingGeneralAndAdministrative": "3392000000", "researchAndDevelopment": "0", "operatingExpenses": "15925000000", "investmentIncomeNet": "None", "netInterestIncome": "None", "interestIncome": "None", "interestExpense": "6503000000", "nonInterestIncome": "None", "otherNonOperatingIncome": "None", "depreciation": "None", "depreciationAndAmortization": "2942000000", "incomeBeforeTax": "16064000000", "incomeTaxExpense": "6784000000", "interestAndDebtExpense": "None", "netIncomeFromContinuingOperations": "0", "comprehensiveIncomeNetOfTax": "None", "ebit": "23701000000", "ebitda": "26643000000", "netIncome": "9280000000"}, {"fiscalDateEnding": "2006-12-31", "reportedCurrency": "USD", "grossProfit": "39845000000", "totalRevenue": "90028000000", "costOfRevenue": "50183000000", "costofGoodsAndServicesSold": "50183000000", "operatingIncome": "-7653000000", "sellingGeneralAndAdministrative": "3838000000", "researchAndDevelopment": "733000000", "operatingExpenses": "47498000000", "investmentIncomeNet": "None", "netInterestIncome": "None", "interestIncome": "None", "interestExpense": "24664000000", "nonInterestIncome": "None", "otherNonOperatingIncome": "None", "depreciation": "None", "depreciationAndAmortization": "3282000000", "incomeBeforeTax": "15561000000", "incomeTaxExpense": "5311000000", "interestAndDebtExpense": "None", "netIncomeFromContinuingOperations": "0", "comprehensiveIncomeNetOfTax": "None", "ebit": "-7653000000", "ebitda": "-4371000000", "netIncome": "10250000000"}, {"fiscalDateEnding": "2006-09-30", "reportedCurrency": "USD", "grossProfit": "42820000000", "totalRevenue": "99593000000", "costOfRevenue": "56773000000", "costofGoodsAndServicesSold": "56773000000", "operatingIncome": "26515000000", "sellingGeneralAndAdministrative": "3412000000", "researchAndDevelopment": "0", "operatingExpenses": "16305000000", "investmentIncomeNet": "None", "netInterestIncome": "None", "interestIncome": "None", "interestExpense": "6790000000", "nonInterestIncome": "None", "otherNonOperatingIncome": "None", "depreciation": "None", "depreciationAndAmortization": "2730000000", "incomeBeforeTax": "18178000000", "incomeTaxExpense": "7688000000", "interestAndDebtExpense": "None", "netIncomeFromContinuingOperations": "0", "comprehensiveIncomeNetOfTax": "None", "ebit": "26515000000", "ebitda": "29245000000", "netIncome": "10490000000"}, {"fiscalDateEnding": "2006-06-30", "reportedCurrency": "USD", "grossProfit": "43262000000", "totalRevenue": "99034000000", "costOfRevenue": "55772000000", "costofGoodsAndServicesSold": "55772000000", "operatingIncome": "26775000000", "sellingGeneralAndAdministrative": "3557000000", "researchAndDevelopment": "0", "operatingExpenses": "16487000000", "investmentIncomeNet": "None", "netInterestIncome": "None", "interestIncome": "None", "interestExpense": "7248000000", "nonInterestIncome": "None", "otherNonOperatingIncome": "None", "depreciation": "None", "depreciationAndAmortization": "2760000000", "incomeBeforeTax": "18204000000", "incomeTaxExpense": "7844000000", "interestAndDebtExpense": "None", "netIncomeFromContinuingOperations": "0", "comprehensiveIncomeNetOfTax": "None", "ebit": "26775000000", "ebitda": "29535000000", "netIncome": "10360000000"}, {"fiscalDateEnding": "2006-03-31", "reportedCurrency": "USD", "grossProfit": "38453000000", "totalRevenue": "88980000000", "costOfRevenue": "50527000000", "costofGoodsAndServicesSold": "50527000000", "operatingIncome": "15806000000", "sellingGeneralAndAdministrative": "3466000000", "researchAndDevelopment": "0", "operatingExpenses": "22647000000", "investmentIncomeNet": "None", "netInterestIncome": "None", "interestIncome": "None", "interestExpense": "7148000000", "nonInterestIncome": "None", "otherNonOperatingIncome": "None", "depreciation": "None", "depreciationAndAmortization": "2644000000", "incomeBeforeTax": "15459000000", "incomeTaxExpense": "7059000000", "interestAndDebtExpense": "None", "netIncomeFromContinuingOperations": "0", "comprehensiveIncomeNetOfTax": "None", "ebit": "15806000000", "ebitda": "18450000000", "netIncome": "8400000000"}, {"fiscalDateEnding": "2005-12-31", "reportedCurrency": "USD", "grossProfit": "42400000000", "totalRevenue": "99344000000", "costOfRevenue": "56944000000", "costofGoodsAndServicesSold": "56944000000", "operatingIncome": "26001000000", "sellingGeneralAndAdministrative": "3678000000", "researchAndDevelopment": "712000000", "operatingExpenses": "16399000000", "investmentIncomeNet": "None", "netInterestIncome": "None", "interestIncome": "None", "interestExpense": "6692000000", "nonInterestIncome": "None", "otherNonOperatingIncome": "None", "depreciation": "None", "depreciationAndAmortization": "2671000000", "incomeBeforeTax": "17718000000", "incomeTaxExpense": "7008000000", "interestAndDebtExpense": "None", "netIncomeFromContinuingOperations": "0", "comprehensiveIncomeNetOfTax": "None", "ebit": "26001000000", "ebitda": "28672000000", "netIncome": "10710000000"}, {"fiscalDateEnding": "2005-09-30", "reportedCurrency": "USD", "grossProfit": "41587000000", "totalRevenue": "100717000000", "costOfRevenue": "59130000000", "costofGoodsAndServicesSold": "59130000000", "operatingIncome": "24459000000", "sellingGeneralAndAdministrative": "3765000000", "researchAndDevelopment": "0", "operatingExpenses": "17128000000", "investmentIncomeNet": "None", "netInterestIncome": "None", "interestIncome": "None", "interestExpense": "7501000000", "nonInterestIncome": "None", "otherNonOperatingIncome": "None", "depreciation": "None", "depreciationAndAmortization": "2513000000", "incomeBeforeTax": "16052000000", "incomeTaxExpense": "6132000000", "interestAndDebtExpense": "None", "netIncomeFromContinuingOperations": "0", "comprehensiveIncomeNetOfTax": "None", "ebit": "24459000000", "ebitda": "26972000000", "netIncome": "9920000000"}, {"fiscalDateEnding": "2005-06-30", "reportedCurrency": "USD", "grossProfit": "37210000000", "totalRevenue": "88568000000", "costOfRevenue": "51358000000", "costofGoodsAndServicesSold": "51358000000", "operatingIncome": "20717000000", "sellingGeneralAndAdministrative": "3508000000", "researchAndDevelopment": "0", "operatingExpenses": "16493000000", "investmentIncomeNet": "None", "netInterestIncome": "None", "interestIncome": "None", "interestExpense": "7333000000", "nonInterestIncome": "None", "otherNonOperatingIncome": "None", "depreciation": "None", "depreciationAndAmortization": "2516000000", "incomeBeforeTax": "12759000000", "incomeTaxExpense": "5119000000", "interestAndDebtExpense": "None", "netIncomeFromContinuingOperations": "0", "comprehensiveIncomeNetOfTax": "None", "ebit": "20717000000", "ebitda": "23233000000", "netIncome": "7640000000"}, {"fiscalDateEnding": "2005-03-31", "reportedCurrency": "USD", "grossProfit": "36481000000", "totalRevenue": "82051000000", "costOfRevenue": "45570000000", "costofGoodsAndServicesSold": "45570000000", "operatingIncome": "20292000000", "sellingGeneralAndAdministrative": "3451000000", "researchAndDevelopment": "0", "operatingExpenses": "16189000000", "investmentIncomeNet": "None", "netInterestIncome": "None", "interestIncome": "None", "interestExpense": "6369000000", "nonInterestIncome": "None", "otherNonOperatingIncome": "None", "depreciation": "None", "depreciationAndAmortization": "2553000000", "incomeBeforeTax": "12903000000", "incomeTaxExpense": "5043000000", "interestAndDebtExpense": "None", "netIncomeFromContinuingOperations": "0", "comprehensiveIncomeNetOfTax": "None", "ebit": "20292000000", "ebitda": "22845000000", "netIncome": "7860000000"}, {"fiscalDateEnding": "2004-12-31", "reportedCurrency": "USD", "grossProfit": "38111000000", "totalRevenue": "83365000000", "costOfRevenue": "45254000000", "costofGoodsAndServicesSold": "45254000000", "operatingIncome": "20915000000", "sellingGeneralAndAdministrative": "3903000000", "researchAndDevelopment": "649000000", "operatingExpenses": "17196000000", "investmentIncomeNet": "None", "netInterestIncome": "None", "interestIncome": "None", "interestExpense": "6877000000", "nonInterestIncome": "None", "otherNonOperatingIncome": "None", "depreciation": "None", "depreciationAndAmortization": "2613000000", "incomeBeforeTax": "13265000000", "incomeTaxExpense": "4845000000", "interestAndDebtExpense": "None", "netIncomeFromContinuingOperations": "0", "comprehensiveIncomeNetOfTax": "None", "ebit": "20915000000", "ebitda": "23528000000", "netIncome": "8420000000"}]}