{"symbol": "REG", "annualReports": [{"fiscalDateEnding": "2024-12-31", "reportedCurrency": "USD", "grossProfit": "368295000", "totalRevenue": "420281000", "costOfRevenue": "51986000", "costofGoodsAndServicesSold": "51986000", "operatingIncome": "351992000", "sellingGeneralAndAdministrative": "5201000", "researchAndDevelopment": "None", "operatingExpenses": "16303000", "investmentIncomeNet": "None", "netInterestIncome": "-179391000", "interestIncome": "9632000", "interestExpense": "189023000", "nonInterestIncome": "None", "otherNonOperatingIncome": "None", "depreciation": "None", "depreciationAndAmortization": "96239000", "incomeBeforeTax": "136663000", "incomeTaxExpense": "None", "interestAndDebtExpense": "None", "netIncomeFromContinuingOperations": "409840000", "comprehensiveIncomeNetOfTax": "None", "ebit": "351992000", "ebitda": "448231000", "netIncome": "136663000"}, {"fiscalDateEnding": "2023-12-31", "reportedCurrency": "USD", "grossProfit": "927697000", "totalRevenue": "1322466000", "costOfRevenue": "394769000", "costofGoodsAndServicesSold": "394769000", "operatingIncome": "516424999", "sellingGeneralAndAdministrative": "97806000", "researchAndDevelopment": "0.29", "operatingExpenses": "927697000", "investmentIncomeNet": "None", "netInterestIncome": "-148106000", "interestIncome": "1491000", "interestExpense": "155776000", "nonInterestIncome": "None", "otherNonOperatingIncome": "None", "depreciation": "None", "depreciationAndAmortization": "308180000", "incomeBeforeTax": "370867000", "incomeTaxExpense": "895000", "interestAndDebtExpense": "None", "netIncomeFromContinuingOperations": "375218000", "comprehensiveIncomeNetOfTax": "None", "ebit": "472350000", "ebitda": "780530000", "netIncome": "364557000"}, {"fiscalDateEnding": "2022-12-31", "reportedCurrency": "USD", "grossProfit": "878079000", "totalRevenue": "1224022000", "costOfRevenue": "345943000", "costofGoodsAndServicesSold": "345943000", "operatingIncome": "527709000", "sellingGeneralAndAdministrative": "79903000", "researchAndDevelopment": "588000", "operatingExpenses": "405766000", "investmentIncomeNet": "None", "netInterestIncome": "-145748000", "interestIncome": "1148000", "interestExpense": "141320000", "nonInterestIncome": "None", "otherNonOperatingIncome": "161908000", "depreciation": "None", "depreciationAndAmortization": "711300000", "incomeBeforeTax": "488035000", "incomeTaxExpense": "146186000", "interestAndDebtExpense": "None", "netIncomeFromContinuingOperations": "488035000", "comprehensiveIncomeNetOfTax": "None", "ebit": "243127000", "ebitda": "954427000", "netIncome": "341849000"}, {"fiscalDateEnding": "2021-12-31", "reportedCurrency": "USD", "grossProfit": "839479000", "totalRevenue": "1166161000", "costOfRevenue": "326682000", "costofGoodsAndServicesSold": "326682000", "operatingIncome": "494320000", "sellingGeneralAndAdministrative": "78218000", "researchAndDevelopment": "1488000", "operatingExpenses": "387300000", "investmentIncomeNet": "None", "netInterestIncome": "-144732000", "interestIncome": "1228000", "interestExpense": "139787000", "nonInterestIncome": "None", "otherNonOperatingIncome": "59279000", "depreciation": "None", "depreciationAndAmortization": "653353000", "incomeBeforeTax": "366288000", "incomeTaxExpense": "191750000", "interestAndDebtExpense": "None", "netIncomeFromContinuingOperations": "366288000", "comprehensiveIncomeNetOfTax": "None", "ebit": "161622000", "ebitda": "814975000", "netIncome": "174538000"}, {"fiscalDateEnding": "2020-12-31", "reportedCurrency": "USD", "grossProfit": "703098000", "totalRevenue": "1016175000", "costOfRevenue": "313077000", "costofGoodsAndServicesSold": "313077000", "operatingIncome": "300814000", "sellingGeneralAndAdministrative": "75001000", "researchAndDevelopment": "10470000", "operatingExpenses": "433543000", "investmentIncomeNet": "None", "netInterestIncome": "-152349000", "interestIncome": "1600000", "interestExpense": "149439000", "nonInterestIncome": "None", "otherNonOperatingIncome": "None", "depreciation": "None", "depreciationAndAmortization": "812363000", "incomeBeforeTax": "47317000", "incomeTaxExpense": "186036000", "interestAndDebtExpense": "None", "netIncomeFromContinuingOperations": "47317000", "comprehensiveIncomeNetOfTax": "None", "ebit": "-165649000", "ebitda": "646714000", "netIncome": "-138719000"}, {"fiscalDateEnding": "2019-12-31", "reportedCurrency": "USD", "grossProfit": "826993000", "totalRevenue": "1133138000", "costOfRevenue": "306145000", "costofGoodsAndServicesSold": "306145000", "operatingIncome": "303756000", "sellingGeneralAndAdministrative": "74984000", "researchAndDevelopment": "2537000", "operatingExpenses": "-763226000", "investmentIncomeNet": "None", "netInterestIncome": "-143700000", "interestIncome": "84740000", "interestExpense": "144769000", "nonInterestIncome": "None", "otherNonOperatingIncome": "None", "depreciation": "None", "depreciationAndAmortization": "374283000", "incomeBeforeTax": "243258000", "incomeTaxExpense": "757000", "interestAndDebtExpense": "None", "netIncomeFromContinuingOperations": "273190000", "comprehensiveIncomeNetOfTax": "None", "ebit": "538260000", "ebitda": "744195000", "netIncome": "239430000"}, {"fiscalDateEnding": "2018-12-31", "reportedCurrency": "USD", "grossProfit": "815085000", "totalRevenue": "1120975000", "costOfRevenue": "305890000", "costofGoodsAndServicesSold": "305890000", "operatingIncome": "330560000", "sellingGeneralAndAdministrative": "65491000", "researchAndDevelopment": "0.24", "operatingExpenses": "-740800000", "investmentIncomeNet": "None", "netInterestIncome": "-140048000", "interestIncome": "106578000", "interestExpense": "141278000", "nonInterestIncome": "None", "otherNonOperatingIncome": "-30093000", "depreciation": "None", "depreciationAndAmortization": "359688000", "incomeBeforeTax": "252325000", "incomeTaxExpense": "520000", "interestAndDebtExpense": "None", "netIncomeFromContinuingOperations": "223982000", "comprehensiveIncomeNetOfTax": "None", "ebit": "757790000", "ebitda": "739857000", "netIncome": "249127000"}, {"fiscalDateEnding": "2017-12-31", "reportedCurrency": "USD", "grossProfit": "730613000", "totalRevenue": "984326000", "costOfRevenue": "253713000", "costofGoodsAndServicesSold": "253713000", "operatingIncome": "227114000", "sellingGeneralAndAdministrative": "67624000", "researchAndDevelopment": "0.16", "operatingExpenses": "-664100000", "investmentIncomeNet": "None", "netInterestIncome": "-124221000", "interestIncome": "85303000", "interestExpense": "126032000", "nonInterestIncome": "None", "otherNonOperatingIncome": "27432000", "depreciation": "None", "depreciationAndAmortization": "334201000", "incomeBeforeTax": "141811000", "incomeTaxExpense": "-9650000", "interestAndDebtExpense": "None", "netIncomeFromContinuingOperations": "42257000", "comprehensiveIncomeNetOfTax": "None", "ebit": "605830000", "ebitda": "573764000", "netIncome": "176077000"}, {"fiscalDateEnding": "2016-12-31", "reportedCurrency": "USD", "grossProfit": "452954000", "totalRevenue": "614371000", "costOfRevenue": "161417000", "costofGoodsAndServicesSold": "161417000", "operatingIncome": "192779000", "sellingGeneralAndAdministrative": "65327000", "researchAndDevelopment": "0.20", "operatingExpenses": "-396700000", "investmentIncomeNet": "None", "netInterestIncome": "-82304000", "interestIncome": "73108000", "interestExpense": "83484000", "nonInterestIncome": "None", "otherNonOperatingIncome": "-1700000", "depreciation": "None", "depreciationAndAmortization": "162327000", "incomeBeforeTax": "119671000", "incomeTaxExpense": "94751000", "interestAndDebtExpense": "None", "netIncomeFromContinuingOperations": "-1700000", "comprehensiveIncomeNetOfTax": "None", "ebit": "370640000", "ebitda": "373546000", "netIncome": "164922000"}, {"fiscalDateEnding": "2015-12-31", "reportedCurrency": "USD", "grossProfit": "424930000", "totalRevenue": "569763000", "costOfRevenue": "144833000", "costofGoodsAndServicesSold": "144833000", "operatingIncome": "196426000", "sellingGeneralAndAdministrative": "65600000", "researchAndDevelopment": "0", "operatingExpenses": "363398000", "investmentIncomeNet": "None", "netInterestIncome": "None", "interestIncome": "79489000", "interestExpense": "95312000", "nonInterestIncome": "None", "otherNonOperatingIncome": "35606000", "depreciation": "None", "depreciationAndAmortization": "146829000", "incomeBeforeTax": "116940000", "incomeTaxExpense": "-1600000", "interestAndDebtExpense": "None", "netIncomeFromContinuingOperations": "35606000", "comprehensiveIncomeNetOfTax": "None", "ebit": "362300000", "ebitda": "351494000", "netIncome": "150056000"}, {"fiscalDateEnding": "2014-12-31", "reportedCurrency": "USD", "grossProfit": "401079000", "totalRevenue": "537898000", "costOfRevenue": "136819000", "costofGoodsAndServicesSold": "136819000", "operatingIncome": "183280000", "sellingGeneralAndAdministrative": "60242000", "researchAndDevelopment": "0", "operatingExpenses": "351048000", "investmentIncomeNet": "None", "netInterestIncome": "None", "interestIncome": "None", "interestExpense": "101335000", "nonInterestIncome": "None", "otherNonOperatingIncome": "55077000", "depreciation": "None", "depreciationAndAmortization": "147791000", "incomeBeforeTax": "132770000", "incomeTaxExpense": "-1150000", "interestAndDebtExpense": "None", "netIncomeFromContinuingOperations": "55077000", "comprehensiveIncomeNetOfTax": "None", "ebit": "390750000", "ebitda": "332341000", "netIncome": "187390000"}, {"fiscalDateEnding": "2013-12-31", "reportedCurrency": "USD", "grossProfit": "364263000", "totalRevenue": "489007000", "costOfRevenue": "124744000", "costofGoodsAndServicesSold": "124744000", "operatingIncome": "158300000", "sellingGeneralAndAdministrative": "61234000", "researchAndDevelopment": "0", "operatingExpenses": "199943000", "investmentIncomeNet": "None", "netInterestIncome": "None", "interestIncome": "None", "interestExpense": "101002000", "nonInterestIncome": "None", "otherNonOperatingIncome": "31718000", "depreciation": "None", "depreciationAndAmortization": "130630000", "incomeBeforeTax": "84300000", "incomeTaxExpense": "46234000", "interestAndDebtExpense": "None", "netIncomeFromContinuingOperations": "31718000", "comprehensiveIncomeNetOfTax": "None", "ebit": "391570000", "ebitda": "294950000", "netIncome": "149804000"}, {"fiscalDateEnding": "2012-12-31", "reportedCurrency": "USD", "grossProfit": "371416000", "totalRevenue": "496920000", "costOfRevenue": "125504000", "costofGoodsAndServicesSold": "125504000", "operatingIncome": "100000000", "sellingGeneralAndAdministrative": "61700000", "researchAndDevelopment": "0", "operatingExpenses": "195754000", "investmentIncomeNet": "None", "netInterestIncome": "None", "interestIncome": "None", "interestExpense": "104312000", "nonInterestIncome": "None", "otherNonOperatingIncome": "23807000", "depreciation": "None", "depreciationAndAmortization": "126808000", "incomeBeforeTax": "-7900000", "incomeTaxExpense": "13224000", "interestAndDebtExpense": "None", "netIncomeFromContinuingOperations": "23807000", "comprehensiveIncomeNetOfTax": "None", "ebit": "279050000", "ebitda": "302470000", "netIncome": "25867000"}, {"fiscalDateEnding": "2011-12-31", "reportedCurrency": "USD", "grossProfit": "427791000", "totalRevenue": "500417000", "costOfRevenue": "72626000", "costofGoodsAndServicesSold": "72626000", "operatingIncome": "174300000", "sellingGeneralAndAdministrative": "56117000", "researchAndDevelopment": "0", "operatingExpenses": "246863000", "investmentIncomeNet": "None", "netInterestIncome": "None", "interestIncome": "None", "interestExpense": "126087000", "nonInterestIncome": "None", "otherNonOperatingIncome": "None", "depreciation": "None", "depreciationAndAmortization": "132129000", "incomeBeforeTax": "39000000", "incomeTaxExpense": "280000", "interestAndDebtExpense": "None", "netIncomeFromContinuingOperations": "None", "comprehensiveIncomeNetOfTax": "None", "ebit": "309130000", "ebitda": "313057000", "netIncome": "51370000"}, {"fiscalDateEnding": "2010-12-31", "reportedCurrency": "USD", "grossProfit": "413936000", "totalRevenue": "486806000", "costOfRevenue": "72870000", "costofGoodsAndServicesSold": "72870000", "operatingIncome": "170900000", "sellingGeneralAndAdministrative": "56324000", "researchAndDevelopment": "0", "operatingExpenses": "238752000", "investmentIncomeNet": "None", "netInterestIncome": "None", "interestIncome": "None", "interestExpense": "127695000", "nonInterestIncome": "None", "otherNonOperatingIncome": "None", "depreciation": "None", "depreciationAndAmortization": "123731000", "incomeBeforeTax": "21500000", "incomeTaxExpense": "163169557", "interestAndDebtExpense": "None", "netIncomeFromContinuingOperations": "None", "comprehensiveIncomeNetOfTax": "None", "ebit": "261190000", "ebitda": "298915000", "netIncome": "12014000"}, {"fiscalDateEnding": "2009-12-31", "reportedCurrency": "USD", "grossProfit": "423171000", "totalRevenue": "489232000", "costOfRevenue": "66061000", "costofGoodsAndServicesSold": "66061000", "operatingIncome": "80900000", "sellingGeneralAndAdministrative": "54136000", "researchAndDevelopment": "None", "operatingExpenses": "241958000", "investmentIncomeNet": "None", "netInterestIncome": "None", "interestIncome": "None", "interestExpense": "109239000", "nonInterestIncome": "None", "otherNonOperatingIncome": "None", "depreciation": "None", "depreciationAndAmortization": "116924000", "incomeBeforeTax": "-12300000", "incomeTaxExpense": "220001793", "interestAndDebtExpense": "None", "netIncomeFromContinuingOperations": "None", "comprehensiveIncomeNetOfTax": "None", "ebit": "-56490000", "ebitda": "298137000", "netIncome": "-36704000"}, {"fiscalDateEnding": "2008-12-31", "reportedCurrency": "USD", "grossProfit": "434052723", "totalRevenue": "493420893", "costOfRevenue": "59368170", "costofGoodsAndServicesSold": "59368170", "operatingIncome": "217410045", "sellingGeneralAndAdministrative": "49495000", "researchAndDevelopment": "None", "operatingExpenses": "215272945", "investmentIncomeNet": "None", "netInterestIncome": "None", "interestIncome": "None", "interestExpense": "92784000", "nonInterestIncome": "None", "otherNonOperatingIncome": "None", "depreciation": "None", "depreciationAndAmortization": "104738780", "incomeBeforeTax": "218779778", "incomeTaxExpense": "69936492", "interestAndDebtExpense": "None", "netIncomeFromContinuingOperations": "None", "comprehensiveIncomeNetOfTax": "None", "ebit": "217410045", "ebitda": "322148825", "netIncome": "148843286"}, {"fiscalDateEnding": "2007-12-31", "reportedCurrency": "USD", "grossProfit": "451508000", "totalRevenue": "451508000", "costOfRevenue": "253167000", "costofGoodsAndServicesSold": "253167000", "operatingIncome": "246959000", "sellingGeneralAndAdministrative": "50580000", "researchAndDevelopment": "None", "operatingExpenses": "256764000", "investmentIncomeNet": "None", "netInterestIncome": "None", "interestIncome": "None", "interestExpense": "82389000", "nonInterestIncome": "None", "otherNonOperatingIncome": "None", "depreciation": "None", "depreciationAndAmortization": "93508000", "incomeBeforeTax": "194744000", "incomeTaxExpense": "-8907000", "interestAndDebtExpense": "None", "netIncomeFromContinuingOperations": "None", "comprehensiveIncomeNetOfTax": "None", "ebit": "246959000", "ebitda": "340467000", "netIncome": "203651000"}, {"fiscalDateEnding": "2006-12-31", "reportedCurrency": "USD", "grossProfit": "420338000", "totalRevenue": "420338000", "costOfRevenue": "228749000", "costofGoodsAndServicesSold": "228749000", "operatingIncome": "245417000", "sellingGeneralAndAdministrative": "45495000", "researchAndDevelopment": "None", "operatingExpenses": "240521000", "investmentIncomeNet": "None", "netInterestIncome": "None", "interestIncome": "None", "interestExpense": "0", "nonInterestIncome": "None", "otherNonOperatingIncome": "None", "depreciation": "None", "depreciationAndAmortization": "87413000", "incomeBeforeTax": "179817000", "incomeTaxExpense": "-38694000", "interestAndDebtExpense": "None", "netIncomeFromContinuingOperations": "None", "comprehensiveIncomeNetOfTax": "None", "ebit": "245417000", "ebitda": "332830000", "netIncome": "218511000"}, {"fiscalDateEnding": "2005-12-31", "reportedCurrency": "USD", "grossProfit": "394038000", "totalRevenue": "394038000", "costOfRevenue": "213517000", "costofGoodsAndServicesSold": "213517000", "operatingIncome": "198941000", "sellingGeneralAndAdministrative": "37815000", "researchAndDevelopment": "None", "operatingExpenses": "213517000", "investmentIncomeNet": "None", "netInterestIncome": "None", "interestIncome": "None", "interestExpense": "0", "nonInterestIncome": "None", "otherNonOperatingIncome": "None", "depreciation": "None", "depreciationAndAmortization": "83495000", "incomeBeforeTax": "180521000", "incomeTaxExpense": "17874000", "interestAndDebtExpense": "None", "netIncomeFromContinuingOperations": "None", "comprehensiveIncomeNetOfTax": "None", "ebit": "198941000", "ebitda": "282436000", "netIncome": "162647000"}], "quarterlyReports": [{"fiscalDateEnding": "2024-12-31", "reportedCurrency": "USD", "grossProfit": "258240000", "totalRevenue": "372536000", "costOfRevenue": "114296000", "costofGoodsAndServicesSold": "114296000", "operatingIncome": "135508000", "sellingGeneralAndAdministrative": "26022000", "researchAndDevelopment": "None", "operatingExpenses": "122732000", "investmentIncomeNet": "None", "netInterestIncome": "-46826000", "interestIncome": "1397000", "interestExpense": "48223000", "nonInterestIncome": "None", "otherNonOperatingIncome": "None", "depreciation": "None", "depreciationAndAmortization": "89888000", "incomeBeforeTax": "88677000", "incomeTaxExpense": "None", "interestAndDebtExpense": "None", "netIncomeFromContinuingOperations": "88677000", "comprehensiveIncomeNetOfTax": "None", "ebit": "142218000", "ebitda": "232106000", "netIncome": "86477000"}, {"fiscalDateEnding": "2024-09-30", "reportedCurrency": "USD", "grossProfit": "153447000", "totalRevenue": "360072000", "costOfRevenue": "206625000", "costofGoodsAndServicesSold": "206625000", "operatingIncome": "124378000", "sellingGeneralAndAdministrative": "25073000", "researchAndDevelopment": "None", "operatingExpenses": "254060000", "investmentIncomeNet": "None", "netInterestIncome": "-46777000", "interestIncome": "1592000", "interestExpense": "48369000", "nonInterestIncome": "None", "otherNonOperatingIncome": "None", "depreciation": "None", "depreciationAndAmortization": "100955000", "incomeBeforeTax": "103576000", "incomeTaxExpense": "2107000", "interestAndDebtExpense": "None", "netIncomeFromContinuingOperations": "103576000", "comprehensiveIncomeNetOfTax": "None", "ebit": "124378000", "ebitda": "225333000", "netIncome": "101469000"}, {"fiscalDateEnding": "2024-06-30", "reportedCurrency": "USD", "grossProfit": "153171000", "totalRevenue": "359108000", "costOfRevenue": "205937000", "costofGoodsAndServicesSold": "205937000", "operatingIncome": "124709000", "sellingGeneralAndAdministrative": "24238000", "researchAndDevelopment": "None", "operatingExpenses": "128272000", "investmentIncomeNet": "None", "netInterestIncome": "-43030000", "interestIncome": "4018000", "interestExpense": "47048000", "nonInterestIncome": "None", "otherNonOperatingIncome": "None", "depreciation": "None", "depreciationAndAmortization": "100968000", "incomeBeforeTax": "104929000", "incomeTaxExpense": "2261000", "interestAndDebtExpense": "None", "netIncomeFromContinuingOperations": "104929000", "comprehensiveIncomeNetOfTax": "None", "ebit": "284468000", "ebitda": "385436000", "netIncome": "102668000"}, {"fiscalDateEnding": "2024-03-31", "reportedCurrency": "USD", "grossProfit": "159919000", "totalRevenue": "365085000", "costOfRevenue": "205166000", "costofGoodsAndServicesSold": "205166000", "operatingIncome": "132311000", "sellingGeneralAndAdministrative": "26132000", "researchAndDevelopment": "None", "operatingExpenses": "27608000", "investmentIncomeNet": "None", "netInterestIncome": "-42759000", "interestIncome": "2625000", "interestExpense": "45384000", "nonInterestIncome": "None", "otherNonOperatingIncome": "None", "depreciation": "None", "depreciationAndAmortization": "97585000", "incomeBeforeTax": "107924000", "incomeTaxExpense": "4972001", "interestAndDebtExpense": "None", "netIncomeFromContinuingOperations": "112658000", "comprehensiveIncomeNetOfTax": "None", "ebit": "136585000", "ebitda": "234170000", "netIncome": "109774000"}, {"fiscalDateEnding": "2023-12-31", "reportedCurrency": "USD", "grossProfit": "246635000", "totalRevenue": "359604000", "costOfRevenue": "112969000", "costofGoodsAndServicesSold": "112969000", "operatingIncome": "139052000", "sellingGeneralAndAdministrative": "26558000", "researchAndDevelopment": "1173000", "operatingExpenses": "130208000", "investmentIncomeNet": "None", "netInterestIncome": "-41983000", "interestIncome": "829000", "interestExpense": "42812000", "nonInterestIncome": "None", "otherNonOperatingIncome": "None", "depreciation": "None", "depreciationAndAmortization": "98909000", "incomeBeforeTax": "92034000", "incomeTaxExpense": "70281000", "interestAndDebtExpense": "None", "netIncomeFromContinuingOperations": "92034000", "comprehensiveIncomeNetOfTax": "None", "ebit": "131495000", "ebitda": "230404000", "netIncome": "89774000"}, {"fiscalDateEnding": "2023-09-30", "reportedCurrency": "USD", "grossProfit": "231240000", "totalRevenue": "330638000", "costOfRevenue": "99398000", "costofGoodsAndServicesSold": "99398000", "operatingIncome": "266031000", "sellingGeneralAndAdministrative": "24231000", "researchAndDevelopment": "297000", "operatingExpenses": "113758000", "investmentIncomeNet": "None", "netInterestIncome": "-38066000", "interestIncome": "385000", "interestExpense": "37062000", "nonInterestIncome": "None", "otherNonOperatingIncome": "None", "depreciation": "None", "depreciationAndAmortization": "87505000", "incomeBeforeTax": "92173000", "incomeTaxExpense": "51032000", "interestAndDebtExpense": "None", "netIncomeFromContinuingOperations": "92173000", "comprehensiveIncomeNetOfTax": "None", "ebit": "266031000", "ebitda": "353536000", "netIncome": "90720000"}, {"fiscalDateEnding": "2023-06-30", "reportedCurrency": "USD", "grossProfit": "221344000", "totalRevenue": "314247000", "costOfRevenue": "92903000", "costofGoodsAndServicesSold": "92903000", "operatingIncome": "123305000", "sellingGeneralAndAdministrative": "25065000", "researchAndDevelopment": "None", "operatingExpenses": "109908000", "investmentIncomeNet": "None", "netInterestIncome": "-36956000", "interestIncome": "None", "interestExpense": "36956000", "nonInterestIncome": "None", "otherNonOperatingIncome": "None", "depreciation": "None", "depreciationAndAmortization": "83161000", "incomeBeforeTax": "88172000", "incomeTaxExpense": "50215000", "interestAndDebtExpense": "None", "netIncomeFromContinuingOperations": "88172000", "comprehensiveIncomeNetOfTax": "None", "ebit": "123305000", "ebitda": "206466000", "netIncome": "86782000"}, {"fiscalDateEnding": "2023-03-31", "reportedCurrency": "USD", "grossProfit": "228478000", "totalRevenue": "317977000", "costOfRevenue": "89499000", "costofGoodsAndServicesSold": "89499000", "operatingIncome": "131881000", "sellingGeneralAndAdministrative": "25280000", "researchAndDevelopment": "1470000", "operatingExpenses": "107490000", "investmentIncomeNet": "None", "netInterestIncome": "-36284000", "interestIncome": "372000", "interestExpense": "35261000", "nonInterestIncome": "None", "otherNonOperatingIncome": "13893000", "depreciation": "None", "depreciationAndAmortization": "82707000", "incomeBeforeTax": "98488000", "incomeTaxExpense": "121043000", "interestAndDebtExpense": "None", "netIncomeFromContinuingOperations": "86572000", "comprehensiveIncomeNetOfTax": "None", "ebit": "131881000", "ebitda": "214588000", "netIncome": "-22555000"}, {"fiscalDateEnding": "2022-12-31", "reportedCurrency": "USD", "grossProfit": "223857000", "totalRevenue": "314517000", "costOfRevenue": "90660000", "costofGoodsAndServicesSold": "90660000", "operatingIncome": "126932000", "sellingGeneralAndAdministrative": "23193000", "researchAndDevelopment": "451000", "operatingExpenses": "107855000", "investmentIncomeNet": "None", "netInterestIncome": "-36278000", "interestIncome": "355000", "interestExpense": "35239000", "nonInterestIncome": "None", "otherNonOperatingIncome": "16771000", "depreciation": "None", "depreciationAndAmortization": "82235000", "incomeBeforeTax": "96385000", "incomeTaxExpense": "36124000", "interestAndDebtExpense": "None", "netIncomeFromContinuingOperations": "96385000", "comprehensiveIncomeNetOfTax": "None", "ebit": "126932000", "ebitda": "209167000", "netIncome": "60261000"}, {"fiscalDateEnding": "2022-09-30", "reportedCurrency": "USD", "grossProfit": "216486000", "totalRevenue": "303989000", "costOfRevenue": "87503000", "costofGoodsAndServicesSold": "87503000", "operatingIncome": "131588000", "sellingGeneralAndAdministrative": "20273000", "researchAndDevelopment": "None", "operatingExpenses": "101492000", "investmentIncomeNet": "None", "netInterestIncome": "-36252000", "interestIncome": "288000", "interestExpense": "36540000", "nonInterestIncome": "None", "otherNonOperatingIncome": "10214000", "depreciation": "None", "depreciationAndAmortization": "80270000", "incomeBeforeTax": "88847000", "incomeTaxExpense": "36540000", "interestAndDebtExpense": "None", "netIncomeFromContinuingOperations": "77638000", "comprehensiveIncomeNetOfTax": "None", "ebit": "114994000", "ebitda": "195264000", "netIncome": "52307000"}, {"fiscalDateEnding": "2022-06-30", "reportedCurrency": "USD", "grossProfit": "217633000", "totalRevenue": "302083000", "costOfRevenue": "84450000", "costofGoodsAndServicesSold": "84450000", "operatingIncome": "149249000", "sellingGeneralAndAdministrative": "17645000", "researchAndDevelopment": "None", "operatingExpenses": "97612000", "investmentIncomeNet": "None", "netInterestIncome": "-36590000", "interestIncome": "160000", "interestExpense": "36750000", "nonInterestIncome": "None", "otherNonOperatingIncome": "22665000", "depreciation": "None", "depreciationAndAmortization": "79350000", "incomeBeforeTax": "105987000", "incomeTaxExpense": "36750000", "interestAndDebtExpense": "None", "netIncomeFromContinuingOperations": "82145000", "comprehensiveIncomeNetOfTax": "None", "ebit": "120021000", "ebitda": "199371000", "netIncome": "69237000"}, {"fiscalDateEnding": "2022-03-31", "reportedCurrency": "USD", "grossProfit": "220103000", "totalRevenue": "303433000", "costOfRevenue": "83330000", "costofGoodsAndServicesSold": "83330000", "operatingIncome": "132968000", "sellingGeneralAndAdministrative": "18792000", "researchAndDevelopment": "165000", "operatingExpenses": "98807000", "investmentIncomeNet": "None", "netInterestIncome": "-36629000", "interestIncome": "258000", "interestExpense": "35497000", "nonInterestIncome": "None", "otherNonOperatingIncome": "112258000", "depreciation": "None", "depreciationAndAmortization": "77842000", "incomeBeforeTax": "196816000", "incomeTaxExpense": "36772000", "interestAndDebtExpense": "None", "netIncomeFromContinuingOperations": "196816000", "comprehensiveIncomeNetOfTax": "None", "ebit": "132968000", "ebitda": "210810000", "netIncome": "195228000"}, {"fiscalDateEnding": "2021-12-31", "reportedCurrency": "USD", "grossProfit": "213250000", "totalRevenue": "296924000", "costOfRevenue": "83674000", "costofGoodsAndServicesSold": "83674000", "operatingIncome": "104339000", "sellingGeneralAndAdministrative": "19955000", "researchAndDevelopment": "1248000", "operatingExpenses": "99415000", "investmentIncomeNet": "None", "netInterestIncome": "-36319000", "interestIncome": "276000", "interestExpense": "35192000", "nonInterestIncome": "None", "otherNonOperatingIncome": "-8841000", "depreciation": "None", "depreciationAndAmortization": "76396000", "incomeBeforeTax": "68983000", "incomeTaxExpense": "36480000", "interestAndDebtExpense": "None", "netIncomeFromContinuingOperations": "68983000", "comprehensiveIncomeNetOfTax": "None", "ebit": "120448000", "ebitda": "196844000", "netIncome": "67859000"}, {"fiscalDateEnding": "2021-09-30", "reportedCurrency": "USD", "grossProfit": "228128000", "totalRevenue": "307375000", "costOfRevenue": "79247000", "costofGoodsAndServicesSold": "79247000", "operatingIncome": "134068000", "sellingGeneralAndAdministrative": "17789000", "researchAndDevelopment": "None", "operatingExpenses": "94060000", "investmentIncomeNet": "None", "netInterestIncome": "-35884000", "interestIncome": "155000", "interestExpense": "35020000", "nonInterestIncome": "None", "otherNonOperatingIncome": "21191000", "depreciation": "None", "depreciationAndAmortization": "75459000", "incomeBeforeTax": "118848000", "incomeTaxExpense": "50705000", "interestAndDebtExpense": "None", "netIncomeFromContinuingOperations": "104605000", "comprehensiveIncomeNetOfTax": "None", "ebit": "134068000", "ebitda": "209527000", "netIncome": "117406000"}, {"fiscalDateEnding": "2021-06-30", "reportedCurrency": "USD", "grossProfit": "205146000", "totalRevenue": "287159000", "costOfRevenue": "82013000", "costofGoodsAndServicesSold": "82013000", "operatingIncome": "110565000", "sellingGeneralAndAdministrative": "19187000", "researchAndDevelopment": "None", "operatingExpenses": "94581000", "investmentIncomeNet": "None", "netInterestIncome": "-35703000", "interestIncome": "150000", "interestExpense": "35853000", "nonInterestIncome": "None", "otherNonOperatingIncome": "22079000", "depreciation": "None", "depreciationAndAmortization": "74217000", "incomeBeforeTax": "96832000", "incomeTaxExpense": "43228000", "interestAndDebtExpense": "None", "netIncomeFromContinuingOperations": "96832000", "comprehensiveIncomeNetOfTax": "None", "ebit": "110565000", "ebitda": "184782000", "netIncome": "95490000"}, {"fiscalDateEnding": "2021-03-31", "reportedCurrency": "USD", "grossProfit": "192955000", "totalRevenue": "274703000", "costOfRevenue": "81748000", "costofGoodsAndServicesSold": "81748000", "operatingIncome": "93711000", "sellingGeneralAndAdministrative": "21287000", "researchAndDevelopment": "None", "operatingExpenses": "99244000", "investmentIncomeNet": "None", "netInterestIncome": "-36827000", "interestIncome": "158000", "interestExpense": "36985000", "nonInterestIncome": "None", "otherNonOperatingIncome": "24850000", "depreciation": "None", "depreciationAndAmortization": "77259000", "incomeBeforeTax": "81625000", "incomeTaxExpense": "55196000", "interestAndDebtExpense": "None", "netIncomeFromContinuingOperations": "69959000", "comprehensiveIncomeNetOfTax": "None", "ebit": "93711000", "ebitda": "170970000", "netIncome": "80656000"}, {"fiscalDateEnding": "2020-12-31", "reportedCurrency": "USD", "grossProfit": "177747000", "totalRevenue": "258460000", "costOfRevenue": "80713000", "costofGoodsAndServicesSold": "80713000", "operatingIncome": "62879000", "sellingGeneralAndAdministrative": "20512000", "researchAndDevelopment": "7894000", "operatingExpenses": "114868000", "investmentIncomeNet": "None", "netInterestIncome": "-37963000", "interestIncome": "228000", "interestExpense": "36842000", "nonInterestIncome": "None", "otherNonOperatingIncome": "None", "depreciation": "None", "depreciationAndAmortization": "86739000", "incomeBeforeTax": "39216000", "incomeTaxExpense": "49382000", "interestAndDebtExpense": "None", "netIncomeFromContinuingOperations": "39216000", "comprehensiveIncomeNetOfTax": "None", "ebit": "61229000", "ebitda": "147968000", "netIncome": "38487000"}, {"fiscalDateEnding": "2020-09-30", "reportedCurrency": "USD", "grossProfit": "165661000", "totalRevenue": "242944000", "costOfRevenue": "77283000", "costofGoodsAndServicesSold": "77283000", "operatingIncome": "60063000", "sellingGeneralAndAdministrative": "19582000", "researchAndDevelopment": "None", "operatingExpenses": "105598000", "investmentIncomeNet": "None", "netInterestIncome": "-39771000", "interestIncome": "255000", "interestExpense": "40026000", "nonInterestIncome": "None", "otherNonOperatingIncome": "None", "depreciation": "None", "depreciationAndAmortization": "77417000", "incomeBeforeTax": "13310000", "incomeTaxExpense": "56155000", "interestAndDebtExpense": "None", "netIncomeFromContinuingOperations": "13310000", "comprehensiveIncomeNetOfTax": "None", "ebit": "60727000", "ebitda": "138144000", "netIncome": "12688000"}, {"fiscalDateEnding": "2020-06-30", "reportedCurrency": "USD", "grossProfit": "154288000", "totalRevenue": "231113000", "costOfRevenue": "76825000", "costofGoodsAndServicesSold": "76825000", "operatingIncome": "45318000", "sellingGeneralAndAdministrative": "21202000", "researchAndDevelopment": "None", "operatingExpenses": "185565000", "investmentIncomeNet": "None", "netInterestIncome": "-38829000", "interestIncome": "33192000", "interestExpense": "40380000", "nonInterestIncome": "None", "otherNonOperatingIncome": "None", "depreciation": "None", "depreciationAndAmortization": "85058000", "incomeBeforeTax": "19574000", "incomeTaxExpense": "52752000", "interestAndDebtExpense": "None", "netIncomeFromContinuingOperations": "19574000", "comprehensiveIncomeNetOfTax": "None", "ebit": "134005000", "ebitda": "130606000", "netIncome": "19046000"}, {"fiscalDateEnding": "2020-03-31", "reportedCurrency": "USD", "grossProfit": "205402000", "totalRevenue": "283658000", "costOfRevenue": "78256000", "costofGoodsAndServicesSold": "78256000", "operatingIncome": "-31847000", "sellingGeneralAndAdministrative": "13705000", "researchAndDevelopment": "None", "operatingExpenses": "182593000", "investmentIncomeNet": "None", "netInterestIncome": "-35786000", "interestIncome": "30941000", "interestExpense": "37440000", "nonInterestIncome": "None", "otherNonOperatingIncome": "None", "depreciation": "None", "depreciationAndAmortization": "89295000", "incomeBeforeTax": "-24783000", "incomeTaxExpense": "22750000", "interestAndDebtExpense": "None", "netIncomeFromContinuingOperations": "-62788000", "comprehensiveIncomeNetOfTax": "None", "ebit": "202320000", "ebitda": "190360000", "netIncome": "-25332000"}, {"fiscalDateEnding": "2019-12-31", "reportedCurrency": "USD", "grossProfit": "208942000", "totalRevenue": "288732000", "costOfRevenue": "79790000", "costofGoodsAndServicesSold": "79790000", "operatingIncome": "53633000", "sellingGeneralAndAdministrative": "18262000", "researchAndDevelopment": "1701000", "operatingExpenses": "193024000", "investmentIncomeNet": "None", "netInterestIncome": "-36436000", "interestIncome": "18925000", "interestExpense": "75450000", "nonInterestIncome": "None", "otherNonOperatingIncome": "None", "depreciation": "None", "depreciationAndAmortization": "91644000", "incomeBeforeTax": "41131000", "incomeTaxExpense": "47388000", "interestAndDebtExpense": "None", "netIncomeFromContinuingOperations": "76783000", "comprehensiveIncomeNetOfTax": "None", "ebit": "204836000", "ebitda": "187352000", "netIncome": "40291000"}, {"fiscalDateEnding": "2019-09-30", "reportedCurrency": "USD", "grossProfit": "206980000", "totalRevenue": "282276000", "costOfRevenue": "75296000", "costofGoodsAndServicesSold": "75296000", "operatingIncome": "95223000", "sellingGeneralAndAdministrative": "16705000", "researchAndDevelopment": "None", "operatingExpenses": "185676000", "investmentIncomeNet": "None", "netInterestIncome": "-36603000", "interestIncome": "38166000", "interestExpense": "38250000", "nonInterestIncome": "None", "otherNonOperatingIncome": "None", "depreciation": "None", "depreciationAndAmortization": "91856000", "incomeBeforeTax": "57944000", "incomeTaxExpense": "47318000", "interestAndDebtExpense": "None", "netIncomeFromContinuingOperations": "57043000", "comprehensiveIncomeNetOfTax": "None", "ebit": "188393000", "ebitda": "188456000", "netIncome": "56965000"}, {"fiscalDateEnding": "2019-06-30", "reportedCurrency": "USD", "grossProfit": "199607000", "totalRevenue": "275872000", "costOfRevenue": "76265000", "costofGoodsAndServicesSold": "76265000", "operatingIncome": "75327000", "sellingGeneralAndAdministrative": "18717000", "researchAndDevelopment": "None", "operatingExpenses": "190104000", "investmentIncomeNet": "None", "netInterestIncome": "-35024000", "interestIncome": "23079000", "interestExpense": "37170000", "nonInterestIncome": "None", "otherNonOperatingIncome": "None", "depreciation": "None", "depreciationAndAmortization": "93589000", "incomeBeforeTax": "52690000", "incomeTaxExpense": "65763000", "interestAndDebtExpense": "None", "netIncomeFromContinuingOperations": "62689000", "comprehensiveIncomeNetOfTax": "None", "ebit": "192729000", "ebitda": "179357000", "netIncome": "51728000"}, {"fiscalDateEnding": "2019-03-31", "reportedCurrency": "USD", "grossProfit": "211464000", "totalRevenue": "286257000", "costOfRevenue": "74793000", "costofGoodsAndServicesSold": "74793000", "operatingIncome": "79570000", "sellingGeneralAndAdministrative": "21300000", "researchAndDevelopment": "None", "operatingExpenses": "388842000", "investmentIncomeNet": "None", "netInterestIncome": "-35637000", "interestIncome": "4570000", "interestExpense": "37750000", "nonInterestIncome": "None", "otherNonOperatingIncome": "60000000", "depreciation": "None", "depreciationAndAmortization": "97194000", "incomeBeforeTax": "91490000", "incomeTaxExpense": "50670000", "interestAndDebtExpense": "None", "netIncomeFromContinuingOperations": "121330000", "comprehensiveIncomeNetOfTax": "None", "ebit": "220262000", "ebitda": "189030000", "netIncome": "90446000"}, {"fiscalDateEnding": "2018-12-31", "reportedCurrency": "USD", "grossProfit": "200690000", "totalRevenue": "284560000", "costOfRevenue": "83870000", "costofGoodsAndServicesSold": "83870000", "operatingIncome": "82020000", "sellingGeneralAndAdministrative": "13544000", "researchAndDevelopment": "0", "operatingExpenses": "-1845756000", "investmentIncomeNet": "None", "netInterestIncome": "None", "interestIncome": "None", "interestExpense": "36980000", "nonInterestIncome": "None", "otherNonOperatingIncome": "-26178000", "depreciation": "None", "depreciationAndAmortization": "92876000", "incomeBeforeTax": "79740000", "incomeTaxExpense": "208255000", "interestAndDebtExpense": "None", "netIncomeFromContinuingOperations": "323300000", "comprehensiveIncomeNetOfTax": "None", "ebit": "197529000", "ebitda": "183885000", "netIncome": "78905000"}, {"fiscalDateEnding": "2018-09-30", "reportedCurrency": "USD", "grossProfit": "202624000", "totalRevenue": "278310000", "costOfRevenue": "75686000", "costofGoodsAndServicesSold": "75686000", "operatingIncome": "92980000", "sellingGeneralAndAdministrative": "17564000", "researchAndDevelopment": "0", "operatingExpenses": "184478000", "investmentIncomeNet": "None", "netInterestIncome": "None", "interestIncome": "None", "interestExpense": "36620000", "nonInterestIncome": "None", "otherNonOperatingIncome": "None", "depreciation": "None", "depreciationAndAmortization": "89183000", "incomeBeforeTax": "70534000", "incomeTaxExpense": "49287000", "interestAndDebtExpense": "None", "netIncomeFromContinuingOperations": "70534000", "comprehensiveIncomeNetOfTax": "None", "ebit": "193497000", "ebitda": "183015000", "netIncome": "69722000"}, {"fiscalDateEnding": "2018-06-30", "reportedCurrency": "USD", "grossProfit": "208020000", "totalRevenue": "281412000", "costOfRevenue": "73392000", "costofGoodsAndServicesSold": "73392000", "operatingIncome": "75800000", "sellingGeneralAndAdministrative": "16776000", "researchAndDevelopment": "0", "operatingExpenses": "364144000", "investmentIncomeNet": "None", "netInterestIncome": "None", "interestIncome": "None", "interestExpense": "38070000", "nonInterestIncome": "None", "otherNonOperatingIncome": "-4385000", "depreciation": "None", "depreciationAndAmortization": "89104000", "incomeBeforeTax": "48600000", "incomeTaxExpense": "56077000", "interestAndDebtExpense": "None", "netIncomeFromContinuingOperations": "94932000", "comprehensiveIncomeNetOfTax": "None", "ebit": "197779000", "ebitda": "188444000", "netIncome": "47841000"}, {"fiscalDateEnding": "2018-03-31", "reportedCurrency": "USD", "grossProfit": "203752000", "totalRevenue": "276693000", "costOfRevenue": "72941000", "costofGoodsAndServicesSold": "72941000", "operatingIncome": "79800000", "sellingGeneralAndAdministrative": "17606000", "researchAndDevelopment": "0", "operatingExpenses": "180704000", "investmentIncomeNet": "None", "netInterestIncome": "None", "interestIncome": "None", "interestExpense": "36780000", "nonInterestIncome": "None", "otherNonOperatingIncome": "470000", "depreciation": "None", "depreciationAndAmortization": "88525000", "incomeBeforeTax": "53500000", "incomeTaxExpense": "45801000", "interestAndDebtExpense": "None", "netIncomeFromContinuingOperations": "470000", "comprehensiveIncomeNetOfTax": "None", "ebit": "195257000", "ebitda": "184514000", "netIncome": "52660000"}, {"fiscalDateEnding": "2017-12-31", "reportedCurrency": "USD", "grossProfit": "194561000", "totalRevenue": "264750000", "costOfRevenue": "70189000", "costofGoodsAndServicesSold": "70189000", "operatingIncome": "78500000", "sellingGeneralAndAdministrative": "18006000", "researchAndDevelopment": "0", "operatingExpenses": "116054000", "investmentIncomeNet": "None", "netInterestIncome": "None", "interestIncome": "None", "interestExpense": "35340000", "nonInterestIncome": "None", "otherNonOperatingIncome": "23066000", "depreciation": "None", "depreciationAndAmortization": "90444000", "incomeBeforeTax": "53700000", "incomeTaxExpense": "-9737000", "interestAndDebtExpense": "None", "netIncomeFromContinuingOperations": "2436207000", "comprehensiveIncomeNetOfTax": "None", "ebit": "178847000", "ebitda": "168951000", "netIncome": "85139000"}, {"fiscalDateEnding": "2017-09-30", "reportedCurrency": "USD", "grossProfit": "194806000", "totalRevenue": "262141000", "costOfRevenue": "67335000", "costofGoodsAndServicesSold": "67335000", "operatingIncome": "84938000", "sellingGeneralAndAdministrative": "15199000", "researchAndDevelopment": "0", "operatingExpenses": "109868000", "investmentIncomeNet": "None", "netInterestIncome": "None", "interestIncome": "None", "interestExpense": "34679000", "nonInterestIncome": "None", "otherNonOperatingIncome": "None", "depreciation": "None", "depreciationAndAmortization": "91474000", "incomeBeforeTax": "63451000", "incomeTaxExpense": "34346000", "interestAndDebtExpense": "None", "netIncomeFromContinuingOperations": "-2825290000", "comprehensiveIncomeNetOfTax": "None", "ebit": "63451000", "ebitda": "154925000", "netIncome": "62813000"}, {"fiscalDateEnding": "2017-06-30", "reportedCurrency": "USD", "grossProfit": "196329000", "totalRevenue": "261305000", "costOfRevenue": "64976000", "costofGoodsAndServicesSold": "64976000", "operatingIncome": "47432000", "sellingGeneralAndAdministrative": "16746000", "researchAndDevelopment": "0", "operatingExpenses": "115592000", "investmentIncomeNet": "None", "netInterestIncome": "None", "interestIncome": "None", "interestExpense": "35407000", "nonInterestIncome": "None", "otherNonOperatingIncome": "4366000", "depreciation": "None", "depreciationAndAmortization": "92230000", "incomeBeforeTax": "46053000", "incomeTaxExpense": "246000", "interestAndDebtExpense": "None", "netIncomeFromContinuingOperations": "4366000", "comprehensiveIncomeNetOfTax": "None", "ebit": "80748000", "ebitda": "172978000", "netIncome": "49493000"}, {"fiscalDateEnding": "2017-03-31", "reportedCurrency": "USD", "grossProfit": "144918000", "totalRevenue": "196131000", "costOfRevenue": "51213000", "costofGoodsAndServicesSold": "51213000", "operatingIncome": "-4320000", "sellingGeneralAndAdministrative": "17673000", "researchAndDevelopment": "0", "operatingExpenses": "149238000", "investmentIncomeNet": "None", "netInterestIncome": "None", "interestIncome": "None", "interestExpense": "25786000", "nonInterestIncome": "None", "otherNonOperatingIncome": "None", "depreciation": "None", "depreciationAndAmortization": "56569000", "incomeBeforeTax": "-21080000", "incomeTaxExpense": "50000", "interestAndDebtExpense": "None", "netIncomeFromContinuingOperations": "-51789000", "comprehensiveIncomeNetOfTax": "None", "ebit": "-2490000", "ebitda": "54079000", "netIncome": "-21367000"}, {"fiscalDateEnding": "2016-12-31", "reportedCurrency": "USD", "grossProfit": "117607000", "totalRevenue": "159561000", "costOfRevenue": "41954000", "costofGoodsAndServicesSold": "41954000", "operatingIncome": "50084000", "sellingGeneralAndAdministrative": "16631000", "researchAndDevelopment": "0", "operatingExpenses": "67526000", "investmentIncomeNet": "None", "netInterestIncome": "None", "interestIncome": "None", "interestExpense": "18376000", "nonInterestIncome": "None", "otherNonOperatingIncome": "None", "depreciation": "None", "depreciationAndAmortization": "42606000", "incomeBeforeTax": "37335000", "incomeTaxExpense": "4476000", "interestAndDebtExpense": "None", "netIncomeFromContinuingOperations": "-3474948000", "comprehensiveIncomeNetOfTax": "None", "ebit": "41398000", "ebitda": "84004000", "netIncome": "61135000"}, {"fiscalDateEnding": "2016-09-30", "reportedCurrency": "USD", "grossProfit": "112337000", "totalRevenue": "152768000", "costOfRevenue": "40431000", "costofGoodsAndServicesSold": "40431000", "operatingIncome": "54540000", "sellingGeneralAndAdministrative": "16046000", "researchAndDevelopment": "0", "operatingExpenses": "57797000", "investmentIncomeNet": "None", "netInterestIncome": "None", "interestIncome": "None", "interestExpense": "20218000", "nonInterestIncome": "None", "otherNonOperatingIncome": "None", "depreciation": "None", "depreciationAndAmortization": "40705000", "incomeBeforeTax": "1534000", "incomeTaxExpense": "33828000", "interestAndDebtExpense": "None", "netIncomeFromContinuingOperations": "4451260000", "comprehensiveIncomeNetOfTax": "None", "ebit": "1534000", "ebitda": "42239000", "netIncome": "10571000"}, {"fiscalDateEnding": "2016-06-30", "reportedCurrency": "USD", "grossProfit": "111934000", "totalRevenue": "152412000", "costOfRevenue": "40478000", "costofGoodsAndServicesSold": "40478000", "operatingIncome": "52845000", "sellingGeneralAndAdministrative": "16350000", "researchAndDevelopment": "0", "operatingExpenses": "59089000", "investmentIncomeNet": "None", "netInterestIncome": "None", "interestIncome": "None", "interestExpense": "22383000", "nonInterestIncome": "None", "otherNonOperatingIncome": "None", "depreciation": "None", "depreciationAndAmortization": "40299000", "incomeBeforeTax": "40096000", "incomeTaxExpense": "33453000", "interestAndDebtExpense": "None", "netIncomeFromContinuingOperations": "-890252000", "comprehensiveIncomeNetOfTax": "None", "ebit": "62479000", "ebitda": "102778000", "netIncome": "40076000"}, {"fiscalDateEnding": "2016-03-31", "reportedCurrency": "USD", "grossProfit": "111073000", "totalRevenue": "149628000", "costOfRevenue": "38555000", "costofGoodsAndServicesSold": "38555000", "operatingIncome": "53752000", "sellingGeneralAndAdministrative": "16299000", "researchAndDevelopment": "0", "operatingExpenses": "57321000", "investmentIncomeNet": "None", "netInterestIncome": "None", "interestIncome": "None", "interestExpense": "21944000", "nonInterestIncome": "None", "otherNonOperatingIncome": "None", "depreciation": "None", "depreciationAndAmortization": "38716000", "incomeBeforeTax": "40709000", "incomeTaxExpense": "22430000", "interestAndDebtExpense": "None", "netIncomeFromContinuingOperations": "80932000", "comprehensiveIncomeNetOfTax": "None", "ebit": "62904000", "ebitda": "101620000", "netIncome": "53143000"}, {"fiscalDateEnding": "2015-12-31", "reportedCurrency": "USD", "grossProfit": "109295000", "totalRevenue": "146168000", "costOfRevenue": "36873000", "costofGoodsAndServicesSold": "36873000", "operatingIncome": "49331000", "sellingGeneralAndAdministrative": "19373000", "researchAndDevelopment": "0", "operatingExpenses": "59965000", "investmentIncomeNet": "None", "netInterestIncome": "None", "interestIncome": "None", "interestExpense": "22749000", "nonInterestIncome": "None", "otherNonOperatingIncome": "None", "depreciation": "None", "depreciationAndAmortization": "37580000", "incomeBeforeTax": "22145000", "incomeTaxExpense": "26537000", "interestAndDebtExpense": "None", "netIncomeFromContinuingOperations": "67235000", "comprehensiveIncomeNetOfTax": "None", "ebit": "44897000", "ebitda": "82477000", "netIncome": "22874000"}, {"fiscalDateEnding": "2015-09-30", "reportedCurrency": "USD", "grossProfit": "106263000", "totalRevenue": "142068000", "costOfRevenue": "35805000", "costofGoodsAndServicesSold": "35805000", "operatingIncome": "29657000", "sellingGeneralAndAdministrative": "14750000", "researchAndDevelopment": "0", "operatingExpenses": "53662000", "investmentIncomeNet": "None", "netInterestIncome": "None", "interestIncome": "None", "interestExpense": "22893000", "nonInterestIncome": "None", "otherNonOperatingIncome": "27755000", "depreciation": "None", "depreciationAndAmortization": "37032000", "incomeBeforeTax": "31979000", "incomeTaxExpense": "1542000", "interestAndDebtExpense": "None", "netIncomeFromContinuingOperations": "27755000", "comprehensiveIncomeNetOfTax": "None", "ebit": "55207000", "ebitda": "92239000", "netIncome": "58997000"}, {"fiscalDateEnding": "2015-06-30", "reportedCurrency": "USD", "grossProfit": "105277000", "totalRevenue": "141129000", "costOfRevenue": "35852000", "costofGoodsAndServicesSold": "35852000", "operatingIncome": "27751000", "sellingGeneralAndAdministrative": "15099000", "researchAndDevelopment": "0", "operatingExpenses": "53103000", "investmentIncomeNet": "None", "netInterestIncome": "None", "interestIncome": "None", "interestExpense": "24686000", "nonInterestIncome": "None", "otherNonOperatingIncome": "5657000", "depreciation": "None", "depreciationAndAmortization": "36225000", "incomeBeforeTax": "32623000", "incomeTaxExpense": "26320000", "interestAndDebtExpense": "None", "netIncomeFromContinuingOperations": "5657000", "comprehensiveIncomeNetOfTax": "None", "ebit": "57309000", "ebitda": "93534000", "netIncome": "37746000"}, {"fiscalDateEnding": "2015-03-31", "reportedCurrency": "USD", "grossProfit": "104096000", "totalRevenue": "140399000", "costOfRevenue": "36303000", "costofGoodsAndServicesSold": "36303000", "operatingIncome": "26177000", "sellingGeneralAndAdministrative": "16378000", "researchAndDevelopment": "0", "operatingExpenses": "53536000", "investmentIncomeNet": "None", "netInterestIncome": "None", "interestIncome": "None", "interestExpense": "24649000", "nonInterestIncome": "None", "otherNonOperatingIncome": "None", "depreciation": "None", "depreciationAndAmortization": "35471000", "incomeBeforeTax": "30189000", "incomeTaxExpense": "30486000", "interestAndDebtExpense": "None", "netIncomeFromContinuingOperations": "0", "comprehensiveIncomeNetOfTax": "None", "ebit": "55359000", "ebitda": "90830000", "netIncome": "30440000"}, {"fiscalDateEnding": "2014-12-31", "reportedCurrency": "USD", "grossProfit": "102027000", "totalRevenue": "136165000", "costOfRevenue": "34138000", "costofGoodsAndServicesSold": "34138000", "operatingIncome": "45391000", "sellingGeneralAndAdministrative": "16359000", "researchAndDevelopment": "0", "operatingExpenses": "56637000", "investmentIncomeNet": "None", "netInterestIncome": "None", "interestIncome": "None", "interestExpense": "25407000", "nonInterestIncome": "None", "otherNonOperatingIncome": "53386000", "depreciation": "None", "depreciationAndAmortization": "37446000", "incomeBeforeTax": "52714000", "incomeTaxExpense": "-996000", "interestAndDebtExpense": "None", "netIncomeFromContinuingOperations": "52206000", "comprehensiveIncomeNetOfTax": "None", "ebit": "78120000", "ebitda": "115566000", "netIncome": "78779000"}, {"fiscalDateEnding": "2014-09-30", "reportedCurrency": "USD", "grossProfit": "100578000", "totalRevenue": "133559000", "costOfRevenue": "32981000", "costofGoodsAndServicesSold": "32981000", "operatingIncome": "22335000", "sellingGeneralAndAdministrative": "14463000", "researchAndDevelopment": "0", "operatingExpenses": "52942000", "investmentIncomeNet": "None", "netInterestIncome": "None", "interestIncome": "None", "interestExpense": "25522000", "nonInterestIncome": "None", "otherNonOperatingIncome": "None", "depreciation": "None", "depreciationAndAmortization": "35810000", "incomeBeforeTax": "25882000", "incomeTaxExpense": "20168480", "interestAndDebtExpense": "None", "netIncomeFromContinuingOperations": "1180000", "comprehensiveIncomeNetOfTax": "None", "ebit": "52011000", "ebitda": "87821000", "netIncome": "53208000"}, {"fiscalDateEnding": "2014-06-30", "reportedCurrency": "USD", "grossProfit": "100496000", "totalRevenue": "134892000", "costOfRevenue": "34396000", "costofGoodsAndServicesSold": "34396000", "operatingIncome": "47455000", "sellingGeneralAndAdministrative": "15223000", "researchAndDevelopment": "0", "operatingExpenses": "53041000", "investmentIncomeNet": "None", "netInterestIncome": "None", "interestIncome": "None", "interestExpense": "25559000", "nonInterestIncome": "None", "otherNonOperatingIncome": "1691000", "depreciation": "None", "depreciationAndAmortization": "36023000", "incomeBeforeTax": "29470000", "incomeTaxExpense": "33113000", "interestAndDebtExpense": "None", "netIncomeFromContinuingOperations": "1691000", "comprehensiveIncomeNetOfTax": "None", "ebit": "55029000", "ebitda": "91052000", "netIncome": "30748000"}, {"fiscalDateEnding": "2014-03-31", "reportedCurrency": "USD", "grossProfit": "97976000", "totalRevenue": "133280000", "costOfRevenue": "35304000", "costofGoodsAndServicesSold": "35304000", "operatingIncome": "43700000", "sellingGeneralAndAdministrative": "14198000", "researchAndDevelopment": "0", "operatingExpenses": "54276000", "investmentIncomeNet": "None", "netInterestIncome": "None", "interestIncome": "None", "interestExpense": "24847000", "nonInterestIncome": "None", "otherNonOperatingIncome": "None", "depreciation": "None", "depreciationAndAmortization": "37044000", "incomeBeforeTax": "24341000", "incomeTaxExpense": "33202000", "interestAndDebtExpense": "None", "netIncomeFromContinuingOperations": "0", "comprehensiveIncomeNetOfTax": "None", "ebit": "50049000", "ebitda": "87093000", "netIncome": "24655000"}, {"fiscalDateEnding": "2013-12-31", "reportedCurrency": "USD", "grossProfit": "92993000", "totalRevenue": "126005000", "costOfRevenue": "33012000", "costofGoodsAndServicesSold": "33012000", "operatingIncome": "37268000", "sellingGeneralAndAdministrative": "13292000", "researchAndDevelopment": "0", "operatingExpenses": "53059000", "investmentIncomeNet": "None", "netInterestIncome": "None", "interestIncome": "None", "interestExpense": "26603000", "nonInterestIncome": "None", "otherNonOperatingIncome": "31718000", "depreciation": "None", "depreciationAndAmortization": "35692000", "incomeBeforeTax": "21127000", "incomeTaxExpense": "-5090000", "interestAndDebtExpense": "None", "netIncomeFromContinuingOperations": "31718000", "comprehensiveIncomeNetOfTax": "None", "ebit": "42422000", "ebitda": "78114000", "netIncome": "51592000"}, {"fiscalDateEnding": "2013-09-30", "reportedCurrency": "USD", "grossProfit": "91517000", "totalRevenue": "122110000", "costOfRevenue": "30593000", "costofGoodsAndServicesSold": "30593000", "operatingIncome": "42415000", "sellingGeneralAndAdministrative": "15001000", "researchAndDevelopment": "0", "operatingExpenses": "49102000", "investmentIncomeNet": "None", "netInterestIncome": "None", "interestIncome": "None", "interestExpense": "26750000", "nonInterestIncome": "None", "otherNonOperatingIncome": "None", "depreciation": "None", "depreciationAndAmortization": "33184000", "incomeBeforeTax": "23890000", "incomeTaxExpense": "23889620", "interestAndDebtExpense": "None", "netIncomeFromContinuingOperations": "0", "comprehensiveIncomeNetOfTax": "None", "ebit": "47403000", "ebitda": "80587000", "netIncome": "40264000"}, {"fiscalDateEnding": "2013-06-30", "reportedCurrency": "USD", "grossProfit": "93656000", "totalRevenue": "125842000", "costOfRevenue": "32186000", "costofGoodsAndServicesSold": "32186000", "operatingIncome": "19773000", "sellingGeneralAndAdministrative": "14966000", "researchAndDevelopment": "0", "operatingExpenses": "48476000", "investmentIncomeNet": "None", "netInterestIncome": "None", "interestIncome": "None", "interestExpense": "27781000", "nonInterestIncome": "None", "otherNonOperatingIncome": "None", "depreciation": "None", "depreciationAndAmortization": "31930000", "incomeBeforeTax": "23373000", "incomeTaxExpense": "23372650", "interestAndDebtExpense": "None", "netIncomeFromContinuingOperations": "0", "comprehensiveIncomeNetOfTax": "None", "ebit": "47285000", "ebitda": "79215000", "netIncome": "37129000"}, {"fiscalDateEnding": "2013-03-31", "reportedCurrency": "USD", "grossProfit": "94281000", "totalRevenue": "126088000", "costOfRevenue": "31807000", "costofGoodsAndServicesSold": "31807000", "operatingIncome": "42019000", "sellingGeneralAndAdministrative": "17975000", "researchAndDevelopment": "0", "operatingExpenses": "52262000", "investmentIncomeNet": "None", "netInterestIncome": "None", "interestIncome": "None", "interestExpense": "27832000", "nonInterestIncome": "None", "otherNonOperatingIncome": "None", "depreciation": "None", "depreciationAndAmortization": "32764000", "incomeBeforeTax": "21134000", "incomeTaxExpense": "21133830", "interestAndDebtExpense": "None", "netIncomeFromContinuingOperations": "0", "comprehensiveIncomeNetOfTax": "None", "ebit": "43917000", "ebitda": "76681000", "netIncome": "20820000"}, {"fiscalDateEnding": "2012-12-31", "reportedCurrency": "USD", "grossProfit": "91632000", "totalRevenue": "122002000", "costOfRevenue": "30370000", "costofGoodsAndServicesSold": "30370000", "operatingIncome": "39639000", "sellingGeneralAndAdministrative": "15917000", "researchAndDevelopment": "0", "operatingExpenses": "64367000", "investmentIncomeNet": "None", "netInterestIncome": "None", "interestIncome": "None", "interestExpense": "27333000", "nonInterestIncome": "None", "otherNonOperatingIncome": "None", "depreciation": "None", "depreciationAndAmortization": "31498000", "incomeBeforeTax": "-45257000", "incomeTaxExpense": "63812000", "interestAndDebtExpense": "None", "netIncomeFromContinuingOperations": "0", "comprehensiveIncomeNetOfTax": "None", "ebit": "41735000", "ebitda": "73233000", "netIncome": "-31913000"}, {"fiscalDateEnding": "2012-09-30", "reportedCurrency": "USD", "grossProfit": "103624000", "totalRevenue": "120013000", "costOfRevenue": "16389000", "costofGoodsAndServicesSold": "16389000", "operatingIncome": "42862000", "sellingGeneralAndAdministrative": "15641000", "researchAndDevelopment": "0", "operatingExpenses": "60762000", "investmentIncomeNet": "None", "netInterestIncome": "None", "interestIncome": "None", "interestExpense": "27462000", "nonInterestIncome": "None", "otherNonOperatingIncome": "None", "depreciation": "None", "depreciationAndAmortization": "30155000", "incomeBeforeTax": "14381000", "incomeTaxExpense": "28696000", "interestAndDebtExpense": "None", "netIncomeFromContinuingOperations": "0", "comprehensiveIncomeNetOfTax": "None", "ebit": "43508000", "ebitda": "73663000", "netIncome": "19569000"}, {"fiscalDateEnding": "2012-06-30", "reportedCurrency": "USD", "grossProfit": "111961000", "totalRevenue": "129767000", "costOfRevenue": "17806000", "costofGoodsAndServicesSold": "17806000", "operatingIncome": "50484000", "sellingGeneralAndAdministrative": "14020000", "researchAndDevelopment": "0", "operatingExpenses": "61477000", "investmentIncomeNet": "None", "netInterestIncome": "None", "interestIncome": "None", "interestExpense": "28377000", "nonInterestIncome": "None", "otherNonOperatingIncome": "None", "depreciation": "None", "depreciationAndAmortization": "33045000", "incomeBeforeTax": "-1866000", "incomeTaxExpense": "15418000", "interestAndDebtExpense": "None", "netIncomeFromContinuingOperations": "0", "comprehensiveIncomeNetOfTax": "None", "ebit": "37903000", "ebitda": "70948000", "netIncome": "11093000"}, {"fiscalDateEnding": "2012-03-31", "reportedCurrency": "USD", "grossProfit": "108795000", "totalRevenue": "127389000", "costOfRevenue": "18594000", "costofGoodsAndServicesSold": "18594000", "operatingIncome": "44543000", "sellingGeneralAndAdministrative": "16122000", "researchAndDevelopment": "0", "operatingExpenses": "65841000", "investmentIncomeNet": "None", "netInterestIncome": "None", "interestIncome": "None", "interestExpense": "28958000", "nonInterestIncome": "None", "otherNonOperatingIncome": "None", "depreciation": "None", "depreciationAndAmortization": "32841000", "incomeBeforeTax": "17358000", "incomeTaxExpense": "18802000", "interestAndDebtExpense": "None", "netIncomeFromContinuingOperations": "0", "comprehensiveIncomeNetOfTax": "None", "ebit": "39592000", "ebitda": "72433000", "netIncome": "27118000"}, {"fiscalDateEnding": "2011-12-31", "reportedCurrency": "USD", "grossProfit": "103207000", "totalRevenue": "120727000", "costOfRevenue": "17520000", "costofGoodsAndServicesSold": "17520000", "operatingIncome": "44848000", "sellingGeneralAndAdministrative": "12316000", "researchAndDevelopment": "0", "operatingExpenses": "58359000", "investmentIncomeNet": "None", "netInterestIncome": "None", "interestIncome": "None", "interestExpense": "31988000", "nonInterestIncome": "None", "otherNonOperatingIncome": "None", "depreciation": "None", "depreciationAndAmortization": "33238000", "incomeBeforeTax": "4717000", "incomeTaxExpense": "23647000", "interestAndDebtExpense": "None", "netIncomeFromContinuingOperations": "0", "comprehensiveIncomeNetOfTax": "None", "ebit": "45488000", "ebitda": "78726000", "netIncome": "13058000"}, {"fiscalDateEnding": "2011-09-30", "reportedCurrency": "USD", "grossProfit": "107646037", "totalRevenue": "125747110", "costOfRevenue": "18101073", "costofGoodsAndServicesSold": "18101073", "operatingIncome": "48950000", "sellingGeneralAndAdministrative": "11671000", "researchAndDevelopment": "0", "operatingExpenses": "60596091", "investmentIncomeNet": "None", "netInterestIncome": "None", "interestIncome": "None", "interestExpense": "31481000", "nonInterestIncome": "None", "otherNonOperatingIncome": "None", "depreciation": "None", "depreciationAndAmortization": "33166152", "incomeBeforeTax": "7537000", "incomeTaxExpense": "33620745", "interestAndDebtExpense": "None", "netIncomeFromContinuingOperations": "0", "comprehensiveIncomeNetOfTax": "None", "ebit": "37856848", "ebitda": "71023000", "netIncome": "13429201"}, {"fiscalDateEnding": "2011-06-30", "reportedCurrency": "USD", "grossProfit": "110520145", "totalRevenue": "128380840", "costOfRevenue": "17860695", "costofGoodsAndServicesSold": "17860695", "operatingIncome": "16841000", "sellingGeneralAndAdministrative": "15177000", "researchAndDevelopment": "0", "operatingExpenses": "63850870", "investmentIncomeNet": "None", "netInterestIncome": "None", "interestIncome": "None", "interestExpense": "31150000", "nonInterestIncome": "None", "otherNonOperatingIncome": "None", "depreciation": "None", "depreciationAndAmortization": "32056517", "incomeBeforeTax": "16249000", "incomeTaxExpense": "28889528", "interestAndDebtExpense": "None", "netIncomeFromContinuingOperations": "0", "comprehensiveIncomeNetOfTax": "None", "ebit": "45778483", "ebitda": "77835000", "netIncome": "17779747"}, {"fiscalDateEnding": "2011-03-31", "reportedCurrency": "USD", "grossProfit": "107539117", "totalRevenue": "127114536", "costOfRevenue": "19575419", "costofGoodsAndServicesSold": "19575419", "operatingIncome": "40066000", "sellingGeneralAndAdministrative": "16953186", "researchAndDevelopment": "0", "operatingExpenses": "66567260", "investmentIncomeNet": "None", "netInterestIncome": "None", "interestIncome": "None", "interestExpense": "31466000", "nonInterestIncome": "None", "otherNonOperatingIncome": "None", "depreciation": "None", "depreciationAndAmortization": "35189795", "incomeBeforeTax": "10851000", "incomeTaxExpense": "33867666", "interestAndDebtExpense": "None", "netIncomeFromContinuingOperations": "0", "comprehensiveIncomeNetOfTax": "None", "ebit": "41202205", "ebitda": "76392000", "netIncome": "7104191"}, {"fiscalDateEnding": "2010-12-31", "reportedCurrency": "USD", "grossProfit": "99358000", "totalRevenue": "120067000", "costOfRevenue": "20709000", "costofGoodsAndServicesSold": "20709000", "operatingIncome": "45804000", "sellingGeneralAndAdministrative": "13580000", "researchAndDevelopment": "0", "operatingExpenses": "53554000", "investmentIncomeNet": "None", "netInterestIncome": "None", "interestIncome": "None", "interestExpense": "33964000", "nonInterestIncome": "None", "otherNonOperatingIncome": "None", "depreciation": "None", "depreciationAndAmortization": "30624000", "incomeBeforeTax": "14895000", "incomeTaxExpense": "51591000", "interestAndDebtExpense": "None", "netIncomeFromContinuingOperations": "0", "comprehensiveIncomeNetOfTax": "None", "ebit": "50752000", "ebitda": "81376000", "netIncome": "-31748000"}, {"fiscalDateEnding": "2010-09-30", "reportedCurrency": "USD", "grossProfit": "104575393", "totalRevenue": "121985773", "costOfRevenue": "17410380", "costofGoodsAndServicesSold": "17410380", "operatingIncome": "41668000", "sellingGeneralAndAdministrative": "17761000", "researchAndDevelopment": "0", "operatingExpenses": "60312384", "investmentIncomeNet": "None", "netInterestIncome": "None", "interestIncome": "None", "interestExpense": "32653000", "nonInterestIncome": "None", "otherNonOperatingIncome": "None", "depreciation": "None", "depreciationAndAmortization": "30475857", "incomeBeforeTax": "14614908", "incomeTaxExpense": "851602", "interestAndDebtExpense": "None", "netIncomeFromContinuingOperations": "0", "comprehensiveIncomeNetOfTax": "None", "ebit": "43951143", "ebitda": "74427000", "netIncome": "14803521"}, {"fiscalDateEnding": "2010-06-30", "reportedCurrency": "USD", "grossProfit": "104321206", "totalRevenue": "121600208", "costOfRevenue": "17279002", "costofGoodsAndServicesSold": "17279002", "operatingIncome": "45538000", "sellingGeneralAndAdministrative": "12656000", "researchAndDevelopment": "0", "operatingExpenses": "61691468", "investmentIncomeNet": "None", "netInterestIncome": "None", "interestIncome": "None", "interestExpense": "31275000", "nonInterestIncome": "None", "otherNonOperatingIncome": "None", "depreciation": "None", "depreciationAndAmortization": "31499014", "incomeBeforeTax": "12030000", "incomeTaxExpense": "30958797", "interestAndDebtExpense": "None", "netIncomeFromContinuingOperations": "0", "comprehensiveIncomeNetOfTax": "None", "ebit": "43304986", "ebitda": "74804000", "netIncome": "11670941"}, {"fiscalDateEnding": "2010-03-31", "reportedCurrency": "USD", "grossProfit": "106719377", "totalRevenue": "124368285", "costOfRevenue": "17648908", "costofGoodsAndServicesSold": "17648908", "operatingIncome": "44158000", "sellingGeneralAndAdministrative": "13735000", "researchAndDevelopment": "0", "operatingExpenses": "62560998", "investmentIncomeNet": "None", "netInterestIncome": "None", "interestIncome": "None", "interestExpense": "29128681", "nonInterestIncome": "None", "otherNonOperatingIncome": "None", "depreciation": "None", "depreciationAndAmortization": "31330926", "incomeBeforeTax": "-10589000", "incomeTaxExpense": "26870618", "interestAndDebtExpense": "None", "netIncomeFromContinuingOperations": "0", "comprehensiveIncomeNetOfTax": "None", "ebit": "44234074", "ebitda": "75565000", "netIncome": "17287761"}, {"fiscalDateEnding": "2009-12-31", "reportedCurrency": "USD", "grossProfit": "100212000", "totalRevenue": "118135000", "costOfRevenue": "17923000", "costofGoodsAndServicesSold": "17923000", "operatingIncome": "38475000", "sellingGeneralAndAdministrative": "16808000", "researchAndDevelopment": "0", "operatingExpenses": "61737000", "investmentIncomeNet": "None", "netInterestIncome": "None", "interestIncome": "None", "interestExpense": "26298000", "nonInterestIncome": "None", "otherNonOperatingIncome": "None", "depreciation": "None", "depreciationAndAmortization": "29764000", "incomeBeforeTax": "-106176000", "incomeTaxExpense": "-66952000", "interestAndDebtExpense": "None", "netIncomeFromContinuingOperations": "0", "comprehensiveIncomeNetOfTax": "None", "ebit": "38475000", "ebitda": "68239000", "netIncome": "30250000"}, {"fiscalDateEnding": "2009-09-30", "reportedCurrency": "USD", "grossProfit": "117163972", "totalRevenue": "133742008", "costOfRevenue": "16578036", "costofGoodsAndServicesSold": "16578036", "operatingIncome": "27063000", "sellingGeneralAndAdministrative": "12151000", "researchAndDevelopment": "0", "operatingExpenses": "62095393", "investmentIncomeNet": "None", "netInterestIncome": "None", "interestIncome": "None", "interestExpense": "27920400", "nonInterestIncome": "None", "otherNonOperatingIncome": "None", "depreciation": "None", "depreciationAndAmortization": "29800980", "incomeBeforeTax": "-8902000", "incomeTaxExpense": "134242209", "interestAndDebtExpense": "None", "netIncomeFromContinuingOperations": "0", "comprehensiveIncomeNetOfTax": "None", "ebit": "54445020", "ebitda": "84246000", "netIncome": "-79173630"}, {"fiscalDateEnding": "2009-06-30", "reportedCurrency": "USD", "grossProfit": "100913789", "totalRevenue": "116460975", "costOfRevenue": "15547186", "costofGoodsAndServicesSold": "15547186", "operatingIncome": "41923000", "sellingGeneralAndAdministrative": "9292000", "researchAndDevelopment": "0", "operatingExpenses": "58991395", "investmentIncomeNet": "None", "netInterestIncome": "None", "interestIncome": "None", "interestExpense": "25639609", "nonInterestIncome": "None", "otherNonOperatingIncome": "None", "depreciation": "None", "depreciationAndAmortization": "29843001", "incomeBeforeTax": "-104830000", "incomeTaxExpense": "79420766", "interestAndDebtExpense": "None", "netIncomeFromContinuingOperations": "0", "comprehensiveIncomeNetOfTax": "None", "ebit": "41352999", "ebitda": "71196000", "netIncome": "-11285315"}, {"fiscalDateEnding": "2009-03-31", "reportedCurrency": "USD", "grossProfit": "103738000", "totalRevenue": "119658000", "costOfRevenue": "15920000", "costofGoodsAndServicesSold": "15920000", "operatingIncome": "45369000", "sellingGeneralAndAdministrative": "15884000", "researchAndDevelopment": "0", "operatingExpenses": "58369000", "investmentIncomeNet": "None", "netInterestIncome": "None", "interestIncome": "None", "interestExpense": "27424000", "nonInterestIncome": "None", "otherNonOperatingIncome": "None", "depreciation": "None", "depreciationAndAmortization": "27602000", "incomeBeforeTax": "8076000", "incomeTaxExpense": "-5687000", "interestAndDebtExpense": "None", "netIncomeFromContinuingOperations": "0", "comprehensiveIncomeNetOfTax": "None", "ebit": "45850000", "ebitda": "73452000", "netIncome": "24482000"}, {"fiscalDateEnding": "2008-12-31", "reportedCurrency": "USD", "grossProfit": "131090000", "totalRevenue": "131090000", "costOfRevenue": "103644000", "costofGoodsAndServicesSold": "103644000", "operatingIncome": "59215000", "sellingGeneralAndAdministrative": "12725000", "researchAndDevelopment": "0", "operatingExpenses": "12507000", "investmentIncomeNet": "None", "netInterestIncome": "None", "interestIncome": "None", "interestExpense": "21166000", "nonInterestIncome": "None", "otherNonOperatingIncome": "None", "depreciation": "None", "depreciationAndAmortization": "25538000", "incomeBeforeTax": "58535000", "incomeTaxExpense": "51408000", "interestAndDebtExpense": "None", "netIncomeFromContinuingOperations": "0", "comprehensiveIncomeNetOfTax": "None", "ebit": "59707000", "ebitda": "85245000", "netIncome": "8299000"}, {"fiscalDateEnding": "2008-09-30", "reportedCurrency": "USD", "grossProfit": "89749000", "totalRevenue": "122798000", "costOfRevenue": "33049000", "costofGoodsAndServicesSold": "33049000", "operatingIncome": "52644000", "sellingGeneralAndAdministrative": "9494000", "researchAndDevelopment": "0", "operatingExpenses": "70154000", "investmentIncomeNet": "None", "netInterestIncome": "None", "interestIncome": "None", "interestExpense": "24091000", "nonInterestIncome": "None", "otherNonOperatingIncome": "None", "depreciation": "None", "depreciationAndAmortization": "27378000", "incomeBeforeTax": "5009000", "incomeTaxExpense": "-6820000", "interestAndDebtExpense": "None", "netIncomeFromContinuingOperations": "0", "comprehensiveIncomeNetOfTax": "None", "ebit": "51320000", "ebitda": "78698000", "netIncome": "59464000"}, {"fiscalDateEnding": "2008-06-30", "reportedCurrency": "USD", "grossProfit": "91696000", "totalRevenue": "123381000", "costOfRevenue": "31685000", "costofGoodsAndServicesSold": "31685000", "operatingIncome": "55094000", "sellingGeneralAndAdministrative": "13153000", "researchAndDevelopment": "0", "operatingExpenses": "68287000", "investmentIncomeNet": "None", "netInterestIncome": "None", "interestIncome": "None", "interestExpense": "36688000", "nonInterestIncome": "None", "otherNonOperatingIncome": "None", "depreciation": "None", "depreciationAndAmortization": "27032000", "incomeBeforeTax": "12584000", "incomeTaxExpense": "-9301000", "interestAndDebtExpense": "None", "netIncomeFromContinuingOperations": "0", "comprehensiveIncomeNetOfTax": "None", "ebit": "55094000", "ebitda": "82126000", "netIncome": "36785000"}, {"fiscalDateEnding": "2008-03-31", "reportedCurrency": "USD", "grossProfit": "119648000", "totalRevenue": "119648000", "costOfRevenue": "66905000", "costofGoodsAndServicesSold": "66905000", "operatingIncome": "50824000", "sellingGeneralAndAdministrative": "14123000", "researchAndDevelopment": "0", "operatingExpenses": "68824000", "investmentIncomeNet": "None", "netInterestIncome": "None", "interestIncome": "None", "interestExpense": "23418000", "nonInterestIncome": "None", "otherNonOperatingIncome": "None", "depreciation": "None", "depreciationAndAmortization": "25522000", "incomeBeforeTax": "48606000", "incomeTaxExpense": "19186000", "interestAndDebtExpense": "None", "netIncomeFromContinuingOperations": "0", "comprehensiveIncomeNetOfTax": "None", "ebit": "48535000", "ebitda": "74057000", "netIncome": "31638000"}, {"fiscalDateEnding": "2007-12-31", "reportedCurrency": "USD", "grossProfit": "119346000", "totalRevenue": "119346000", "costOfRevenue": "68085000", "costofGoodsAndServicesSold": "68085000", "operatingIncome": "45809000", "sellingGeneralAndAdministrative": "13217000", "researchAndDevelopment": "0", "operatingExpenses": "73537000", "investmentIncomeNet": "None", "netInterestIncome": "None", "interestIncome": "None", "interestExpense": "32237000", "nonInterestIncome": "None", "otherNonOperatingIncome": "None", "depreciation": "None", "depreciationAndAmortization": "25592000", "incomeBeforeTax": "28180000", "incomeTaxExpense": "-9671000", "interestAndDebtExpense": "None", "netIncomeFromContinuingOperations": "0", "comprehensiveIncomeNetOfTax": "None", "ebit": "45809000", "ebitda": "71401000", "netIncome": "55480000"}, {"fiscalDateEnding": "2007-09-30", "reportedCurrency": "USD", "grossProfit": "88129000", "totalRevenue": "116980000", "costOfRevenue": "28851000", "costofGoodsAndServicesSold": "28851000", "operatingIncome": "53369000", "sellingGeneralAndAdministrative": "12159000", "researchAndDevelopment": "0", "operatingExpenses": "63611000", "investmentIncomeNet": "None", "netInterestIncome": "None", "interestIncome": "None", "interestExpense": "34513000", "nonInterestIncome": "None", "otherNonOperatingIncome": "None", "depreciation": "None", "depreciationAndAmortization": "24374000", "incomeBeforeTax": "6697000", "incomeTaxExpense": "11470000", "interestAndDebtExpense": "None", "netIncomeFromContinuingOperations": "0", "comprehensiveIncomeNetOfTax": "None", "ebit": "52324000", "ebitda": "76698000", "netIncome": "41899000"}, {"fiscalDateEnding": "2007-06-30", "reportedCurrency": "USD", "grossProfit": "80051000", "totalRevenue": "108760000", "costOfRevenue": "28709000", "costofGoodsAndServicesSold": "28709000", "operatingIncome": "47695000", "sellingGeneralAndAdministrative": "12907000", "researchAndDevelopment": "0", "operatingExpenses": "61065000", "investmentIncomeNet": "None", "netInterestIncome": "None", "interestIncome": "None", "interestExpense": "33227000", "nonInterestIncome": "None", "otherNonOperatingIncome": "None", "depreciation": "None", "depreciationAndAmortization": "22024000", "incomeBeforeTax": "1664000", "incomeTaxExpense": "-1589000", "interestAndDebtExpense": "None", "netIncomeFromContinuingOperations": "0", "comprehensiveIncomeNetOfTax": "None", "ebit": "47154000", "ebitda": "69178000", "netIncome": "49284000"}, {"fiscalDateEnding": "2007-03-31", "reportedCurrency": "USD", "grossProfit": "106715000", "totalRevenue": "106715000", "costOfRevenue": "58307000", "costofGoodsAndServicesSold": "58307000", "operatingIncome": "47960000", "sellingGeneralAndAdministrative": "12297000", "researchAndDevelopment": "0", "operatingExpenses": "58755000", "investmentIncomeNet": "None", "netInterestIncome": "None", "interestIncome": "None", "interestExpense": "27243000", "nonInterestIncome": "None", "otherNonOperatingIncome": "None", "depreciation": "None", "depreciationAndAmortization": "21518000", "incomeBeforeTax": "22315000", "incomeTaxExpense": "-9028000", "interestAndDebtExpense": "None", "netIncomeFromContinuingOperations": "0", "comprehensiveIncomeNetOfTax": "None", "ebit": "47861000", "ebitda": "69379000", "netIncome": "56988000"}, {"fiscalDateEnding": "2006-12-31", "reportedCurrency": "USD", "grossProfit": "104144000", "totalRevenue": "104144000", "costOfRevenue": "72465000", "costofGoodsAndServicesSold": "72465000", "operatingIncome": "34719000", "sellingGeneralAndAdministrative": "13097000", "researchAndDevelopment": "0", "operatingExpenses": "69425000", "investmentIncomeNet": "None", "netInterestIncome": "None", "interestIncome": "None", "interestExpense": "28412000", "nonInterestIncome": "None", "otherNonOperatingIncome": "None", "depreciation": "None", "depreciationAndAmortization": "22261000", "incomeBeforeTax": "9806000", "incomeTaxExpense": "-31660000", "interestAndDebtExpense": "None", "netIncomeFromContinuingOperations": "0", "comprehensiveIncomeNetOfTax": "None", "ebit": "34719000", "ebitda": "56980000", "netIncome": "66379000"}, {"fiscalDateEnding": "2006-09-30", "reportedCurrency": "USD", "grossProfit": "80579000", "totalRevenue": "105632000", "costOfRevenue": "25053000", "costofGoodsAndServicesSold": "25053000", "operatingIncome": "50028000", "sellingGeneralAndAdministrative": "10765000", "researchAndDevelopment": "0", "operatingExpenses": "55604000", "investmentIncomeNet": "None", "netInterestIncome": "None", "interestIncome": "None", "interestExpense": "30439000", "nonInterestIncome": "None", "otherNonOperatingIncome": "None", "depreciation": "None", "depreciationAndAmortization": "22254000", "incomeBeforeTax": "-10550000", "incomeTaxExpense": "5717000", "interestAndDebtExpense": "None", "netIncomeFromContinuingOperations": "0", "comprehensiveIncomeNetOfTax": "None", "ebit": "48487000", "ebitda": "70741000", "netIncome": "44311000"}, {"fiscalDateEnding": "2006-06-30", "reportedCurrency": "USD", "grossProfit": "93334000", "totalRevenue": "108825000", "costOfRevenue": "15491000", "costofGoodsAndServicesSold": "15491000", "operatingIncome": "50578000", "sellingGeneralAndAdministrative": "10830000", "researchAndDevelopment": "0", "operatingExpenses": "58247000", "investmentIncomeNet": "None", "netInterestIncome": "None", "interestIncome": "None", "interestExpense": "13967000", "nonInterestIncome": "None", "otherNonOperatingIncome": "None", "depreciation": "None", "depreciationAndAmortization": "21990000", "incomeBeforeTax": "5326000", "incomeTaxExpense": "13531000", "interestAndDebtExpense": "None", "netIncomeFromContinuingOperations": "0", "comprehensiveIncomeNetOfTax": "None", "ebit": "48834000", "ebitda": "70824000", "netIncome": "37047000"}, {"fiscalDateEnding": "2006-03-31", "reportedCurrency": "USD", "grossProfit": "104069000", "totalRevenue": "104069000", "costOfRevenue": "56437000", "costofGoodsAndServicesSold": "56437000", "operatingIncome": "45366000", "sellingGeneralAndAdministrative": "10803000", "researchAndDevelopment": "0", "operatingExpenses": "58703000", "investmentIncomeNet": "None", "netInterestIncome": "None", "interestIncome": "None", "interestExpense": "25955000", "nonInterestIncome": "None", "otherNonOperatingIncome": "None", "depreciation": "None", "depreciationAndAmortization": "20908000", "incomeBeforeTax": "29686000", "incomeTaxExpense": "-25170000", "interestAndDebtExpense": "None", "netIncomeFromContinuingOperations": "0", "comprehensiveIncomeNetOfTax": "None", "ebit": "43563000", "ebitda": "64471000", "netIncome": "70775000"}, {"fiscalDateEnding": "2005-12-31", "reportedCurrency": "USD", "grossProfit": "92179000", "totalRevenue": "92179000", "costOfRevenue": "50656000", "costofGoodsAndServicesSold": "50656000", "operatingIncome": "39033000", "sellingGeneralAndAdministrative": "10612000", "researchAndDevelopment": "0", "operatingExpenses": "53146000", "investmentIncomeNet": "None", "netInterestIncome": "None", "interestIncome": "None", "interestExpense": "22583000", "nonInterestIncome": "None", "otherNonOperatingIncome": "None", "depreciation": "None", "depreciationAndAmortization": "20596000", "incomeBeforeTax": "34503000", "incomeTaxExpense": "-9323000", "interestAndDebtExpense": "None", "netIncomeFromContinuingOperations": "0", "comprehensiveIncomeNetOfTax": "None", "ebit": "39033000", "ebitda": "59629000", "netIncome": "48356000"}, {"fiscalDateEnding": "2005-09-30", "reportedCurrency": "USD", "grossProfit": "93626000", "totalRevenue": "93626000", "costOfRevenue": "51584000", "costofGoodsAndServicesSold": "51584000", "operatingIncome": "40318000", "sellingGeneralAndAdministrative": "9148000", "researchAndDevelopment": "0", "operatingExpenses": "53308000", "investmentIncomeNet": "None", "netInterestIncome": "None", "interestIncome": "None", "interestExpense": "23354000", "nonInterestIncome": "None", "otherNonOperatingIncome": "None", "depreciation": "None", "depreciationAndAmortization": "20482000", "incomeBeforeTax": "36568000", "incomeTaxExpense": "8255000", "interestAndDebtExpense": "None", "netIncomeFromContinuingOperations": "0", "comprehensiveIncomeNetOfTax": "None", "ebit": "38963000", "ebitda": "59445000", "netIncome": "32063000"}, {"fiscalDateEnding": "2005-06-30", "reportedCurrency": "USD", "grossProfit": "111484000", "totalRevenue": "111484000", "costOfRevenue": "51356000", "costofGoodsAndServicesSold": "51356000", "operatingIncome": "56994000", "sellingGeneralAndAdministrative": "9402000", "researchAndDevelopment": "0", "operatingExpenses": "54490000", "investmentIncomeNet": "None", "netInterestIncome": "None", "interestIncome": "None", "interestExpense": "22080000", "nonInterestIncome": "None", "otherNonOperatingIncome": "None", "depreciation": "None", "depreciationAndAmortization": "20151000", "incomeBeforeTax": "53396000", "incomeTaxExpense": "14129000", "interestAndDebtExpense": "None", "netIncomeFromContinuingOperations": "0", "comprehensiveIncomeNetOfTax": "None", "ebit": "55874000", "ebitda": "76025000", "netIncome": "43880000"}, {"fiscalDateEnding": "2005-03-31", "reportedCurrency": "USD", "grossProfit": "101688000", "totalRevenue": "101688000", "costOfRevenue": "51964000", "costofGoodsAndServicesSold": "51964000", "operatingIncome": "46524000", "sellingGeneralAndAdministrative": "8652000", "researchAndDevelopment": "0", "operatingExpenses": "55164000", "investmentIncomeNet": "None", "netInterestIncome": "None", "interestIncome": "None", "interestExpense": "20874000", "nonInterestIncome": "None", "otherNonOperatingIncome": "None", "depreciation": "None", "depreciationAndAmortization": "22266000", "incomeBeforeTax": "39982000", "incomeTaxExpense": "8176000", "interestAndDebtExpense": "None", "netIncomeFromContinuingOperations": "0", "comprehensiveIncomeNetOfTax": "None", "ebit": "43661000", "ebitda": "65927000", "netIncome": "38348000"}, {"fiscalDateEnding": "2004-12-31", "reportedCurrency": "USD", "grossProfit": "106102000", "totalRevenue": "106102000", "costOfRevenue": "55584000", "costofGoodsAndServicesSold": "55584000", "operatingIncome": "45403000", "sellingGeneralAndAdministrative": "9945000", "researchAndDevelopment": "0", "operatingExpenses": "60699000", "investmentIncomeNet": "None", "netInterestIncome": "None", "interestIncome": "None", "interestExpense": "21041000", "nonInterestIncome": "None", "otherNonOperatingIncome": "None", "depreciation": "None", "depreciationAndAmortization": "21164000", "incomeBeforeTax": "23405000", "incomeTaxExpense": "-3904000", "interestAndDebtExpense": "None", "netIncomeFromContinuingOperations": "0", "comprehensiveIncomeNetOfTax": "None", "ebit": "45403000", "ebitda": "66567000", "netIncome": "49307000"}]}