{"symbol": "WAT", "annualReports": [{"fiscalDateEnding": "2024-12-31", "reportedCurrency": "USD", "grossProfit": "2210467000", "totalRevenue": "2958387000", "costOfRevenue": "747920000", "costofGoodsAndServicesSold": "747920000", "operatingIncome": "826353000", "sellingGeneralAndAdministrative": "690148000", "researchAndDevelopment": "183027000", "operatingExpenses": "1384114000", "investmentIncomeNet": "None", "netInterestIncome": "-72261000", "interestIncome": "17416000", "interestExpense": "89677000", "nonInterestIncome": "None", "otherNonOperatingIncome": "None", "depreciation": "None", "depreciationAndAmortization": "191825000", "incomeBeforeTax": "754868000", "incomeTaxExpense": "117034000", "interestAndDebtExpense": "None", "netIncomeFromContinuingOperations": "637834000", "comprehensiveIncomeNetOfTax": "None", "ebit": "844545000", "ebitda": "1036370000", "netIncome": "637834000"}, {"fiscalDateEnding": "2023-12-31", "reportedCurrency": "USD", "grossProfit": "1761193000", "totalRevenue": "2956416000", "costOfRevenue": "1195223000", "costofGoodsAndServicesSold": "1195223000", "operatingIncome": "817676000", "sellingGeneralAndAdministrative": "729914000", "researchAndDevelopment": "174945000", "operatingExpenses": "910959000", "investmentIncomeNet": "None", "netInterestIncome": "-66589000", "interestIncome": "15468000", "interestExpense": "82240000", "nonInterestIncome": "None", "otherNonOperatingIncome": "None", "depreciation": "None", "depreciationAndAmortization": "165905000", "incomeBeforeTax": "736243000", "incomeTaxExpense": "94009000", "interestAndDebtExpense": "None", "netIncomeFromContinuingOperations": "653091000", "comprehensiveIncomeNetOfTax": "None", "ebit": "817676000", "ebitda": "817676000", "netIncome": "642234000"}, {"fiscalDateEnding": "2022-12-31", "reportedCurrency": "USD", "grossProfit": "1723774000", "totalRevenue": "2971956000", "costOfRevenue": "1248182000", "costofGoodsAndServicesSold": "1248182000", "operatingIncome": "873395000", "sellingGeneralAndAdministrative": "651026000", "researchAndDevelopment": "176190000", "operatingExpenses": "840582000", "investmentIncomeNet": "None", "netInterestIncome": "-37777000", "interestIncome": "37777000", "interestExpense": "37777000", "nonInterestIncome": "None", "otherNonOperatingIncome": "None", "depreciation": "None", "depreciationAndAmortization": "130423000", "incomeBeforeTax": "837846000", "incomeTaxExpense": "130091000", "interestAndDebtExpense": "None", "netIncomeFromContinuingOperations": "707755000", "comprehensiveIncomeNetOfTax": "None", "ebit": "883662000", "ebitda": "1014085000", "netIncome": "707755000"}, {"fiscalDateEnding": "2021-12-31", "reportedCurrency": "USD", "grossProfit": "1629341000", "totalRevenue": "2785874000", "costOfRevenue": "1156533000", "costofGoodsAndServicesSold": "1156533000", "operatingIncome": "821707000", "sellingGeneralAndAdministrative": "619968000", "researchAndDevelopment": "168358000", "operatingExpenses": "802469000", "investmentIncomeNet": "None", "netInterestIncome": "-32717000", "interestIncome": "32717000", "interestExpense": "32717000", "nonInterestIncome": "None", "otherNonOperatingIncome": "29424000", "depreciation": "None", "depreciationAndAmortization": "131680000", "incomeBeforeTax": "806193000", "incomeTaxExpense": "113350000", "interestAndDebtExpense": "None", "netIncomeFromContinuingOperations": "692843000", "comprehensiveIncomeNetOfTax": "None", "ebit": "826745000", "ebitda": "958425000", "netIncome": "692843000"}, {"fiscalDateEnding": "2020-12-31", "reportedCurrency": "USD", "grossProfit": "1358676000", "totalRevenue": "2365365000", "costOfRevenue": "1006689000", "costofGoodsAndServicesSold": "1006689000", "operatingIncome": "645489000", "sellingGeneralAndAdministrative": "547698000", "researchAndDevelopment": "140777000", "operatingExpenses": "705062000", "investmentIncomeNet": "None", "netInterestIncome": "-32800000", "interestIncome": "32800000", "interestExpense": "32800000", "nonInterestIncome": "None", "otherNonOperatingIncome": "14495000", "depreciation": "None", "depreciationAndAmortization": "125361000", "incomeBeforeTax": "610914000", "incomeTaxExpense": "89343000", "interestAndDebtExpense": "None", "netIncomeFromContinuingOperations": "521571000", "comprehensiveIncomeNetOfTax": "None", "ebit": "652611000", "ebitda": "777972000", "netIncome": "521571000"}, {"fiscalDateEnding": "2019-12-31", "reportedCurrency": "USD", "grossProfit": "1395896000", "totalRevenue": "2406596000", "costOfRevenue": "1010700000", "costofGoodsAndServicesSold": "1010700000", "operatingIncome": "708457000", "sellingGeneralAndAdministrative": "528791000", "researchAndDevelopment": "142955000", "operatingExpenses": "687439000", "investmentIncomeNet": "None", "netInterestIncome": "-26632000", "interestIncome": "22058000", "interestExpense": "26632000", "nonInterestIncome": "None", "otherNonOperatingIncome": "18472000", "depreciation": "None", "depreciationAndAmortization": "101710000", "incomeBeforeTax": "678239000", "incomeTaxExpense": "86041000", "interestAndDebtExpense": "None", "netIncomeFromContinuingOperations": "592198000", "comprehensiveIncomeNetOfTax": "None", "ebit": "708457000", "ebitda": "810167000", "netIncome": "592198000"}, {"fiscalDateEnding": "2018-12-31", "reportedCurrency": "USD", "grossProfit": "1427365000", "totalRevenue": "2419929000", "costOfRevenue": "992564000", "costofGoodsAndServicesSold": "992564000", "operatingIncome": "739774000", "sellingGeneralAndAdministrative": "536902000", "researchAndDevelopment": "143403000", "operatingExpenses": "688017000", "investmentIncomeNet": "None", "netInterestIncome": "-9834000", "interestIncome": "38807000", "interestExpense": "9834000", "nonInterestIncome": "None", "otherNonOperatingIncome": "-8987000", "depreciation": "None", "depreciationAndAmortization": "108408000", "incomeBeforeTax": "682146000", "incomeTaxExpense": "88352000", "interestAndDebtExpense": "None", "netIncomeFromContinuingOperations": "593794000", "comprehensiveIncomeNetOfTax": "None", "ebit": "691554000", "ebitda": "799962000", "netIncome": "593794000"}, {"fiscalDateEnding": "2017-12-31", "reportedCurrency": "USD", "grossProfit": "1362011000", "totalRevenue": "2309078000", "costOfRevenue": "947067000", "costofGoodsAndServicesSold": "947067000", "operatingIncome": "661858000", "sellingGeneralAndAdministrative": "544703000", "researchAndDevelopment": "132593000", "operatingExpenses": "684039000", "investmentIncomeNet": "None", "netInterestIncome": "-20761000", "interestIncome": "36078000", "interestExpense": "20761000", "nonInterestIncome": "None", "otherNonOperatingIncome": "36078000", "depreciation": "None", "depreciationAndAmortization": "106002000", "incomeBeforeTax": "641097000", "incomeTaxExpense": "620786000", "interestAndDebtExpense": "None", "netIncomeFromContinuingOperations": "20311000", "comprehensiveIncomeNetOfTax": "None", "ebit": "677972000", "ebitda": "783974000", "netIncome": "20311000"}, {"fiscalDateEnding": "2016-12-31", "reportedCurrency": "USD", "grossProfit": "1275970000", "totalRevenue": "2167423000", "costOfRevenue": "891453000", "costofGoodsAndServicesSold": "891453000", "operatingIncome": "624339000", "sellingGeneralAndAdministrative": "513031000", "researchAndDevelopment": "125187000", "operatingExpenses": "648107000", "investmentIncomeNet": "None", "netInterestIncome": "-24225000", "interestIncome": "20686000", "interestExpense": "24225000", "nonInterestIncome": "None", "otherNonOperatingIncome": "20686000", "depreciation": "None", "depreciationAndAmortization": "9889000", "incomeBeforeTax": "600114000", "incomeTaxExpense": "78611000", "interestAndDebtExpense": "None", "netIncomeFromContinuingOperations": "521503000", "comprehensiveIncomeNetOfTax": "None", "ebit": "627863000", "ebitda": "637752000", "netIncome": "521503000"}, {"fiscalDateEnding": "2015-12-31", "reportedCurrency": "USD", "grossProfit": "1199660000", "totalRevenue": "2042332000", "costOfRevenue": "842672000", "costofGoodsAndServicesSold": "842672000", "operatingIncome": "567451000", "sellingGeneralAndAdministrative": "495747000", "researchAndDevelopment": "118545000", "operatingExpenses": "624415000", "investmentIncomeNet": "None", "netInterestIncome": "None", "interestIncome": "25532000", "interestExpense": "25532000", "nonInterestIncome": "None", "otherNonOperatingIncome": "10711000", "depreciation": "None", "depreciationAndAmortization": "10123000", "incomeBeforeTax": "541919000", "incomeTaxExpense": "72866000", "interestAndDebtExpense": "None", "netIncomeFromContinuingOperations": "469053000", "comprehensiveIncomeNetOfTax": "None", "ebit": "575245000", "ebitda": "585368000", "netIncome": "469053000"}, {"fiscalDateEnding": "2014-12-31", "reportedCurrency": "USD", "grossProfit": "1164431000", "totalRevenue": "1989344000", "costOfRevenue": "824913000", "costofGoodsAndServicesSold": "824913000", "operatingIncome": "517908000", "sellingGeneralAndAdministrative": "512707000", "researchAndDevelopment": "107726000", "operatingExpenses": "631067000", "investmentIncomeNet": "None", "netInterestIncome": "None", "interestIncome": "None", "interestExpense": "27168000", "nonInterestIncome": "None", "otherNonOperatingIncome": "7023000", "depreciation": "None", "depreciationAndAmortization": "10634000", "incomeBeforeTax": "490740000", "incomeTaxExpense": "59120000", "interestAndDebtExpense": "None", "netIncomeFromContinuingOperations": "431620000", "comprehensiveIncomeNetOfTax": "None", "ebit": "533364000", "ebitda": "543998000", "netIncome": "431620000"}, {"fiscalDateEnding": "2013-12-31", "reportedCurrency": "USD", "grossProfit": "1120762000", "totalRevenue": "1904218000", "costOfRevenue": "783456000", "costofGoodsAndServicesSold": "783456000", "operatingIncome": "517343000", "sellingGeneralAndAdministrative": "492965000", "researchAndDevelopment": "100536000", "operatingExpenses": "603419000", "investmentIncomeNet": "None", "netInterestIncome": "None", "interestIncome": "None", "interestExpense": "25663000", "nonInterestIncome": "None", "otherNonOperatingIncome": "None", "depreciation": "None", "depreciationAndAmortization": "9918000", "incomeBeforeTax": "490105000", "incomeTaxExpense": "40102000", "interestAndDebtExpense": "None", "netIncomeFromContinuingOperations": "None", "comprehensiveIncomeNetOfTax": "None", "ebit": "515768000", "ebitda": "525686000", "netIncome": "450003000"}, {"fiscalDateEnding": "2012-12-31", "reportedCurrency": "USD", "grossProfit": "1106027000", "totalRevenue": "1843641000", "costOfRevenue": "737614000", "costofGoodsAndServicesSold": "737614000", "operatingIncome": "511490000", "sellingGeneralAndAdministrative": "477270000", "researchAndDevelopment": "96004000", "operatingExpenses": "587103000", "investmentIncomeNet": "None", "netInterestIncome": "None", "interestIncome": "None", "interestExpense": "23865000", "nonInterestIncome": "None", "otherNonOperatingIncome": "4208000", "depreciation": "None", "depreciationAndAmortization": "13829000", "incomeBeforeTax": "487625000", "incomeTaxExpense": "26182000", "interestAndDebtExpense": "None", "netIncomeFromContinuingOperations": "461443000", "comprehensiveIncomeNetOfTax": "None", "ebit": "518924000", "ebitda": "532753000", "netIncome": "461443000"}, {"fiscalDateEnding": "2011-12-31", "reportedCurrency": "USD", "grossProfit": "1120691000", "totalRevenue": "1851184000", "costOfRevenue": "730493000", "costofGoodsAndServicesSold": "730493000", "operatingIncome": "528600000", "sellingGeneralAndAdministrative": "490011000", "researchAndDevelopment": "92347000", "operatingExpenses": "592091000", "investmentIncomeNet": "None", "netInterestIncome": "None", "interestIncome": "None", "interestExpense": "19348000", "nonInterestIncome": "None", "otherNonOperatingIncome": "2623000", "depreciation": "None", "depreciationAndAmortization": "9733000", "incomeBeforeTax": "509252000", "incomeTaxExpense": "76284000", "interestAndDebtExpense": "None", "netIncomeFromContinuingOperations": "432968000", "comprehensiveIncomeNetOfTax": "None", "ebit": "528600000", "ebitda": "538333000", "netIncome": "432968000"}, {"fiscalDateEnding": "2010-12-31", "reportedCurrency": "USD", "grossProfit": "990068000", "totalRevenue": "1643371000", "costOfRevenue": "653303000", "costofGoodsAndServicesSold": "653303000", "operatingIncome": "449932000", "sellingGeneralAndAdministrative": "445456000", "researchAndDevelopment": "84274000", "operatingExpenses": "540136000", "investmentIncomeNet": "None", "netInterestIncome": "None", "interestIncome": "None", "interestExpense": "12069000", "nonInterestIncome": "None", "otherNonOperatingIncome": "1855000", "depreciation": "None", "depreciationAndAmortization": "10406000", "incomeBeforeTax": "437863000", "incomeTaxExpense": "56100000", "interestAndDebtExpense": "None", "netIncomeFromContinuingOperations": "381763000", "comprehensiveIncomeNetOfTax": "None", "ebit": "449932000", "ebitda": "460338000", "netIncome": "381763000"}, {"fiscalDateEnding": "2009-12-31", "reportedCurrency": "USD", "grossProfit": "903818000", "totalRevenue": "1498700000", "costOfRevenue": "594882000", "costofGoodsAndServicesSold": "594882000", "operatingIncome": "394602000", "sellingGeneralAndAdministrative": "421403000", "researchAndDevelopment": "77154000", "operatingExpenses": "509216000", "investmentIncomeNet": "None", "netInterestIncome": "None", "interestIncome": "None", "interestExpense": "7950000", "nonInterestIncome": "None", "otherNonOperatingIncome": "3036000", "depreciation": "None", "depreciationAndAmortization": "10659000", "incomeBeforeTax": "386652000", "incomeTaxExpense": "63339000", "interestAndDebtExpense": "None", "netIncomeFromContinuingOperations": "323313000", "comprehensiveIncomeNetOfTax": "None", "ebit": "394602000", "ebitda": "405261000", "netIncome": "323313000"}, {"fiscalDateEnding": "2008-12-31", "reportedCurrency": "USD", "grossProfit": "913858000", "totalRevenue": "1575124000", "costOfRevenue": "661266000", "costofGoodsAndServicesSold": "661266000", "operatingIncome": "389754000", "sellingGeneralAndAdministrative": "426699000", "researchAndDevelopment": "81588000", "operatingExpenses": "524104000", "investmentIncomeNet": "None", "netInterestIncome": "None", "interestIncome": "None", "interestExpense": "17562000", "nonInterestIncome": "None", "otherNonOperatingIncome": "None", "depreciation": "None", "depreciationAndAmortization": "65271000", "incomeBeforeTax": "372192000", "incomeTaxExpense": "49713000", "interestAndDebtExpense": "None", "netIncomeFromContinuingOperations": "None", "comprehensiveIncomeNetOfTax": "None", "ebit": "396281000", "ebitda": "461552000", "netIncome": "322479000"}, {"fiscalDateEnding": "2007-12-31", "reportedCurrency": "USD", "grossProfit": "841926000", "totalRevenue": "1473048000", "costOfRevenue": "631122000", "costofGoodsAndServicesSold": "631122000", "operatingIncome": "348879000", "sellingGeneralAndAdministrative": "403703000", "researchAndDevelopment": "80649000", "operatingExpenses": "493047000", "investmentIncomeNet": "None", "netInterestIncome": "None", "interestIncome": "None", "interestExpense": "25687000", "nonInterestIncome": "None", "otherNonOperatingIncome": "None", "depreciation": "None", "depreciationAndAmortization": "53317000", "incomeBeforeTax": "323192000", "incomeTaxExpense": "55120000", "interestAndDebtExpense": "None", "netIncomeFromContinuingOperations": "None", "comprehensiveIncomeNetOfTax": "None", "ebit": "348879000", "ebitda": "402196000", "netIncome": "268072000"}, {"fiscalDateEnding": "2006-12-31", "reportedCurrency": "USD", "grossProfit": "744044000", "totalRevenue": "1280229000", "costOfRevenue": "536185000", "costofGoodsAndServicesSold": "536185000", "operatingIncome": "295151000", "sellingGeneralAndAdministrative": "357664000", "researchAndDevelopment": "77306000", "operatingExpenses": "440409000", "investmentIncomeNet": "None", "netInterestIncome": "None", "interestIncome": "None", "interestExpense": "32192000", "nonInterestIncome": "None", "otherNonOperatingIncome": "None", "depreciation": "None", "depreciationAndAmortization": "46159000", "incomeBeforeTax": "262959000", "incomeTaxExpense": "40759000", "interestAndDebtExpense": "None", "netIncomeFromContinuingOperations": "None", "comprehensiveIncomeNetOfTax": "None", "ebit": "317966000", "ebitda": "364125000", "netIncome": "222200000"}, {"fiscalDateEnding": "2005-12-31", "reportedCurrency": "USD", "grossProfit": "679881000", "totalRevenue": "1158236000", "costOfRevenue": "478355000", "costofGoodsAndServicesSold": "478355000", "operatingIncome": "283155000", "sellingGeneralAndAdministrative": "321694000", "researchAndDevelopment": "66905000", "operatingExpenses": "396726000", "investmentIncomeNet": "None", "netInterestIncome": "None", "interestIncome": "None", "interestExpense": "8592000", "nonInterestIncome": "None", "otherNonOperatingIncome": "None", "depreciation": "None", "depreciationAndAmortization": "43685000", "incomeBeforeTax": "274563000", "incomeTaxExpense": "72588000", "interestAndDebtExpense": "None", "netIncomeFromContinuingOperations": "None", "comprehensiveIncomeNetOfTax": "None", "ebit": "289380000", "ebitda": "333065000", "netIncome": "201975000"}], "quarterlyReports": [{"fiscalDateEnding": "2024-12-31", "reportedCurrency": "USD", "grossProfit": "524198000", "totalRevenue": "872714000", "costOfRevenue": "348516000", "costofGoodsAndServicesSold": "348516000", "operatingIncome": "292263000", "sellingGeneralAndAdministrative": "173268000", "researchAndDevelopment": "46914000", "operatingExpenses": "231935000", "investmentIncomeNet": "None", "netInterestIncome": "-14437000", "interestIncome": "4559000", "interestExpense": "18996000", "nonInterestIncome": "None", "otherNonOperatingIncome": "None", "depreciation": "None", "depreciationAndAmortization": "48575000", "incomeBeforeTax": "276983000", "incomeTaxExpense": "45585000", "interestAndDebtExpense": "None", "netIncomeFromContinuingOperations": "231398000", "comprehensiveIncomeNetOfTax": "None", "ebit": "295979000", "ebitda": "344554000", "netIncome": "231398000"}, {"fiscalDateEnding": "2024-09-30", "reportedCurrency": "USD", "grossProfit": "427055000", "totalRevenue": "740305000", "costOfRevenue": "313250000", "costofGoodsAndServicesSold": "313250000", "operatingIncome": "211132000", "sellingGeneralAndAdministrative": "169097000", "researchAndDevelopment": "45336000", "operatingExpenses": "217433000", "investmentIncomeNet": "None", "netInterestIncome": "-17177000", "interestIncome": "4258000", "interestExpense": "21435000", "nonInterestIncome": "None", "otherNonOperatingIncome": "None", "depreciation": "None", "depreciationAndAmortization": "47507000", "incomeBeforeTax": "193617000", "incomeTaxExpense": "32114000", "interestAndDebtExpense": "None", "netIncomeFromContinuingOperations": "161503000", "comprehensiveIncomeNetOfTax": "None", "ebit": "215052000", "ebitda": "262559000", "netIncome": "161503000"}, {"fiscalDateEnding": "2024-06-30", "reportedCurrency": "USD", "grossProfit": "407630000", "totalRevenue": "708529000", "costOfRevenue": "300899000", "costofGoodsAndServicesSold": "300899000", "operatingIncome": "191201000", "sellingGeneralAndAdministrative": "173247000", "researchAndDevelopment": "46182000", "operatingExpenses": "216429000", "investmentIncomeNet": "None", "netInterestIncome": "-19398000", "interestIncome": "4328000", "interestExpense": "23726000", "nonInterestIncome": "None", "otherNonOperatingIncome": "None", "depreciation": "None", "depreciationAndAmortization": "47229000", "incomeBeforeTax": "169412000", "incomeTaxExpense": "26675000", "interestAndDebtExpense": "None", "netIncomeFromContinuingOperations": "142737000", "comprehensiveIncomeNetOfTax": "None", "ebit": "189171000", "ebitda": "236400000", "netIncome": "142737000"}, {"fiscalDateEnding": "2024-03-31", "reportedCurrency": "USD", "grossProfit": "363013000", "totalRevenue": "636839000", "costOfRevenue": "273826000", "costofGoodsAndServicesSold": "273826000", "operatingIncome": "143882000", "sellingGeneralAndAdministrative": "174536000", "researchAndDevelopment": "44595000", "operatingExpenses": "219131000", "investmentIncomeNet": "None", "netInterestIncome": "-21249000", "interestIncome": "4271000", "interestExpense": "25520000", "nonInterestIncome": "None", "otherNonOperatingIncome": "None", "depreciation": "None", "depreciationAndAmortization": "48514000", "incomeBeforeTax": "114856000", "incomeTaxExpense": "12660000", "interestAndDebtExpense": "None", "netIncomeFromContinuingOperations": "102196000", "comprehensiveIncomeNetOfTax": "None", "ebit": "144088000", "ebitda": "192602000", "netIncome": "102196000"}, {"fiscalDateEnding": "2023-12-31", "reportedCurrency": "USD", "grossProfit": "488966000", "totalRevenue": "819474000", "costOfRevenue": "330508000", "costofGoodsAndServicesSold": "330508000", "operatingIncome": "265908000", "sellingGeneralAndAdministrative": "171672000", "researchAndDevelopment": "44386000", "operatingExpenses": "223058000", "investmentIncomeNet": "None", "netInterestIncome": "-26066000", "interestIncome": "4637000", "interestExpense": "26066000", "nonInterestIncome": "None", "otherNonOperatingIncome": "None", "depreciation": "None", "depreciationAndAmortization": "48060000", "incomeBeforeTax": "237600000", "incomeTaxExpense": "21395000", "interestAndDebtExpense": "None", "netIncomeFromContinuingOperations": "216205000", "comprehensiveIncomeNetOfTax": "None", "ebit": "302893000", "ebitda": "350953000", "netIncome": "216205000"}, {"fiscalDateEnding": "2023-09-30", "reportedCurrency": "USD", "grossProfit": "420285000", "totalRevenue": "711692000", "costOfRevenue": "291407000", "costofGoodsAndServicesSold": "291407000", "operatingIncome": "179426000", "sellingGeneralAndAdministrative": "186748000", "researchAndDevelopment": "41995000", "operatingExpenses": "240859000", "investmentIncomeNet": "None", "netInterestIncome": "-26559000", "interestIncome": "26559000", "interestExpense": "26559000", "nonInterestIncome": "None", "otherNonOperatingIncome": "None", "depreciation": "None", "depreciationAndAmortization": "47807000", "incomeBeforeTax": "153195000", "incomeTaxExpense": "18643000", "interestAndDebtExpense": "None", "netIncomeFromContinuingOperations": "134552000", "comprehensiveIncomeNetOfTax": "None", "ebit": "179754000", "ebitda": "227561000", "netIncome": "134552000"}, {"fiscalDateEnding": "2023-06-30", "reportedCurrency": "USD", "grossProfit": "439500000", "totalRevenue": "740576000", "costOfRevenue": "301076000", "costofGoodsAndServicesSold": "301076000", "operatingIncome": "199859000", "sellingGeneralAndAdministrative": "186953000", "researchAndDevelopment": "45873000", "operatingExpenses": "239641000", "investmentIncomeNet": "None", "netInterestIncome": "-19232000", "interestIncome": "19232000", "interestExpense": "23272000", "nonInterestIncome": "None", "otherNonOperatingIncome": "None", "depreciation": "None", "depreciationAndAmortization": "38884000", "incomeBeforeTax": "180275000", "incomeTaxExpense": "29721000", "interestAndDebtExpense": "None", "netIncomeFromContinuingOperations": "150554000", "comprehensiveIncomeNetOfTax": "None", "ebit": "203547000", "ebitda": "242431000", "netIncome": "150554000"}, {"fiscalDateEnding": "2023-03-31", "reportedCurrency": "USD", "grossProfit": "400294000", "totalRevenue": "684674000", "costOfRevenue": "284380000", "costofGoodsAndServicesSold": "284380000", "operatingIncome": "174168000", "sellingGeneralAndAdministrative": "181956000", "researchAndDevelopment": "42691000", "operatingExpenses": "226126000", "investmentIncomeNet": "None", "netInterestIncome": "-10383000", "interestIncome": "10383000", "interestExpense": "10383000", "nonInterestIncome": "None", "otherNonOperatingIncome": "5449000", "depreciation": "None", "depreciationAndAmortization": "32542000", "incomeBeforeTax": "165173000", "incomeTaxExpense": "24250000", "interestAndDebtExpense": "None", "netIncomeFromContinuingOperations": "140923000", "comprehensiveIncomeNetOfTax": "None", "ebit": "174168000", "ebitda": "206710000", "netIncome": "140923000"}, {"fiscalDateEnding": "2022-12-31", "reportedCurrency": "USD", "grossProfit": "510320000", "totalRevenue": "858510000", "costOfRevenue": "348190000", "costofGoodsAndServicesSold": "348190000", "operatingIncome": "286283000", "sellingGeneralAndAdministrative": "167257000", "researchAndDevelopment": "48277000", "operatingExpenses": "224037000", "investmentIncomeNet": "None", "netInterestIncome": "-10415000", "interestIncome": "10415000", "interestExpense": "10415000", "nonInterestIncome": "None", "otherNonOperatingIncome": "None", "depreciation": "None", "depreciationAndAmortization": "30946000", "incomeBeforeTax": "275496000", "incomeTaxExpense": "48434000", "interestAndDebtExpense": "None", "netIncomeFromContinuingOperations": "227062000", "comprehensiveIncomeNetOfTax": "None", "ebit": "286283000", "ebitda": "317229000", "netIncome": "227062000"}, {"fiscalDateEnding": "2022-09-30", "reportedCurrency": "USD", "grossProfit": "401454000", "totalRevenue": "708555000", "costOfRevenue": "307101000", "costofGoodsAndServicesSold": "307101000", "operatingIncome": "192010000", "sellingGeneralAndAdministrative": "164417000", "researchAndDevelopment": "43435000", "operatingExpenses": "209444000", "investmentIncomeNet": "None", "netInterestIncome": "-9524000", "interestIncome": "9524000", "interestExpense": "9524000", "nonInterestIncome": "None", "otherNonOperatingIncome": "3791000", "depreciation": "None", "depreciationAndAmortization": "33109000", "incomeBeforeTax": "183381000", "incomeTaxExpense": "27383000", "interestAndDebtExpense": "None", "netIncomeFromContinuingOperations": "155998000", "comprehensiveIncomeNetOfTax": "None", "ebit": "192010000", "ebitda": "225119000", "netIncome": "155998000"}, {"fiscalDateEnding": "2022-06-30", "reportedCurrency": "USD", "grossProfit": "407113000", "totalRevenue": "714319000", "costOfRevenue": "307206000", "costofGoodsAndServicesSold": "307206000", "operatingIncome": "199632000", "sellingGeneralAndAdministrative": "161877000", "researchAndDevelopment": "44006000", "operatingExpenses": "207481000", "investmentIncomeNet": "None", "netInterestIncome": "-8893000", "interestIncome": "2526000", "interestExpense": "8893000", "nonInterestIncome": "None", "otherNonOperatingIncome": "4061000", "depreciation": "None", "depreciationAndAmortization": "35762000", "incomeBeforeTax": "192274000", "incomeTaxExpense": "27410000", "interestAndDebtExpense": "None", "netIncomeFromContinuingOperations": "164864000", "comprehensiveIncomeNetOfTax": "None", "ebit": "199632000", "ebitda": "235394000", "netIncome": "164864000"}, {"fiscalDateEnding": "2022-03-31", "reportedCurrency": "USD", "grossProfit": "404887000", "totalRevenue": "690572000", "costOfRevenue": "285685000", "costofGoodsAndServicesSold": "285685000", "operatingIncome": "195470000", "sellingGeneralAndAdministrative": "157475000", "researchAndDevelopment": "40472000", "operatingExpenses": "199620000", "investmentIncomeNet": "None", "netInterestIncome": "-8945000", "interestIncome": "2114000", "interestExpense": "8945000", "nonInterestIncome": "None", "otherNonOperatingIncome": "2284000", "depreciation": "None", "depreciationAndAmortization": "42631000", "incomeBeforeTax": "186695000", "incomeTaxExpense": "26864000", "interestAndDebtExpense": "None", "netIncomeFromContinuingOperations": "159831000", "comprehensiveIncomeNetOfTax": "None", "ebit": "195470000", "ebitda": "238101000", "netIncome": "159831000"}, {"fiscalDateEnding": "2021-12-31", "reportedCurrency": "USD", "grossProfit": "485445000", "totalRevenue": "836449000", "costOfRevenue": "351004000", "costofGoodsAndServicesSold": "351004000", "operatingIncome": "262200000", "sellingGeneralAndAdministrative": "173014000", "researchAndDevelopment": "43331000", "operatingExpenses": "218080000", "investmentIncomeNet": "None", "netInterestIncome": "-9010000", "interestIncome": "9010000", "interestExpense": "9010000", "nonInterestIncome": "None", "otherNonOperatingIncome": "1004000", "depreciation": "None", "depreciationAndAmortization": "33754000", "incomeBeforeTax": "252320000", "incomeTaxExpense": "36081000", "interestAndDebtExpense": "None", "netIncomeFromContinuingOperations": "216239000", "comprehensiveIncomeNetOfTax": "None", "ebit": "266495000", "ebitda": "300249000", "netIncome": "216239000"}, {"fiscalDateEnding": "2021-09-30", "reportedCurrency": "USD", "grossProfit": "388105000", "totalRevenue": "659233000", "costOfRevenue": "271128000", "costofGoodsAndServicesSold": "271128000", "operatingIncome": "191815000", "sellingGeneralAndAdministrative": "152545000", "researchAndDevelopment": "41986000", "operatingExpenses": "196290000", "investmentIncomeNet": "None", "netInterestIncome": "-8533000", "interestIncome": "8533000", "interestExpense": "8533000", "nonInterestIncome": "None", "otherNonOperatingIncome": "1941000", "depreciation": "None", "depreciationAndAmortization": "33183000", "incomeBeforeTax": "182675000", "incomeTaxExpense": "21490000", "interestAndDebtExpense": "None", "netIncomeFromContinuingOperations": "161185000", "comprehensiveIncomeNetOfTax": "None", "ebit": "191208000", "ebitda": "224391000", "netIncome": "161185000"}, {"fiscalDateEnding": "2021-06-30", "reportedCurrency": "USD", "grossProfit": "401393000", "totalRevenue": "681647000", "costOfRevenue": "280254000", "costofGoodsAndServicesSold": "280254000", "operatingIncome": "196422000", "sellingGeneralAndAdministrative": "158213000", "researchAndDevelopment": "44949000", "operatingExpenses": "204971000", "investmentIncomeNet": "None", "netInterestIncome": "-8329000", "interestIncome": "8329000", "interestExpense": "8329000", "nonInterestIncome": "None", "otherNonOperatingIncome": "13019000", "depreciation": "None", "depreciationAndAmortization": "33387000", "incomeBeforeTax": "197414000", "incomeTaxExpense": "30122000", "interestAndDebtExpense": "None", "netIncomeFromContinuingOperations": "167292000", "comprehensiveIncomeNetOfTax": "None", "ebit": "205743000", "ebitda": "239130000", "netIncome": "167292000"}, {"fiscalDateEnding": "2021-03-31", "reportedCurrency": "USD", "grossProfit": "354398000", "totalRevenue": "608545000", "costOfRevenue": "254147000", "costofGoodsAndServicesSold": "254147000", "operatingIncome": "171270000", "sellingGeneralAndAdministrative": "143196000", "researchAndDevelopment": "38092000", "operatingExpenses": "183128000", "investmentIncomeNet": "None", "netInterestIncome": "-6845000", "interestIncome": "4101000", "interestExpense": "6845000", "nonInterestIncome": "None", "otherNonOperatingIncome": "13460000", "depreciation": "None", "depreciationAndAmortization": "31356000", "incomeBeforeTax": "173784000", "incomeTaxExpense": "25657000", "interestAndDebtExpense": "None", "netIncomeFromContinuingOperations": "148127000", "comprehensiveIncomeNetOfTax": "None", "ebit": "180629000", "ebitda": "211985000", "netIncome": "148127000"}, {"fiscalDateEnding": "2020-12-31", "reportedCurrency": "USD", "grossProfit": "466089000", "totalRevenue": "786658000", "costOfRevenue": "320569000", "costofGoodsAndServicesSold": "320569000", "operatingIncome": "263711000", "sellingGeneralAndAdministrative": "418268000", "researchAndDevelopment": "39662000", "operatingExpenses": "195433000", "investmentIncomeNet": "None", "netInterestIncome": "-6834000", "interestIncome": "6834000", "interestExpense": "6834000", "nonInterestIncome": "None", "otherNonOperatingIncome": "4598000", "depreciation": "None", "depreciationAndAmortization": "44260000", "incomeBeforeTax": "257251000", "incomeTaxExpense": "38940000", "interestAndDebtExpense": "None", "netIncomeFromContinuingOperations": "218311000", "comprehensiveIncomeNetOfTax": "None", "ebit": "271030000", "ebitda": "315290000", "netIncome": "218311000"}, {"fiscalDateEnding": "2020-09-30", "reportedCurrency": "USD", "grossProfit": "331442000", "totalRevenue": "593784000", "costOfRevenue": "262342000", "costofGoodsAndServicesSold": "262342000", "operatingIncome": "158384000", "sellingGeneralAndAdministrative": "135430000", "researchAndDevelopment": "34971000", "operatingExpenses": "173058000", "investmentIncomeNet": "None", "netInterestIncome": "-6908000", "interestIncome": "6908000", "interestExpense": "6908000", "nonInterestIncome": "None", "otherNonOperatingIncome": "2968000", "depreciation": "None", "depreciationAndAmortization": "30888000", "incomeBeforeTax": "150437000", "incomeTaxExpense": "23668000", "interestAndDebtExpense": "None", "netIncomeFromContinuingOperations": "126769000", "comprehensiveIncomeNetOfTax": "None", "ebit": "157345000", "ebitda": "188233000", "netIncome": "126769000"}, {"fiscalDateEnding": "2020-06-30", "reportedCurrency": "USD", "grossProfit": "306850000", "totalRevenue": "519984000", "costOfRevenue": "213134000", "costofGoodsAndServicesSold": "213134000", "operatingIncome": "155114000", "sellingGeneralAndAdministrative": "117449000", "researchAndDevelopment": "31155000", "operatingExpenses": "151222000", "investmentIncomeNet": "None", "netInterestIncome": "-9015000", "interestIncome": "4003000", "interestExpense": "9015000", "nonInterestIncome": "None", "otherNonOperatingIncome": "3267000", "depreciation": "None", "depreciationAndAmortization": "31015000", "incomeBeforeTax": "145363000", "incomeTaxExpense": "22434000", "interestAndDebtExpense": "None", "netIncomeFromContinuingOperations": "122929000", "comprehensiveIncomeNetOfTax": "None", "ebit": "154892000", "ebitda": "185907000", "netIncome": "122929000"}, {"fiscalDateEnding": "2020-03-31", "reportedCurrency": "USD", "grossProfit": "254295000", "totalRevenue": "464939000", "costOfRevenue": "210644000", "costofGoodsAndServicesSold": "210644000", "operatingIncome": "68280000", "sellingGeneralAndAdministrative": "147735000", "researchAndDevelopment": "34989000", "operatingExpenses": "185349000", "investmentIncomeNet": "None", "netInterestIncome": "-10043000", "interestIncome": "4036000", "interestExpense": "10043000", "nonInterestIncome": "None", "otherNonOperatingIncome": "3662000", "depreciation": "None", "depreciationAndAmortization": "29188000", "incomeBeforeTax": "57863000", "incomeTaxExpense": "4301000", "interestAndDebtExpense": "None", "netIncomeFromContinuingOperations": "53562000", "comprehensiveIncomeNetOfTax": "None", "ebit": "68572000", "ebitda": "97760000", "netIncome": "53562000"}, {"fiscalDateEnding": "2019-12-31", "reportedCurrency": "USD", "grossProfit": "417226000", "totalRevenue": "716294000", "costOfRevenue": "299068000", "costofGoodsAndServicesSold": "299068000", "operatingIncome": "236417000", "sellingGeneralAndAdministrative": "141208000", "researchAndDevelopment": "37072000", "operatingExpenses": "180809000", "investmentIncomeNet": "None", "netInterestIncome": "-9806000", "interestIncome": "4417000", "interestExpense": "9806000", "nonInterestIncome": "None", "otherNonOperatingIncome": "2194000", "depreciation": "None", "depreciationAndAmortization": "24977000", "incomeBeforeTax": "224388000", "incomeTaxExpense": "23719000", "interestAndDebtExpense": "None", "netIncomeFromContinuingOperations": "200669000", "comprehensiveIncomeNetOfTax": "None", "ebit": "234194000", "ebitda": "259171000", "netIncome": "200669000"}, {"fiscalDateEnding": "2019-09-30", "reportedCurrency": "USD", "grossProfit": "336223000", "totalRevenue": "577278000", "costOfRevenue": "241055000", "costofGoodsAndServicesSold": "241055000", "operatingIncome": "173235000", "sellingGeneralAndAdministrative": "126036000", "researchAndDevelopment": "34333000", "operatingExpenses": "162988000", "investmentIncomeNet": "None", "netInterestIncome": "-8001000", "interestIncome": "3455000", "interestExpense": "8001000", "nonInterestIncome": "None", "otherNonOperatingIncome": "2959000", "depreciation": "None", "depreciationAndAmortization": "26704000", "incomeBeforeTax": "164738000", "incomeTaxExpense": "26605000", "interestAndDebtExpense": "None", "netIncomeFromContinuingOperations": "138133000", "comprehensiveIncomeNetOfTax": "None", "ebit": "172739000", "ebitda": "199443000", "netIncome": "138133000"}, {"fiscalDateEnding": "2019-06-30", "reportedCurrency": "USD", "grossProfit": "349616000", "totalRevenue": "599162000", "costOfRevenue": "249546000", "costofGoodsAndServicesSold": "249546000", "operatingIncome": "177654000", "sellingGeneralAndAdministrative": "133208000", "researchAndDevelopment": "36490000", "operatingExpenses": "171962000", "investmentIncomeNet": "None", "netInterestIncome": "-5577000", "interestIncome": "5871000", "interestExpense": "5577000", "nonInterestIncome": "None", "otherNonOperatingIncome": "5529000", "depreciation": "None", "depreciationAndAmortization": "28851000", "incomeBeforeTax": "171735000", "incomeTaxExpense": "27325000", "interestAndDebtExpense": "None", "netIncomeFromContinuingOperations": "144410000", "comprehensiveIncomeNetOfTax": "None", "ebit": "177312000", "ebitda": "206163000", "netIncome": "144410000"}, {"fiscalDateEnding": "2019-03-31", "reportedCurrency": "USD", "grossProfit": "292831000", "totalRevenue": "513862000", "costOfRevenue": "221031000", "costofGoodsAndServicesSold": "221031000", "operatingIncome": "121151000", "sellingGeneralAndAdministrative": "134339000", "researchAndDevelopment": "35060000", "operatingExpenses": "171680000", "investmentIncomeNet": "None", "netInterestIncome": "-3248000", "interestIncome": "8315000", "interestExpense": "3248000", "nonInterestIncome": "None", "otherNonOperatingIncome": "7790000", "depreciation": "None", "depreciationAndAmortization": "24764000", "incomeBeforeTax": "117378000", "incomeTaxExpense": "8392000", "interestAndDebtExpense": "None", "netIncomeFromContinuingOperations": "108986000", "comprehensiveIncomeNetOfTax": "None", "ebit": "120626000", "ebitda": "145390000", "netIncome": "108986000"}, {"fiscalDateEnding": "2018-12-31", "reportedCurrency": "USD", "grossProfit": "428150000", "totalRevenue": "715019000", "costOfRevenue": "286869000", "costofGoodsAndServicesSold": "286869000", "operatingIncome": "244532000", "sellingGeneralAndAdministrative": "142853000", "researchAndDevelopment": "38106000", "operatingExpenses": "183296000", "investmentIncomeNet": "None", "netInterestIncome": "None", "interestIncome": "None", "interestExpense": "1225000", "nonInterestIncome": "None", "otherNonOperatingIncome": "-35050000", "depreciation": "None", "depreciationAndAmortization": "25597000", "incomeBeforeTax": "197806000", "incomeTaxExpense": "12654000", "interestAndDebtExpense": "None", "netIncomeFromContinuingOperations": "185152000", "comprehensiveIncomeNetOfTax": "None", "ebit": "199353000", "ebitda": "224950000", "netIncome": "185152000"}, {"fiscalDateEnding": "2018-09-30", "reportedCurrency": "USD", "grossProfit": "336882000", "totalRevenue": "578021000", "costOfRevenue": "241139000", "costofGoodsAndServicesSold": "241139000", "operatingIncome": "171674000", "sellingGeneralAndAdministrative": "3000", "researchAndDevelopment": "35173000", "operatingExpenses": "164284000", "investmentIncomeNet": "None", "netInterestIncome": "None", "interestIncome": "None", "interestExpense": "1633000", "nonInterestIncome": "None", "otherNonOperatingIncome": "8991000", "depreciation": "None", "depreciationAndAmortization": "26975000", "incomeBeforeTax": "169230000", "incomeTaxExpense": "28216000", "interestAndDebtExpense": "None", "netIncomeFromContinuingOperations": "141014000", "comprehensiveIncomeNetOfTax": "None", "ebit": "171787000", "ebitda": "198762000", "netIncome": "141014000"}, {"fiscalDateEnding": "2018-06-30", "reportedCurrency": "USD", "grossProfit": "353084000", "totalRevenue": "596219000", "costOfRevenue": "243135000", "costofGoodsAndServicesSold": "243135000", "operatingIncome": "179193000", "sellingGeneralAndAdministrative": "136645000", "researchAndDevelopment": "35644000", "operatingExpenses": "173891000", "investmentIncomeNet": "None", "netInterestIncome": "None", "interestIncome": "None", "interestExpense": "2804000", "nonInterestIncome": "None", "otherNonOperatingIncome": "7060000", "depreciation": "None", "depreciationAndAmortization": "27196000", "incomeBeforeTax": "174561000", "incomeTaxExpense": "18884000", "interestAndDebtExpense": "None", "netIncomeFromContinuingOperations": "155677000", "comprehensiveIncomeNetOfTax": "None", "ebit": "177365000", "ebitda": "204561000", "netIncome": "155677000"}, {"fiscalDateEnding": "2018-03-31", "reportedCurrency": "USD", "grossProfit": "309249000", "totalRevenue": "530670000", "costOfRevenue": "221421000", "costofGoodsAndServicesSold": "221421000", "operatingIncome": "144375000", "sellingGeneralAndAdministrative": "130407000", "researchAndDevelopment": "34480000", "operatingExpenses": "166546000", "investmentIncomeNet": "None", "netInterestIncome": "None", "interestIncome": "None", "interestExpense": "4172000", "nonInterestIncome": "None", "otherNonOperatingIncome": "10012000", "depreciation": "None", "depreciationAndAmortization": "28640000", "incomeBeforeTax": "140549000", "incomeTaxExpense": "28598000", "interestAndDebtExpense": "None", "netIncomeFromContinuingOperations": "111951000", "comprehensiveIncomeNetOfTax": "None", "ebit": "143049000", "ebitda": "171689000", "netIncome": "111951000"}, {"fiscalDateEnding": "2017-12-31", "reportedCurrency": "USD", "grossProfit": "416822000", "totalRevenue": "687275000", "costOfRevenue": "270453000", "costofGoodsAndServicesSold": "270453000", "operatingIncome": "230170000", "sellingGeneralAndAdministrative": "148795000", "researchAndDevelopment": "35122000", "operatingExpenses": "185556000", "investmentIncomeNet": "None", "netInterestIncome": "None", "interestIncome": "None", "interestExpense": "4432000", "nonInterestIncome": "None", "otherNonOperatingIncome": "10849000", "depreciation": "None", "depreciationAndAmortization": "27753000", "incomeBeforeTax": "225738000", "incomeTaxExpense": "578910000", "interestAndDebtExpense": "None", "netIncomeFromContinuingOperations": "-353172000", "comprehensiveIncomeNetOfTax": "None", "ebit": "231266000", "ebitda": "259019000", "netIncome": "-353172000"}, {"fiscalDateEnding": "2017-09-30", "reportedCurrency": "USD", "grossProfit": "329692000", "totalRevenue": "565584000", "costOfRevenue": "235892000", "costofGoodsAndServicesSold": "235892000", "operatingIncome": "159034000", "sellingGeneralAndAdministrative": "135194000", "researchAndDevelopment": "33782000", "operatingExpenses": "170658000", "investmentIncomeNet": "None", "netInterestIncome": "None", "interestIncome": "None", "interestExpense": "5234000", "nonInterestIncome": "None", "otherNonOperatingIncome": "9516000", "depreciation": "None", "depreciationAndAmortization": "25844000", "incomeBeforeTax": "153800000", "incomeTaxExpense": "17696000", "interestAndDebtExpense": "None", "netIncomeFromContinuingOperations": "136104000", "comprehensiveIncomeNetOfTax": "None", "ebit": "159034000", "ebitda": "184878000", "netIncome": "136104000"}, {"fiscalDateEnding": "2017-06-30", "reportedCurrency": "USD", "grossProfit": "328623000", "totalRevenue": "558250000", "costOfRevenue": "229627000", "costofGoodsAndServicesSold": "229627000", "operatingIncome": "153785000", "sellingGeneralAndAdministrative": "2090000", "researchAndDevelopment": "32937000", "operatingExpenses": "164820000", "investmentIncomeNet": "None", "netInterestIncome": "None", "interestIncome": "None", "interestExpense": "5713000", "nonInterestIncome": "None", "otherNonOperatingIncome": "8370000", "depreciation": "None", "depreciationAndAmortization": "1693000", "incomeBeforeTax": "148072000", "incomeTaxExpense": "16250000", "interestAndDebtExpense": "None", "netIncomeFromContinuingOperations": "131822000", "comprehensiveIncomeNetOfTax": "None", "ebit": "163803000", "ebitda": "165496000", "netIncome": "131822000"}, {"fiscalDateEnding": "2017-03-31", "reportedCurrency": "USD", "grossProfit": "286874000", "totalRevenue": "497969000", "costOfRevenue": "211095000", "costofGoodsAndServicesSold": "211095000", "operatingIncome": "118869000", "sellingGeneralAndAdministrative": "8824000", "researchAndDevelopment": "30752000", "operatingExpenses": "163005000", "investmentIncomeNet": "None", "netInterestIncome": "None", "interestIncome": "None", "interestExpense": "5382000", "nonInterestIncome": "None", "otherNonOperatingIncome": "7343000", "depreciation": "None", "depreciationAndAmortization": "1729000", "incomeBeforeTax": "113487000", "incomeTaxExpense": "7930000", "interestAndDebtExpense": "None", "netIncomeFromContinuingOperations": "105557000", "comprehensiveIncomeNetOfTax": "None", "ebit": "123869000", "ebitda": "125598000", "netIncome": "105557000"}, {"fiscalDateEnding": "2016-12-31", "reportedCurrency": "USD", "grossProfit": "377208000", "totalRevenue": "628787000", "costOfRevenue": "251579000", "costofGoodsAndServicesSold": "251579000", "operatingIncome": "208335000", "sellingGeneralAndAdministrative": "130238000", "researchAndDevelopment": "32753000", "operatingExpenses": "165349000", "investmentIncomeNet": "None", "netInterestIncome": "None", "interestIncome": "None", "interestExpense": "5756000", "nonInterestIncome": "None", "otherNonOperatingIncome": "6346000", "depreciation": "None", "depreciationAndAmortization": "2358000", "incomeBeforeTax": "202579000", "incomeTaxExpense": "28201000", "interestAndDebtExpense": "None", "netIncomeFromContinuingOperations": "174378000", "comprehensiveIncomeNetOfTax": "None", "ebit": "211859000", "ebitda": "214217000", "netIncome": "174378000"}, {"fiscalDateEnding": "2016-09-30", "reportedCurrency": "USD", "grossProfit": "308486000", "totalRevenue": "526830000", "costOfRevenue": "218344000", "costofGoodsAndServicesSold": "218344000", "operatingIncome": "151731000", "sellingGeneralAndAdministrative": "39000", "researchAndDevelopment": "30418000", "operatingExpenses": "156755000", "investmentIncomeNet": "None", "netInterestIncome": "None", "interestIncome": "None", "interestExpense": "6281000", "nonInterestIncome": "None", "otherNonOperatingIncome": "5426000", "depreciation": "None", "depreciationAndAmortization": "2476000", "incomeBeforeTax": "145450000", "incomeTaxExpense": "20594000", "interestAndDebtExpense": "None", "netIncomeFromContinuingOperations": "124856000", "comprehensiveIncomeNetOfTax": "None", "ebit": "151731000", "ebitda": "154207000", "netIncome": "124856000"}, {"fiscalDateEnding": "2016-06-30", "reportedCurrency": "USD", "grossProfit": "316181000", "totalRevenue": "536560000", "costOfRevenue": "220379000", "costofGoodsAndServicesSold": "220379000", "operatingIncome": "151611000", "sellingGeneralAndAdministrative": "19000", "researchAndDevelopment": "32578000", "operatingExpenses": "164570000", "investmentIncomeNet": "None", "netInterestIncome": "None", "interestIncome": "None", "interestExpense": "6156000", "nonInterestIncome": "None", "otherNonOperatingIncome": "4827000", "depreciation": "None", "depreciationAndAmortization": "2411000", "incomeBeforeTax": "145455000", "incomeTaxExpense": "17238000", "interestAndDebtExpense": "None", "netIncomeFromContinuingOperations": "128217000", "comprehensiveIncomeNetOfTax": "None", "ebit": "151611000", "ebitda": "154022000", "netIncome": "128217000"}, {"fiscalDateEnding": "2016-03-31", "reportedCurrency": "USD", "grossProfit": "274095000", "totalRevenue": "475246000", "costOfRevenue": "201151000", "costofGoodsAndServicesSold": "201151000", "operatingIncome": "112662000", "sellingGeneralAndAdministrative": "49000", "researchAndDevelopment": "29438000", "operatingExpenses": "161433000", "investmentIncomeNet": "None", "netInterestIncome": "None", "interestIncome": "None", "interestExpense": "6032000", "nonInterestIncome": "None", "otherNonOperatingIncome": "4087000", "depreciation": "None", "depreciationAndAmortization": "2644000", "incomeBeforeTax": "106630000", "incomeTaxExpense": "12578000", "interestAndDebtExpense": "None", "netIncomeFromContinuingOperations": "94052000", "comprehensiveIncomeNetOfTax": "None", "ebit": "112662000", "ebitda": "115306000", "netIncome": "94052000"}, {"fiscalDateEnding": "2015-12-31", "reportedCurrency": "USD", "grossProfit": "348695000", "totalRevenue": "586610000", "costOfRevenue": "237915000", "costofGoodsAndServicesSold": "237915000", "operatingIncome": "181308000", "sellingGeneralAndAdministrative": "128681000", "researchAndDevelopment": "28336000", "operatingExpenses": "159593000", "investmentIncomeNet": "None", "netInterestIncome": "None", "interestIncome": "None", "interestExpense": "6070000", "nonInterestIncome": "None", "otherNonOperatingIncome": "3135000", "depreciation": "None", "depreciationAndAmortization": "2576000", "incomeBeforeTax": "175238000", "incomeTaxExpense": "24184000", "interestAndDebtExpense": "None", "netIncomeFromContinuingOperations": "151054000", "comprehensiveIncomeNetOfTax": "None", "ebit": "189102000", "ebitda": "191678000", "netIncome": "151054000"}, {"fiscalDateEnding": "2015-09-30", "reportedCurrency": "USD", "grossProfit": "293774000", "totalRevenue": "500578000", "costOfRevenue": "206804000", "costofGoodsAndServicesSold": "206804000", "operatingIncome": "135843000", "sellingGeneralAndAdministrative": "45000", "researchAndDevelopment": "30703000", "operatingExpenses": "157931000", "investmentIncomeNet": "None", "netInterestIncome": "None", "interestIncome": "None", "interestExpense": "6281000", "nonInterestIncome": "None", "otherNonOperatingIncome": "2736000", "depreciation": "None", "depreciationAndAmortization": "2573000", "incomeBeforeTax": "129562000", "incomeTaxExpense": "13281000", "interestAndDebtExpense": "None", "netIncomeFromContinuingOperations": "116281000", "comprehensiveIncomeNetOfTax": "None", "ebit": "135843000", "ebitda": "138416000", "netIncome": "116281000"}, {"fiscalDateEnding": "2015-06-30", "reportedCurrency": "USD", "grossProfit": "286033000", "totalRevenue": "494740000", "costOfRevenue": "208707000", "costofGoodsAndServicesSold": "208707000", "operatingIncome": "130318000", "sellingGeneralAndAdministrative": "40000", "researchAndDevelopment": "30555000", "operatingExpenses": "155715000", "investmentIncomeNet": "None", "netInterestIncome": "None", "interestIncome": "None", "interestExpense": "6546000", "nonInterestIncome": "None", "otherNonOperatingIncome": "2500000", "depreciation": "None", "depreciationAndAmortization": "2500000", "incomeBeforeTax": "123772000", "incomeTaxExpense": "18115000", "interestAndDebtExpense": "None", "netIncomeFromContinuingOperations": "105657000", "comprehensiveIncomeNetOfTax": "None", "ebit": "130318000", "ebitda": "132818000", "netIncome": "105657000"}, {"fiscalDateEnding": "2015-03-31", "reportedCurrency": "USD", "grossProfit": "271158000", "totalRevenue": "460404000", "costOfRevenue": "189246000", "costofGoodsAndServicesSold": "189246000", "operatingIncome": "119982000", "sellingGeneralAndAdministrative": "49000", "researchAndDevelopment": "28951000", "operatingExpenses": "151176000", "investmentIncomeNet": "None", "netInterestIncome": "None", "interestIncome": "None", "interestExpense": "6635000", "nonInterestIncome": "None", "otherNonOperatingIncome": "2340000", "depreciation": "None", "depreciationAndAmortization": "2474000", "incomeBeforeTax": "113347000", "incomeTaxExpense": "17286000", "interestAndDebtExpense": "None", "netIncomeFromContinuingOperations": "96061000", "comprehensiveIncomeNetOfTax": "None", "ebit": "119982000", "ebitda": "122456000", "netIncome": "96061000"}, {"fiscalDateEnding": "2014-12-31", "reportedCurrency": "USD", "grossProfit": "350751000", "totalRevenue": "583870000", "costOfRevenue": "233119000", "costofGoodsAndServicesSold": "233119000", "operatingIncome": "172039000", "sellingGeneralAndAdministrative": "131916000", "researchAndDevelopment": "28724000", "operatingExpenses": "163256000", "investmentIncomeNet": "None", "netInterestIncome": "None", "interestIncome": "None", "interestExpense": "7566000", "nonInterestIncome": "None", "otherNonOperatingIncome": "2103000", "depreciation": "None", "depreciationAndAmortization": "2616000", "incomeBeforeTax": "164473000", "incomeTaxExpense": "13181000", "interestAndDebtExpense": "None", "netIncomeFromContinuingOperations": "151292000", "comprehensiveIncomeNetOfTax": "None", "ebit": "187495000", "ebitda": "190111000", "netIncome": "151292000"}, {"fiscalDateEnding": "2014-09-30", "reportedCurrency": "USD", "grossProfit": "290943000", "totalRevenue": "493165000", "costOfRevenue": "202222000", "costofGoodsAndServicesSold": "202222000", "operatingIncome": "138713000", "sellingGeneralAndAdministrative": "10026000", "researchAndDevelopment": "27279000", "operatingExpenses": "152230000", "investmentIncomeNet": "None", "netInterestIncome": "None", "interestIncome": "None", "interestExpense": "7300000", "nonInterestIncome": "None", "otherNonOperatingIncome": "1762000", "depreciation": "None", "depreciationAndAmortization": "2725000", "incomeBeforeTax": "131413000", "incomeTaxExpense": "17916000", "interestAndDebtExpense": "None", "netIncomeFromContinuingOperations": "113497000", "comprehensiveIncomeNetOfTax": "None", "ebit": "138713000", "ebitda": "141438000", "netIncome": "113497000"}, {"fiscalDateEnding": "2014-06-30", "reportedCurrency": "USD", "grossProfit": "279948000", "totalRevenue": "481801000", "costOfRevenue": "201853000", "costofGoodsAndServicesSold": "201853000", "operatingIncome": "118395000", "sellingGeneralAndAdministrative": "10030000", "researchAndDevelopment": "26977000", "operatingExpenses": "161553000", "investmentIncomeNet": "None", "netInterestIncome": "None", "interestIncome": "None", "interestExpense": "6271000", "nonInterestIncome": "None", "otherNonOperatingIncome": "1700000", "depreciation": "None", "depreciationAndAmortization": "2646000", "incomeBeforeTax": "112124000", "incomeTaxExpense": "15595000", "interestAndDebtExpense": "None", "netIncomeFromContinuingOperations": "96529000", "comprehensiveIncomeNetOfTax": "None", "ebit": "118395000", "ebitda": "121041000", "netIncome": "96529000"}, {"fiscalDateEnding": "2014-03-31", "reportedCurrency": "USD", "grossProfit": "242789000", "totalRevenue": "430508000", "costOfRevenue": "187719000", "costofGoodsAndServicesSold": "187719000", "operatingIncome": "88761000", "sellingGeneralAndAdministrative": "6035000", "researchAndDevelopment": "24746000", "operatingExpenses": "154028000", "investmentIncomeNet": "None", "netInterestIncome": "None", "interestIncome": "None", "interestExpense": "6031000", "nonInterestIncome": "None", "otherNonOperatingIncome": "1458000", "depreciation": "None", "depreciationAndAmortization": "2647000", "incomeBeforeTax": "82730000", "incomeTaxExpense": "12428000", "interestAndDebtExpense": "None", "netIncomeFromContinuingOperations": "70302000", "comprehensiveIncomeNetOfTax": "None", "ebit": "88761000", "ebitda": "91408000", "netIncome": "70302000"}, {"fiscalDateEnding": "2013-12-31", "reportedCurrency": "USD", "grossProfit": "336457000", "totalRevenue": "565448000", "costOfRevenue": "228991000", "costofGoodsAndServicesSold": "228991000", "operatingIncome": "176177000", "sellingGeneralAndAdministrative": "130680000", "researchAndDevelopment": "26975000", "operatingExpenses": "160280000", "investmentIncomeNet": "None", "netInterestIncome": "None", "interestIncome": "None", "interestExpense": "6852000", "nonInterestIncome": "None", "otherNonOperatingIncome": "None", "depreciation": "None", "depreciationAndAmortization": "2625000", "incomeBeforeTax": "169325000", "incomeTaxExpense": "27743000", "interestAndDebtExpense": "None", "netIncomeFromContinuingOperations": "0", "comprehensiveIncomeNetOfTax": "None", "ebit": "176177000", "ebitda": "178802000", "netIncome": "141582000"}, {"fiscalDateEnding": "2013-09-30", "reportedCurrency": "USD", "grossProfit": "265749000", "totalRevenue": "457317000", "costOfRevenue": "191568000", "costofGoodsAndServicesSold": "191568000", "operatingIncome": "119069000", "sellingGeneralAndAdministrative": "37000", "researchAndDevelopment": "23599000", "operatingExpenses": "146680000", "investmentIncomeNet": "None", "netInterestIncome": "None", "interestIncome": "None", "interestExpense": "6412000", "nonInterestIncome": "None", "otherNonOperatingIncome": "946000", "depreciation": "None", "depreciationAndAmortization": "2518000", "incomeBeforeTax": "112657000", "incomeTaxExpense": "14609000", "interestAndDebtExpense": "None", "netIncomeFromContinuingOperations": "98048000", "comprehensiveIncomeNetOfTax": "None", "ebit": "119069000", "ebitda": "121587000", "netIncome": "98048000"}, {"fiscalDateEnding": "2013-06-30", "reportedCurrency": "USD", "grossProfit": "262786000", "totalRevenue": "451115000", "costOfRevenue": "188329000", "costofGoodsAndServicesSold": "188329000", "operatingIncome": "112692000", "sellingGeneralAndAdministrative": "38000", "researchAndDevelopment": "24650000", "operatingExpenses": "150094000", "investmentIncomeNet": "None", "netInterestIncome": "None", "interestIncome": "None", "interestExpense": "6401000", "nonInterestIncome": "None", "otherNonOperatingIncome": "-396000", "depreciation": "None", "depreciationAndAmortization": "2382000", "incomeBeforeTax": "104716000", "incomeTaxExpense": "15402000", "interestAndDebtExpense": "None", "netIncomeFromContinuingOperations": "89314000", "comprehensiveIncomeNetOfTax": "None", "ebit": "111117000", "ebitda": "113499000", "netIncome": "89314000"}, {"fiscalDateEnding": "2013-03-31", "reportedCurrency": "USD", "grossProfit": "255770000", "totalRevenue": "430338000", "costOfRevenue": "174568000", "costofGoodsAndServicesSold": "174568000", "operatingIncome": "109405000", "sellingGeneralAndAdministrative": "40000", "researchAndDevelopment": "25312000", "operatingExpenses": "146365000", "investmentIncomeNet": "None", "netInterestIncome": "None", "interestIncome": "None", "interestExpense": "5998000", "nonInterestIncome": "None", "otherNonOperatingIncome": "1187000", "depreciation": "None", "depreciationAndAmortization": "2393000", "incomeBeforeTax": "103407000", "incomeTaxExpense": "-17652000", "interestAndDebtExpense": "None", "netIncomeFromContinuingOperations": "121059000", "comprehensiveIncomeNetOfTax": "None", "ebit": "109405000", "ebitda": "111798000", "netIncome": "121059000"}, {"fiscalDateEnding": "2012-12-31", "reportedCurrency": "USD", "grossProfit": "313403000", "totalRevenue": "521766000", "costOfRevenue": "208363000", "costofGoodsAndServicesSold": "208363000", "operatingIncome": "159405000", "sellingGeneralAndAdministrative": "119147000", "researchAndDevelopment": "24958000", "operatingExpenses": "149564000", "investmentIncomeNet": "None", "netInterestIncome": "None", "interestIncome": "None", "interestExpense": "6373000", "nonInterestIncome": "None", "otherNonOperatingIncome": "2471000", "depreciation": "None", "depreciationAndAmortization": "2459000", "incomeBeforeTax": "153032000", "incomeTaxExpense": "-22912000", "interestAndDebtExpense": "None", "netIncomeFromContinuingOperations": "153022000", "comprehensiveIncomeNetOfTax": "None", "ebit": "163839000", "ebitda": "166298000", "netIncome": "175944000"}, {"fiscalDateEnding": "2012-09-30", "reportedCurrency": "USD", "grossProfit": "267250000", "totalRevenue": "449952000", "costOfRevenue": "182702000", "costofGoodsAndServicesSold": "182702000", "operatingIncome": "121745000", "sellingGeneralAndAdministrative": "1722000", "researchAndDevelopment": "23756000", "operatingExpenses": "145505000", "investmentIncomeNet": "None", "netInterestIncome": "None", "interestIncome": "None", "interestExpense": "5923000", "nonInterestIncome": "None", "otherNonOperatingIncome": "1184000", "depreciation": "None", "depreciationAndAmortization": "6427000", "incomeBeforeTax": "115822000", "incomeTaxExpense": "16713000", "interestAndDebtExpense": "None", "netIncomeFromContinuingOperations": "99109000", "comprehensiveIncomeNetOfTax": "None", "ebit": "121745000", "ebitda": "128172000", "netIncome": "99109000"}, {"fiscalDateEnding": "2012-06-30", "reportedCurrency": "USD", "grossProfit": "272206000", "totalRevenue": "451465000", "costOfRevenue": "179259000", "costofGoodsAndServicesSold": "179259000", "operatingIncome": "120123000", "sellingGeneralAndAdministrative": "125682000", "researchAndDevelopment": "23943000", "operatingExpenses": "152083000", "investmentIncomeNet": "None", "netInterestIncome": "None", "interestIncome": "None", "interestExpense": "5847000", "nonInterestIncome": "None", "otherNonOperatingIncome": "1031000", "depreciation": "None", "depreciationAndAmortization": "2458000", "incomeBeforeTax": "114276000", "incomeTaxExpense": "16552000", "interestAndDebtExpense": "None", "netIncomeFromContinuingOperations": "97724000", "comprehensiveIncomeNetOfTax": "None", "ebit": "120123000", "ebitda": "122581000", "netIncome": "97724000"}, {"fiscalDateEnding": "2012-03-31", "reportedCurrency": "USD", "grossProfit": "253168000", "totalRevenue": "420458000", "costOfRevenue": "167290000", "costofGoodsAndServicesSold": "167290000", "operatingIncome": "110217000", "sellingGeneralAndAdministrative": "117119000", "researchAndDevelopment": "23347000", "operatingExpenses": "142951000", "investmentIncomeNet": "None", "netInterestIncome": "None", "interestIncome": "None", "interestExpense": "5722000", "nonInterestIncome": "None", "otherNonOperatingIncome": "None", "depreciation": "None", "depreciationAndAmortization": "2485000", "incomeBeforeTax": "104495000", "incomeTaxExpense": "15829000", "interestAndDebtExpense": "None", "netIncomeFromContinuingOperations": "0", "comprehensiveIncomeNetOfTax": "None", "ebit": "110217000", "ebitda": "112702000", "netIncome": "88666000"}, {"fiscalDateEnding": "2011-12-31", "reportedCurrency": "USD", "grossProfit": "317177000", "totalRevenue": "521420000", "costOfRevenue": "204243000", "costofGoodsAndServicesSold": "204243000", "operatingIncome": "164874000", "sellingGeneralAndAdministrative": "126237000", "researchAndDevelopment": "23707000", "operatingExpenses": "152303000", "investmentIncomeNet": "None", "netInterestIncome": "None", "interestIncome": "None", "interestExpense": "6677000", "nonInterestIncome": "None", "otherNonOperatingIncome": "484000", "depreciation": "None", "depreciationAndAmortization": "16342000", "incomeBeforeTax": "158681000", "incomeTaxExpense": "21534000", "interestAndDebtExpense": "None", "netIncomeFromContinuingOperations": "137147000", "comprehensiveIncomeNetOfTax": "None", "ebit": "165358000", "ebitda": "181700000", "netIncome": "137147000"}, {"fiscalDateEnding": "2011-09-30", "reportedCurrency": "USD", "grossProfit": "274216000", "totalRevenue": "454534000", "costOfRevenue": "180318000", "costofGoodsAndServicesSold": "180318000", "operatingIncome": "127264000", "sellingGeneralAndAdministrative": "5711000", "researchAndDevelopment": "23372000", "operatingExpenses": "146952000", "investmentIncomeNet": "None", "netInterestIncome": "None", "interestIncome": "None", "interestExpense": "5546000", "nonInterestIncome": "None", "otherNonOperatingIncome": "613000", "depreciation": "None", "depreciationAndAmortization": "2369000", "incomeBeforeTax": "121718000", "incomeTaxExpense": "20461000", "interestAndDebtExpense": "None", "netIncomeFromContinuingOperations": "101257000", "comprehensiveIncomeNetOfTax": "None", "ebit": "127264000", "ebitda": "129633000", "netIncome": "101257000"}, {"fiscalDateEnding": "2011-06-30", "reportedCurrency": "USD", "grossProfit": "271524000", "totalRevenue": "447627000", "costOfRevenue": "176103000", "costofGoodsAndServicesSold": "176103000", "operatingIncome": "120567000", "sellingGeneralAndAdministrative": "1939000", "researchAndDevelopment": "23014000", "operatingExpenses": "150957000", "investmentIncomeNet": "None", "netInterestIncome": "None", "interestIncome": "None", "interestExpense": "5052000", "nonInterestIncome": "None", "otherNonOperatingIncome": "813000", "depreciation": "None", "depreciationAndAmortization": "2504000", "incomeBeforeTax": "116328000", "incomeTaxExpense": "16253000", "interestAndDebtExpense": "None", "netIncomeFromContinuingOperations": "100075000", "comprehensiveIncomeNetOfTax": "None", "ebit": "120567000", "ebitda": "123071000", "netIncome": "100075000"}, {"fiscalDateEnding": "2011-03-31", "reportedCurrency": "USD", "grossProfit": "257774000", "totalRevenue": "427603000", "costOfRevenue": "169829000", "costofGoodsAndServicesSold": "169829000", "operatingIncome": "115895000", "sellingGeneralAndAdministrative": "1024000", "researchAndDevelopment": "22254000", "operatingExpenses": "141879000", "investmentIncomeNet": "None", "netInterestIncome": "None", "interestIncome": "None", "interestExpense": "4083000", "nonInterestIncome": "None", "otherNonOperatingIncome": "713000", "depreciation": "None", "depreciationAndAmortization": "2501000", "incomeBeforeTax": "112525000", "incomeTaxExpense": "18036000", "interestAndDebtExpense": "None", "netIncomeFromContinuingOperations": "94489000", "comprehensiveIncomeNetOfTax": "None", "ebit": "115895000", "ebitda": "118396000", "netIncome": "94489000"}, {"fiscalDateEnding": "2010-12-31", "reportedCurrency": "USD", "grossProfit": "294325000", "totalRevenue": "483578000", "costOfRevenue": "189253000", "costofGoodsAndServicesSold": "189253000", "operatingIncome": "148176000", "sellingGeneralAndAdministrative": "120518000", "researchAndDevelopment": "22867000", "operatingExpenses": "146149000", "investmentIncomeNet": "None", "netInterestIncome": "None", "interestIncome": "None", "interestExpense": "3879000", "nonInterestIncome": "None", "otherNonOperatingIncome": "562000", "depreciation": "None", "depreciationAndAmortization": "17040000", "incomeBeforeTax": "144859000", "incomeTaxExpense": "18255000", "interestAndDebtExpense": "None", "netIncomeFromContinuingOperations": "126604000", "comprehensiveIncomeNetOfTax": "None", "ebit": "148738000", "ebitda": "165778000", "netIncome": "126604000"}, {"fiscalDateEnding": "2010-09-30", "reportedCurrency": "USD", "grossProfit": "238053000", "totalRevenue": "401038000", "costOfRevenue": "162985000", "costofGoodsAndServicesSold": "162985000", "operatingIncome": "103815000", "sellingGeneralAndAdministrative": "4006000", "researchAndDevelopment": "20524000", "operatingExpenses": "134238000", "investmentIncomeNet": "None", "netInterestIncome": "None", "interestIncome": "None", "interestExpense": "3810000", "nonInterestIncome": "None", "otherNonOperatingIncome": "516000", "depreciation": "None", "depreciationAndAmortization": "2408000", "incomeBeforeTax": "100521000", "incomeTaxExpense": "5802000", "interestAndDebtExpense": "None", "netIncomeFromContinuingOperations": "94719000", "comprehensiveIncomeNetOfTax": "None", "ebit": "103815000", "ebitda": "106223000", "netIncome": "94719000"}, {"fiscalDateEnding": "2010-06-30", "reportedCurrency": "USD", "grossProfit": "235922000", "totalRevenue": "391055000", "costOfRevenue": "155133000", "costofGoodsAndServicesSold": "155133000", "operatingIncome": "105584000", "sellingGeneralAndAdministrative": "2039000", "researchAndDevelopment": "20807000", "operatingExpenses": "130338000", "investmentIncomeNet": "None", "netInterestIncome": "None", "interestIncome": "None", "interestExpense": "3621000", "nonInterestIncome": "None", "otherNonOperatingIncome": "448000", "depreciation": "None", "depreciationAndAmortization": "2592000", "incomeBeforeTax": "102411000", "incomeTaxExpense": "17489000", "interestAndDebtExpense": "None", "netIncomeFromContinuingOperations": "84922000", "comprehensiveIncomeNetOfTax": "None", "ebit": "105584000", "ebitda": "108176000", "netIncome": "84922000"}, {"fiscalDateEnding": "2010-03-31", "reportedCurrency": "USD", "grossProfit": "221768000", "totalRevenue": "367700000", "costOfRevenue": "145932000", "costofGoodsAndServicesSold": "145932000", "operatingIncome": "92357000", "sellingGeneralAndAdministrative": "7000", "researchAndDevelopment": "20076000", "operatingExpenses": "129411000", "investmentIncomeNet": "None", "netInterestIncome": "None", "interestIncome": "None", "interestExpense": "2285000", "nonInterestIncome": "None", "otherNonOperatingIncome": "329000", "depreciation": "None", "depreciationAndAmortization": "2642000", "incomeBeforeTax": "90072000", "incomeTaxExpense": "14554000", "interestAndDebtExpense": "None", "netIncomeFromContinuingOperations": "75518000", "comprehensiveIncomeNetOfTax": "None", "ebit": "92357000", "ebitda": "94999000", "netIncome": "75518000"}, {"fiscalDateEnding": "2009-12-31", "reportedCurrency": "USD", "grossProfit": "258717000", "totalRevenue": "428848000", "costOfRevenue": "170131000", "costofGoodsAndServicesSold": "170131000", "operatingIncome": "126304000", "sellingGeneralAndAdministrative": "109986000", "researchAndDevelopment": "19790000", "operatingExpenses": "132413000", "investmentIncomeNet": "None", "netInterestIncome": "None", "interestIncome": "None", "interestExpense": "2343000", "nonInterestIncome": "None", "otherNonOperatingIncome": "None", "depreciation": "None", "depreciationAndAmortization": "14700000", "incomeBeforeTax": "124709000", "incomeTaxExpense": "20586000", "interestAndDebtExpense": "None", "netIncomeFromContinuingOperations": "0", "comprehensiveIncomeNetOfTax": "None", "ebit": "127052000", "ebitda": "141752000", "netIncome": "104123000"}, {"fiscalDateEnding": "2009-09-30", "reportedCurrency": "USD", "grossProfit": "220820000", "totalRevenue": "373963000", "costOfRevenue": "153143000", "costofGoodsAndServicesSold": "153143000", "operatingIncome": "96112000", "sellingGeneralAndAdministrative": "25000", "researchAndDevelopment": "19310000", "operatingExpenses": "124708000", "investmentIncomeNet": "None", "netInterestIncome": "None", "interestIncome": "None", "interestExpense": "2079000", "nonInterestIncome": "None", "otherNonOperatingIncome": "785000", "depreciation": "None", "depreciationAndAmortization": "2723000", "incomeBeforeTax": "94033000", "incomeTaxExpense": "18097000", "interestAndDebtExpense": "None", "netIncomeFromContinuingOperations": "75936000", "comprehensiveIncomeNetOfTax": "None", "ebit": "96112000", "ebitda": "98835000", "netIncome": "75936000"}, {"fiscalDateEnding": "2009-06-30", "reportedCurrency": "USD", "grossProfit": "218683000", "totalRevenue": "362837000", "costOfRevenue": "144154000", "costofGoodsAndServicesSold": "144154000", "operatingIncome": "86695000", "sellingGeneralAndAdministrative": "5883000", "researchAndDevelopment": "19722000", "operatingExpenses": "131988000", "investmentIncomeNet": "None", "netInterestIncome": "None", "interestIncome": "None", "interestExpense": "2054000", "nonInterestIncome": "None", "otherNonOperatingIncome": "595000", "depreciation": "None", "depreciationAndAmortization": "2683000", "incomeBeforeTax": "84641000", "incomeTaxExpense": "14734000", "interestAndDebtExpense": "None", "netIncomeFromContinuingOperations": "69907000", "comprehensiveIncomeNetOfTax": "None", "ebit": "86695000", "ebitda": "89378000", "netIncome": "69907000"}, {"fiscalDateEnding": "2009-03-31", "reportedCurrency": "USD", "grossProfit": "205598000", "totalRevenue": "333052000", "costOfRevenue": "127454000", "costofGoodsAndServicesSold": "127454000", "operatingIncome": "85491000", "sellingGeneralAndAdministrative": "41000", "researchAndDevelopment": "18332000", "operatingExpenses": "120107000", "investmentIncomeNet": "None", "netInterestIncome": "None", "interestIncome": "None", "interestExpense": "3130000", "nonInterestIncome": "None", "otherNonOperatingIncome": "None", "depreciation": "None", "depreciationAndAmortization": "14411000", "incomeBeforeTax": "83269000", "incomeTaxExpense": "9922000", "interestAndDebtExpense": "None", "netIncomeFromContinuingOperations": "0", "comprehensiveIncomeNetOfTax": "None", "ebit": "86399000", "ebitda": "100810000", "netIncome": "73347000"}, {"fiscalDateEnding": "2008-12-31", "reportedCurrency": "USD", "grossProfit": "246268000", "totalRevenue": "418331000", "costOfRevenue": "172063000", "costofGoodsAndServicesSold": "172063000", "operatingIncome": "116332000", "sellingGeneralAndAdministrative": "101464000", "researchAndDevelopment": "19628000", "operatingExpenses": "129936000", "investmentIncomeNet": "None", "netInterestIncome": "None", "interestIncome": "None", "interestExpense": "3921000", "nonInterestIncome": "None", "otherNonOperatingIncome": "None", "depreciation": "None", "depreciationAndAmortization": "12806000", "incomeBeforeTax": "112411000", "incomeTaxExpense": "13058000", "interestAndDebtExpense": "None", "netIncomeFromContinuingOperations": "0", "comprehensiveIncomeNetOfTax": "None", "ebit": "116332000", "ebitda": "129138000", "netIncome": "99353000"}, {"fiscalDateEnding": "2008-09-30", "reportedCurrency": "USD", "grossProfit": "227790000", "totalRevenue": "386310000", "costOfRevenue": "158520000", "costofGoodsAndServicesSold": "158520000", "operatingIncome": "98032000", "sellingGeneralAndAdministrative": "37000", "researchAndDevelopment": "19946000", "operatingExpenses": "129758000", "investmentIncomeNet": "None", "netInterestIncome": "None", "interestIncome": "None", "interestExpense": "4542000", "nonInterestIncome": "None", "otherNonOperatingIncome": "None", "depreciation": "None", "depreciationAndAmortization": "13678000", "incomeBeforeTax": "93490000", "incomeTaxExpense": "21987000", "interestAndDebtExpense": "None", "netIncomeFromContinuingOperations": "0", "comprehensiveIncomeNetOfTax": "None", "ebit": "98032000", "ebitda": "111710000", "netIncome": "71503000"}, {"fiscalDateEnding": "2008-06-30", "reportedCurrency": "USD", "grossProfit": "223539000", "totalRevenue": "398771000", "costOfRevenue": "175232000", "costofGoodsAndServicesSold": "175232000", "operatingIncome": "87024000", "sellingGeneralAndAdministrative": "35000", "researchAndDevelopment": "22228000", "operatingExpenses": "136515000", "investmentIncomeNet": "None", "netInterestIncome": "None", "interestIncome": "None", "interestExpense": "4855000", "nonInterestIncome": "None", "otherNonOperatingIncome": "None", "depreciation": "None", "depreciationAndAmortization": "25040000", "incomeBeforeTax": "82169000", "incomeTaxExpense": "-979000", "interestAndDebtExpense": "None", "netIncomeFromContinuingOperations": "0", "comprehensiveIncomeNetOfTax": "None", "ebit": "87024000", "ebitda": "112064000", "netIncome": "83148000"}, {"fiscalDateEnding": "2008-03-31", "reportedCurrency": "USD", "grossProfit": "216261000", "totalRevenue": "371712000", "costOfRevenue": "155451000", "costofGoodsAndServicesSold": "155451000", "operatingIncome": "88366000", "sellingGeneralAndAdministrative": "37000", "researchAndDevelopment": "19786000", "operatingExpenses": "127895000", "investmentIncomeNet": "None", "netInterestIncome": "None", "interestIncome": "None", "interestExpense": "4244000", "nonInterestIncome": "None", "otherNonOperatingIncome": "None", "depreciation": "None", "depreciationAndAmortization": "13747000", "incomeBeforeTax": "84122000", "incomeTaxExpense": "15647000", "interestAndDebtExpense": "None", "netIncomeFromContinuingOperations": "0", "comprehensiveIncomeNetOfTax": "None", "ebit": "88366000", "ebitda": "102113000", "netIncome": "68475000"}, {"fiscalDateEnding": "2007-12-31", "reportedCurrency": "USD", "grossProfit": "255011000", "totalRevenue": "437003000", "costOfRevenue": "181992000", "costofGoodsAndServicesSold": "181992000", "operatingIncome": "129916000", "sellingGeneralAndAdministrative": "101996000", "researchAndDevelopment": "20838000", "operatingExpenses": "125095000", "investmentIncomeNet": "None", "netInterestIncome": "None", "interestIncome": "None", "interestExpense": "5734000", "nonInterestIncome": "None", "otherNonOperatingIncome": "None", "depreciation": "None", "depreciationAndAmortization": "13632000", "incomeBeforeTax": "124182000", "incomeTaxExpense": "25239000", "interestAndDebtExpense": "None", "netIncomeFromContinuingOperations": "0", "comprehensiveIncomeNetOfTax": "None", "ebit": "129916000", "ebitda": "143548000", "netIncome": "98943000"}, {"fiscalDateEnding": "2007-09-30", "reportedCurrency": "USD", "grossProfit": "198959000", "totalRevenue": "352638000", "costOfRevenue": "153679000", "costofGoodsAndServicesSold": "153679000", "operatingIncome": "69232000", "sellingGeneralAndAdministrative": "23000", "researchAndDevelopment": "21974000", "operatingExpenses": "129727000", "investmentIncomeNet": "None", "netInterestIncome": "None", "interestIncome": "None", "interestExpense": "6722000", "nonInterestIncome": "None", "otherNonOperatingIncome": "None", "depreciation": "None", "depreciationAndAmortization": "13684000", "incomeBeforeTax": "62510000", "incomeTaxExpense": "9227000", "interestAndDebtExpense": "None", "netIncomeFromContinuingOperations": "0", "comprehensiveIncomeNetOfTax": "None", "ebit": "69232000", "ebitda": "82916000", "netIncome": "53283000"}, {"fiscalDateEnding": "2007-06-30", "reportedCurrency": "USD", "grossProfit": "200411000", "totalRevenue": "352630000", "costOfRevenue": "152219000", "costofGoodsAndServicesSold": "152219000", "operatingIncome": "76940000", "sellingGeneralAndAdministrative": "102223000", "researchAndDevelopment": "19115000", "operatingExpenses": "123471000", "investmentIncomeNet": "None", "netInterestIncome": "None", "interestIncome": "None", "interestExpense": "6396000", "nonInterestIncome": "None", "otherNonOperatingIncome": "None", "depreciation": "None", "depreciationAndAmortization": "13096000", "incomeBeforeTax": "70544000", "incomeTaxExpense": "10635000", "interestAndDebtExpense": "None", "netIncomeFromContinuingOperations": "0", "comprehensiveIncomeNetOfTax": "None", "ebit": "76940000", "ebitda": "90036000", "netIncome": "59909000"}, {"fiscalDateEnding": "2007-03-31", "reportedCurrency": "USD", "grossProfit": "187545000", "totalRevenue": "330777000", "costOfRevenue": "143232000", "costofGoodsAndServicesSold": "143232000", "operatingIncome": "72791000", "sellingGeneralAndAdministrative": "93907000", "researchAndDevelopment": "18722000", "operatingExpenses": "114754000", "investmentIncomeNet": "None", "netInterestIncome": "None", "interestIncome": "None", "interestExpense": "6835000", "nonInterestIncome": "None", "otherNonOperatingIncome": "None", "depreciation": "None", "depreciationAndAmortization": "12905000", "incomeBeforeTax": "65956000", "incomeTaxExpense": "10019000", "interestAndDebtExpense": "None", "netIncomeFromContinuingOperations": "0", "comprehensiveIncomeNetOfTax": "None", "ebit": "72791000", "ebitda": "85696000", "netIncome": "55937000"}, {"fiscalDateEnding": "2006-12-31", "reportedCurrency": "USD", "grossProfit": "224544000", "totalRevenue": "386930000", "costOfRevenue": "162386000", "costofGoodsAndServicesSold": "162386000", "operatingIncome": "107040000", "sellingGeneralAndAdministrative": "95761000", "researchAndDevelopment": "19470000", "operatingExpenses": "116690000", "investmentIncomeNet": "None", "netInterestIncome": "None", "interestIncome": "None", "interestExpense": "13096000", "nonInterestIncome": "None", "otherNonOperatingIncome": "None", "depreciation": "None", "depreciationAndAmortization": "10811000", "incomeBeforeTax": "93944000", "incomeTaxExpense": "14055000", "interestAndDebtExpense": "None", "netIncomeFromContinuingOperations": "0", "comprehensiveIncomeNetOfTax": "None", "ebit": "114515000", "ebitda": "125326000", "netIncome": "79889000"}, {"fiscalDateEnding": "2006-09-30", "reportedCurrency": "USD", "grossProfit": "174015000", "totalRevenue": "301182000", "costOfRevenue": "127167000", "costofGoodsAndServicesSold": "127167000", "operatingIncome": "65733000", "sellingGeneralAndAdministrative": "87397000", "researchAndDevelopment": "19138000", "operatingExpenses": "107938000", "investmentIncomeNet": "None", "netInterestIncome": "None", "interestIncome": "None", "interestExpense": "6688000", "nonInterestIncome": "None", "otherNonOperatingIncome": "None", "depreciation": "None", "depreciationAndAmortization": "12776000", "incomeBeforeTax": "59045000", "incomeTaxExpense": "8669000", "interestAndDebtExpense": "None", "netIncomeFromContinuingOperations": "0", "comprehensiveIncomeNetOfTax": "None", "ebit": "66421000", "ebitda": "79197000", "netIncome": "50376000"}, {"fiscalDateEnding": "2006-06-30", "reportedCurrency": "USD", "grossProfit": "175895000", "totalRevenue": "301899000", "costOfRevenue": "126004000", "costofGoodsAndServicesSold": "126004000", "operatingIncome": "62915000", "sellingGeneralAndAdministrative": "32000", "researchAndDevelopment": "19655000", "operatingExpenses": "110006000", "investmentIncomeNet": "None", "netInterestIncome": "None", "interestIncome": "None", "interestExpense": "6272000", "nonInterestIncome": "None", "otherNonOperatingIncome": "None", "depreciation": "None", "depreciationAndAmortization": "11669000", "incomeBeforeTax": "56643000", "incomeTaxExpense": "8863000", "interestAndDebtExpense": "None", "netIncomeFromContinuingOperations": "0", "comprehensiveIncomeNetOfTax": "None", "ebit": "68863000", "ebitda": "80532000", "netIncome": "47780000"}, {"fiscalDateEnding": "2006-03-31", "reportedCurrency": "USD", "grossProfit": "169590000", "totalRevenue": "290218000", "costOfRevenue": "120628000", "costofGoodsAndServicesSold": "120628000", "operatingIncome": "59463000", "sellingGeneralAndAdministrative": "38000", "researchAndDevelopment": "19043000", "operatingExpenses": "105775000", "investmentIncomeNet": "None", "netInterestIncome": "None", "interestIncome": "None", "interestExpense": "6136000", "nonInterestIncome": "None", "otherNonOperatingIncome": "None", "depreciation": "None", "depreciationAndAmortization": "10903000", "incomeBeforeTax": "53327000", "incomeTaxExpense": "9172000", "interestAndDebtExpense": "None", "netIncomeFromContinuingOperations": "0", "comprehensiveIncomeNetOfTax": "None", "ebit": "68167000", "ebitda": "79070000", "netIncome": "44155000"}, {"fiscalDateEnding": "2005-12-31", "reportedCurrency": "USD", "grossProfit": "198290000", "totalRevenue": "332270000", "costOfRevenue": "133980000", "costofGoodsAndServicesSold": "133980000", "operatingIncome": "95668000", "sellingGeneralAndAdministrative": "81593000", "researchAndDevelopment": "16691000", "operatingExpenses": "102622000", "investmentIncomeNet": "None", "netInterestIncome": "None", "interestIncome": "None", "interestExpense": "6524000", "nonInterestIncome": "None", "otherNonOperatingIncome": "None", "depreciation": "None", "depreciationAndAmortization": "10557000", "incomeBeforeTax": "89144000", "incomeTaxExpense": "13546000", "interestAndDebtExpense": "None", "netIncomeFromContinuingOperations": "0", "comprehensiveIncomeNetOfTax": "None", "ebit": "95668000", "ebitda": "106225000", "netIncome": "75598000"}, {"fiscalDateEnding": "2005-09-30", "reportedCurrency": "USD", "grossProfit": "157523000", "totalRevenue": "273031000", "costOfRevenue": "115508000", "costofGoodsAndServicesSold": "115508000", "operatingIncome": "62655000", "sellingGeneralAndAdministrative": "45000", "researchAndDevelopment": "16982000", "operatingExpenses": "94868000", "investmentIncomeNet": "None", "netInterestIncome": "None", "interestIncome": "None", "interestExpense": "1969000", "nonInterestIncome": "None", "otherNonOperatingIncome": "None", "depreciation": "None", "depreciationAndAmortization": "10958000", "incomeBeforeTax": "60686000", "incomeTaxExpense": "34969000", "interestAndDebtExpense": "None", "netIncomeFromContinuingOperations": "0", "comprehensiveIncomeNetOfTax": "None", "ebit": "62655000", "ebitda": "73613000", "netIncome": "25717000"}, {"fiscalDateEnding": "2005-06-30", "reportedCurrency": "USD", "grossProfit": "167564000", "totalRevenue": "284630000", "costOfRevenue": "117066000", "costofGoodsAndServicesSold": "117066000", "operatingIncome": "66952000", "sellingGeneralAndAdministrative": "39000", "researchAndDevelopment": "16485000", "operatingExpenses": "100612000", "investmentIncomeNet": "None", "netInterestIncome": "None", "interestIncome": "None", "interestExpense": "463000", "nonInterestIncome": "None", "otherNonOperatingIncome": "None", "depreciation": "None", "depreciationAndAmortization": "11103000", "incomeBeforeTax": "66489000", "incomeTaxExpense": "12424000", "interestAndDebtExpense": "None", "netIncomeFromContinuingOperations": "0", "comprehensiveIncomeNetOfTax": "None", "ebit": "66952000", "ebitda": "78055000", "netIncome": "54065000"}, {"fiscalDateEnding": "2005-03-31", "reportedCurrency": "USD", "grossProfit": "156504000", "totalRevenue": "268305000", "costOfRevenue": "111801000", "costofGoodsAndServicesSold": "111801000", "operatingIncome": "57880000", "sellingGeneralAndAdministrative": "5000", "researchAndDevelopment": "16747000", "operatingExpenses": "98624000", "investmentIncomeNet": "None", "netInterestIncome": "None", "interestIncome": "None", "interestExpense": "364000", "nonInterestIncome": "None", "otherNonOperatingIncome": "None", "depreciation": "None", "depreciationAndAmortization": "11067000", "incomeBeforeTax": "58244000", "incomeTaxExpense": "11649000", "interestAndDebtExpense": "None", "netIncomeFromContinuingOperations": "0", "comprehensiveIncomeNetOfTax": "None", "ebit": "57880000", "ebitda": "68947000", "netIncome": "46595000"}, {"fiscalDateEnding": "2004-12-31", "reportedCurrency": "USD", "grossProfit": "194010000", "totalRevenue": "324154000", "costOfRevenue": "130144000", "costofGoodsAndServicesSold": "130144000", "operatingIncome": "91386000", "sellingGeneralAndAdministrative": "80916000", "researchAndDevelopment": "16475000", "operatingExpenses": "102624000", "investmentIncomeNet": "None", "netInterestIncome": "None", "interestIncome": "None", "interestExpense": "858000", "nonInterestIncome": "None", "otherNonOperatingIncome": "None", "depreciation": "None", "depreciationAndAmortization": "11881000", "incomeBeforeTax": "90528000", "incomeTaxExpense": "19011000", "interestAndDebtExpense": "None", "netIncomeFromContinuingOperations": "0", "comprehensiveIncomeNetOfTax": "None", "ebit": "96397000", "ebitda": "108278000", "netIncome": "71517000"}]}