{"symbol": "COR", "annualReports": [{"fiscalDateEnding": "2024-09-30", "reportedCurrency": "USD", "grossProfit": "9910029000", "totalRevenue": "293958599000", "costOfRevenue": "284048570000", "costofGoodsAndServicesSold": "284048570000", "operatingIncome": "2175249000", "sellingGeneralAndAdministrative": "5661106000", "researchAndDevelopment": "None", "operatingExpenses": "7734780000", "investmentIncomeNet": "None", "netInterestIncome": "-156991000", "interestIncome": "91691000", "interestExpense": "156991000", "nonInterestIncome": "None", "otherNonOperatingIncome": "None", "depreciation": "None", "depreciationAndAmortization": "1091974000", "incomeBeforeTax": "2003975000", "incomeTaxExpense": "484702000", "interestAndDebtExpense": "None", "netIncomeFromContinuingOperations": "1519273000", "comprehensiveIncomeNetOfTax": "None", "ebit": "2160966000", "ebitda": "3252940000", "netIncome": "1509120000"}, {"fiscalDateEnding": "2023-09-30", "reportedCurrency": "USD", "grossProfit": "8959493000", "totalRevenue": "262173411000", "costOfRevenue": "253213918000", "costofGoodsAndServicesSold": "253213918000", "operatingIncome": "2340731000", "sellingGeneralAndAdministrative": "5309984000", "researchAndDevelopment": "None", "operatingExpenses": "6273888000", "investmentIncomeNet": "None", "netInterestIncome": "-228931000", "interestIncome": "228931000", "interestExpense": "228931000", "nonInterestIncome": "None", "otherNonOperatingIncome": "None", "depreciation": "None", "depreciationAndAmortization": "972393000", "incomeBeforeTax": "2160836000", "incomeTaxExpense": "428260000", "interestAndDebtExpense": "None", "netIncomeFromContinuingOperations": "1732576000", "comprehensiveIncomeNetOfTax": "None", "ebit": "2436486000", "ebitda": "3408879000", "netIncome": "1745293000"}, {"fiscalDateEnding": "2022-09-30", "reportedCurrency": "USD", "grossProfit": "8334565000", "totalRevenue": "238587006000", "costOfRevenue": "230252441000", "costofGoodsAndServicesSold": "230252441000", "operatingIncome": "2366378000", "sellingGeneralAndAdministrative": "4848962000", "researchAndDevelopment": "None", "operatingExpenses": "5542857000", "investmentIncomeNet": "None", "netInterestIncome": "-210673000", "interestIncome": "21309000", "interestExpense": "210673000", "nonInterestIncome": "None", "otherNonOperatingIncome": "None", "depreciation": "None", "depreciationAndAmortization": "697943000", "incomeBeforeTax": "2183057000", "incomeTaxExpense": "516517000", "interestAndDebtExpense": "None", "netIncomeFromContinuingOperations": "1666540000", "comprehensiveIncomeNetOfTax": "None", "ebit": "2415039000", "ebitda": "3112982000", "netIncome": "1698820000"}, {"fiscalDateEnding": "2021-09-30", "reportedCurrency": "USD", "grossProfit": "6774434000", "totalRevenue": "213988843000", "costOfRevenue": "207214409000", "costofGoodsAndServicesSold": "207214409000", "operatingIncome": "2354197000", "sellingGeneralAndAdministrative": "3594251000", "researchAndDevelopment": "None", "operatingExpenses": "4099423000", "investmentIncomeNet": "None", "netInterestIncome": "-174074000", "interestIncome": "8470000", "interestExpense": "182544000", "nonInterestIncome": "None", "otherNonOperatingIncome": "None", "depreciation": "None", "depreciationAndAmortization": "505172000", "incomeBeforeTax": "2221859000", "incomeTaxExpense": "677251000", "interestAndDebtExpense": "None", "netIncomeFromContinuingOperations": "1544608000", "comprehensiveIncomeNetOfTax": "None", "ebit": "2404403000", "ebitda": "2909575000", "netIncome": "1539932000"}, {"fiscalDateEnding": "2020-09-30", "reportedCurrency": "USD", "grossProfit": "5195364000", "totalRevenue": "189893926000", "costOfRevenue": "184698562000", "costofGoodsAndServicesSold": "184698562000", "operatingIncome": "-5135354000", "sellingGeneralAndAdministrative": "80573000", "researchAndDevelopment": "None", "operatingExpenses": "3158279000", "investmentIncomeNet": "None", "netInterestIncome": "-137883000", "interestIncome": "20639000", "interestExpense": "137883000", "nonInterestIncome": "None", "otherNonOperatingIncome": "None", "depreciation": "None", "depreciationAndAmortization": "401619000", "incomeBeforeTax": "-5293831000", "incomeTaxExpense": "-1894273000", "interestAndDebtExpense": "None", "netIncomeFromContinuingOperations": "-3399558000", "comprehensiveIncomeNetOfTax": "None", "ebit": "-5149554000", "ebitda": "-4747935000", "netIncome": "-3408716000"}, {"fiscalDateEnding": "2019-09-30", "reportedCurrency": "USD", "grossProfit": "5138312000", "totalRevenue": "179589121000", "costOfRevenue": "174450809000", "costofGoodsAndServicesSold": "174450809000", "operatingIncome": "1111923000", "sellingGeneralAndAdministrative": "76388000", "researchAndDevelopment": "None", "operatingExpenses": "3125915000", "investmentIncomeNet": "None", "netInterestIncome": "-157769000", "interestIncome": "37705000", "interestExpense": "157769000", "nonInterestIncome": "None", "otherNonOperatingIncome": "None", "depreciation": "None", "depreciationAndAmortization": "488544000", "incomeBeforeTax": "967106000", "incomeTaxExpense": "112971000", "interestAndDebtExpense": "None", "netIncomeFromContinuingOperations": "854135000", "comprehensiveIncomeNetOfTax": "None", "ebit": "1162580000", "ebitda": "1651124000", "netIncome": "855365000"}, {"fiscalDateEnding": "2018-09-30", "reportedCurrency": "USD", "grossProfit": "4576379000", "totalRevenue": "167939635000", "costOfRevenue": "163363256000", "costofGoodsAndServicesSold": "163363256000", "operatingIncome": "142279000", "sellingGeneralAndAdministrative": "67786000", "researchAndDevelopment": "None", "operatingExpenses": "230517000", "investmentIncomeNet": "None", "netInterestIncome": "None", "interestIncome": "None", "interestExpense": "33156000", "nonInterestIncome": "None", "otherNonOperatingIncome": "None", "depreciation": "None", "depreciationAndAmortization": "499639000", "incomeBeforeTax": "106753000", "incomeTaxExpense": "-10000", "interestAndDebtExpense": "None", "netIncomeFromContinuingOperations": "None", "comprehensiveIncomeNetOfTax": "None", "ebit": "1367063000", "ebitda": "1866702000", "netIncome": "77922000"}, {"fiscalDateEnding": "2017-09-30", "reportedCurrency": "USD", "grossProfit": "4544607000", "totalRevenue": "153143826000", "costOfRevenue": "148599219000", "costofGoodsAndServicesSold": "148599219000", "operatingIncome": "124812000", "sellingGeneralAndAdministrative": "61673000", "researchAndDevelopment": "None", "operatingExpenses": "209276000", "investmentIncomeNet": "None", "netInterestIncome": "None", "interestIncome": "None", "interestExpense": "22471000", "nonInterestIncome": "None", "otherNonOperatingIncome": "None", "depreciation": "None", "depreciationAndAmortization": "422923000", "incomeBeforeTax": "100665000", "incomeTaxExpense": "174000", "interestAndDebtExpense": "None", "netIncomeFromContinuingOperations": "None", "comprehensiveIncomeNetOfTax": "None", "ebit": "1066929000", "ebitda": "1489852000", "netIncome": "74855000"}, {"fiscalDateEnding": "2016-09-30", "reportedCurrency": "USD", "grossProfit": "4138848000", "totalRevenue": "146849686000", "costOfRevenue": "142710838000", "costofGoodsAndServicesSold": "142710838000", "operatingIncome": "94617000", "sellingGeneralAndAdministrative": "58000000", "researchAndDevelopment": "None", "operatingExpenses": "184273000", "investmentIncomeNet": "None", "netInterestIncome": "None", "interestIncome": "None", "interestExpense": "11279000", "nonInterestIncome": "None", "otherNonOperatingIncome": "None", "depreciation": "None", "depreciationAndAmortization": "385031000", "incomeBeforeTax": "82040000", "incomeTaxExpense": "119000", "interestAndDebtExpense": "None", "netIncomeFromContinuingOperations": "None", "comprehensiveIncomeNetOfTax": "None", "ebit": "1535259000", "ebitda": "1920290000", "netIncome": "58709000"}, {"fiscalDateEnding": "2015-09-30", "reportedCurrency": "USD", "grossProfit": "3463820000", "totalRevenue": "135961803000", "costOfRevenue": "132497983000", "costofGoodsAndServicesSold": "132497983000", "operatingIncome": "64406000", "sellingGeneralAndAdministrative": "55254000", "researchAndDevelopment": "None", "operatingExpenses": "166937000", "investmentIncomeNet": "None", "netInterestIncome": "None", "interestIncome": "None", "interestExpense": "5858000", "nonInterestIncome": "None", "otherNonOperatingIncome": "None", "depreciation": "None", "depreciationAndAmortization": "95702000", "incomeBeforeTax": "57022000", "incomeTaxExpense": "163000", "interestAndDebtExpense": "None", "netIncomeFromContinuingOperations": "None", "comprehensiveIncomeNetOfTax": "None", "ebit": "538286000", "ebitda": "633988000", "netIncome": "34706000"}, {"fiscalDateEnding": "2014-09-30", "reportedCurrency": "USD", "grossProfit": "2957930000", "totalRevenue": "119569127000", "costOfRevenue": "116611197000", "costofGoodsAndServicesSold": "116611197000", "operatingIncome": "46146000", "sellingGeneralAndAdministrative": "48239000", "researchAndDevelopment": "None", "operatingExpenses": "143577000", "investmentIncomeNet": "None", "netInterestIncome": "None", "interestIncome": "None", "interestExpense": "3414000", "nonInterestIncome": "None", "otherNonOperatingIncome": "None", "depreciation": "None", "depreciationAndAmortization": "80722000", "incomeBeforeTax": "40090000", "incomeTaxExpense": "38000", "interestAndDebtExpense": "None", "netIncomeFromContinuingOperations": "None", "comprehensiveIncomeNetOfTax": "None", "ebit": "870233000", "ebitda": "950955000", "netIncome": "22765000"}, {"fiscalDateEnding": "2013-09-30", "reportedCurrency": "USD", "grossProfit": "2484936000", "totalRevenue": "87959167000", "costOfRevenue": "85474231000", "costofGoodsAndServicesSold": "85474231000", "operatingIncome": "34670000", "sellingGeneralAndAdministrative": "46976000", "researchAndDevelopment": "None", "operatingExpenses": "127445000", "investmentIncomeNet": "None", "netInterestIncome": "None", "interestIncome": "None", "interestExpense": "950000", "nonInterestIncome": "None", "otherNonOperatingIncome": "None", "depreciation": "None", "depreciationAndAmortization": "65785000", "incomeBeforeTax": "32013000", "incomeTaxExpense": "401000", "interestAndDebtExpense": "None", "netIncomeFromContinuingOperations": "None", "comprehensiveIncomeNetOfTax": "None", "ebit": "999550000", "ebitda": "1065335000", "netIncome": "18841000"}, {"fiscalDateEnding": "2012-09-30", "reportedCurrency": "USD", "grossProfit": "2619873000", "totalRevenue": "78080806000", "costOfRevenue": "75460933000", "costofGoodsAndServicesSold": "75460933000", "operatingIncome": "17043000", "sellingGeneralAndAdministrative": "44621000", "researchAndDevelopment": "None", "operatingExpenses": "119891000", "investmentIncomeNet": "None", "netInterestIncome": "None", "interestIncome": "None", "interestExpense": "5236000", "nonInterestIncome": "None", "otherNonOperatingIncome": "None", "depreciation": "None", "depreciationAndAmortization": "64327000", "incomeBeforeTax": "11820000", "incomeTaxExpense": "1104000", "interestAndDebtExpense": "None", "netIncomeFromContinuingOperations": "None", "comprehensiveIncomeNetOfTax": "None", "ebit": "1387431000", "ebitda": "1451758000", "netIncome": "5048000"}, {"fiscalDateEnding": "2011-09-30", "reportedCurrency": "USD", "grossProfit": "2539096000", "totalRevenue": "80217558000", "costOfRevenue": "77678462000", "costofGoodsAndServicesSold": "77678462000", "operatingIncome": "1202745000", "sellingGeneralAndAdministrative": "41057000", "researchAndDevelopment": "None", "operatingExpenses": "1329845000", "investmentIncomeNet": "None", "netInterestIncome": "None", "interestIncome": "None", "interestExpense": "78902000", "nonInterestIncome": "None", "otherNonOperatingIncome": "None", "depreciation": "None", "depreciationAndAmortization": "108309000", "incomeBeforeTax": "1130641000", "incomeTaxExpense": "424017000", "interestAndDebtExpense": "None", "netIncomeFromContinuingOperations": "None", "comprehensiveIncomeNetOfTax": "None", "ebit": "1222467000", "ebitda": "1330776000", "netIncome": "706624000"}, {"fiscalDateEnding": "2010-09-30", "reportedCurrency": "USD", "grossProfit": "2356642000", "totalRevenue": "77953979000", "costOfRevenue": "75597337000", "costofGoodsAndServicesSold": "75597337000", "operatingIncome": "1103635000", "sellingGeneralAndAdministrative": "20830000", "researchAndDevelopment": "None", "operatingExpenses": "1249807000", "investmentIncomeNet": "None", "netInterestIncome": "None", "interestIncome": "None", "interestExpense": "72494000", "nonInterestIncome": "None", "otherNonOperatingIncome": "None", "depreciation": "None", "depreciationAndAmortization": "86461000", "incomeBeforeTax": "1027769000", "incomeTaxExpense": "391021000", "interestAndDebtExpense": "None", "netIncomeFromContinuingOperations": "None", "comprehensiveIncomeNetOfTax": "None", "ebit": "1115323000", "ebitda": "1201784000", "netIncome": "636748000"}, {"fiscalDateEnding": "2009-09-30", "reportedCurrency": "USD", "grossProfit": "2100075000", "totalRevenue": "71759990000", "costOfRevenue": "69659915000", "costofGoodsAndServicesSold": "69659915000", "operatingIncome": "883749000", "sellingGeneralAndAdministrative": "6461000", "researchAndDevelopment": "None", "operatingExpenses": "1204554000", "investmentIncomeNet": "None", "netInterestIncome": "None", "interestIncome": "None", "interestExpense": "58307000", "nonInterestIncome": "None", "otherNonOperatingIncome": "None", "depreciation": "None", "depreciationAndAmortization": "78908000", "incomeBeforeTax": "824074000", "incomeTaxExpense": "312222000", "interestAndDebtExpense": "None", "netIncomeFromContinuingOperations": "None", "comprehensiveIncomeNetOfTax": "None", "ebit": "898700000", "ebitda": "977608000", "netIncome": "503397000"}, {"fiscalDateEnding": "2008-09-30", "reportedCurrency": "USD", "grossProfit": "2047002000", "totalRevenue": "70189733000", "costOfRevenue": "68142731000", "costofGoodsAndServicesSold": "68142731000", "operatingIncome": "827861000", "sellingGeneralAndAdministrative": "5472000", "researchAndDevelopment": "None", "operatingExpenses": "1206764000", "investmentIncomeNet": "None", "netInterestIncome": "None", "interestIncome": "None", "interestExpense": "2495000", "nonInterestIncome": "None", "otherNonOperatingIncome": "None", "depreciation": "None", "depreciationAndAmortization": "95882000", "incomeBeforeTax": "761338000", "incomeTaxExpense": "292274000", "interestAndDebtExpense": "None", "netIncomeFromContinuingOperations": "None", "comprehensiveIncomeNetOfTax": "None", "ebit": "825834000", "ebitda": "921716000", "netIncome": "250559000"}, {"fiscalDateEnding": "2007-09-30", "reportedCurrency": "USD", "grossProfit": "2326739000", "totalRevenue": "66074312000", "costOfRevenue": "63747573000", "costofGoodsAndServicesSold": "63747573000", "operatingIncome": "820342000", "sellingGeneralAndAdministrative": "1413103000", "researchAndDevelopment": "None", "operatingExpenses": "1504325000", "investmentIncomeNet": "None", "netInterestIncome": "None", "interestIncome": "None", "interestExpense": "None", "nonInterestIncome": "None", "otherNonOperatingIncome": "None", "depreciation": "None", "depreciationAndAmortization": "104344000", "incomeBeforeTax": "785050000", "incomeTaxExpense": "291282000", "interestAndDebtExpense": "None", "netIncomeFromContinuingOperations": "None", "comprehensiveIncomeNetOfTax": "None", "ebit": "822414000", "ebitda": "926758000", "netIncome": "469167000"}, {"fiscalDateEnding": "2006-09-30", "reportedCurrency": "USD", "grossProfit": "2231815000", "totalRevenue": "61203145000", "costOfRevenue": "58971330000", "costofGoodsAndServicesSold": "58971330000", "operatingIncome": "748706000", "sellingGeneralAndAdministrative": "1397100000", "researchAndDevelopment": "None", "operatingExpenses": "1483109000", "investmentIncomeNet": "None", "netInterestIncome": "None", "interestIncome": "None", "interestExpense": "None", "nonInterestIncome": "None", "otherNonOperatingIncome": "None", "depreciation": "None", "depreciationAndAmortization": "96933000", "incomeBeforeTax": "740629000", "incomeTaxExpense": "272617000", "interestAndDebtExpense": "None", "netIncomeFromContinuingOperations": "None", "comprehensiveIncomeNetOfTax": "None", "ebit": "748706000", "ebitda": "845639000", "netIncome": "467714000"}, {"fiscalDateEnding": "2005-09-30", "reportedCurrency": "USD", "grossProfit": "1980184000", "totalRevenue": "54577321000", "costOfRevenue": "52597137000", "costofGoodsAndServicesSold": "52597137000", "operatingIncome": "636946000", "sellingGeneralAndAdministrative": "1256780000", "researchAndDevelopment": "None", "operatingExpenses": "1343238000", "investmentIncomeNet": "None", "netInterestIncome": "None", "interestIncome": "None", "interestExpense": "None", "nonInterestIncome": "None", "otherNonOperatingIncome": "None", "depreciation": "None", "depreciationAndAmortization": "90882000", "incomeBeforeTax": "468825000", "incomeTaxExpense": "176903000", "interestAndDebtExpense": "None", "netIncomeFromContinuingOperations": "None", "comprehensiveIncomeNetOfTax": "None", "ebit": "636946000", "ebitda": "727828000", "netIncome": "319199000"}], "quarterlyReports": [{"fiscalDateEnding": "2024-12-31", "reportedCurrency": "USD", "grossProfit": "2558038000", "totalRevenue": "81487060000", "costOfRevenue": "78929022000", "costofGoodsAndServicesSold": "78929022000", "operatingIncome": "706254000", "sellingGeneralAndAdministrative": "1472055000", "researchAndDevelopment": "None", "operatingExpenses": "1851784000", "investmentIncomeNet": "None", "netInterestIncome": "-27933000", "interestIncome": "33248000", "interestExpense": "27933000", "nonInterestIncome": "None", "otherNonOperatingIncome": "None", "depreciation": "None", "depreciationAndAmortization": "278492000", "incomeBeforeTax": "620447000", "incomeTaxExpense": "126728000", "interestAndDebtExpense": "None", "netIncomeFromContinuingOperations": "493719000", "comprehensiveIncomeNetOfTax": "None", "ebit": "684608000", "ebitda": "963100000", "netIncome": "488600000"}, {"fiscalDateEnding": "2024-09-30", "reportedCurrency": "USD", "grossProfit": "2492417000", "totalRevenue": "79050106000", "costOfRevenue": "76557689000", "costofGoodsAndServicesSold": "76557689000", "operatingIncome": "126639000", "sellingGeneralAndAdministrative": "1490343000", "researchAndDevelopment": "None", "operatingExpenses": "2365778000", "investmentIncomeNet": "None", "netInterestIncome": "-20969000", "interestIncome": "33351000", "interestExpense": "20969000", "nonInterestIncome": "None", "otherNonOperatingIncome": "None", "depreciation": "None", "depreciationAndAmortization": "277044000", "incomeBeforeTax": "125177000", "incomeTaxExpense": "117711000", "interestAndDebtExpense": "None", "netIncomeFromContinuingOperations": "7466000", "comprehensiveIncomeNetOfTax": "None", "ebit": "146146000", "ebitda": "423190000", "netIncome": "3382000"}, {"fiscalDateEnding": "2024-06-30", "reportedCurrency": "USD", "grossProfit": "2086577000", "totalRevenue": "74241353000", "costOfRevenue": "72154776000", "costofGoodsAndServicesSold": "72154776000", "operatingIncome": "703371000", "sellingGeneralAndAdministrative": "1383206000", "researchAndDevelopment": "None", "operatingExpenses": "1383206000", "investmentIncomeNet": "None", "netInterestIncome": "-31328000", "interestIncome": "27608000", "interestExpense": "58936000", "nonInterestIncome": "None", "otherNonOperatingIncome": "None", "depreciation": "None", "depreciationAndAmortization": "278932000", "incomeBeforeTax": "628334000", "incomeTaxExpense": "140740000", "interestAndDebtExpense": "None", "netIncomeFromContinuingOperations": "487594000", "comprehensiveIncomeNetOfTax": "None", "ebit": "687270000", "ebitda": "966202000", "netIncome": "483463000"}, {"fiscalDateEnding": "2024-03-31", "reportedCurrency": "USD", "grossProfit": "2266291000", "totalRevenue": "68414307000", "costOfRevenue": "66148016000", "costofGoodsAndServicesSold": "66148016000", "operatingIncome": "877481000", "sellingGeneralAndAdministrative": "1388810000", "researchAndDevelopment": "None", "operatingExpenses": "1388810000", "investmentIncomeNet": "None", "netInterestIncome": "-64130000", "interestIncome": "12680000", "interestExpense": "76810000", "nonInterestIncome": "None", "otherNonOperatingIncome": "None", "depreciation": "None", "depreciationAndAmortization": "271732000", "incomeBeforeTax": "467066000", "incomeTaxExpense": "45861000", "interestAndDebtExpense": "None", "netIncomeFromContinuingOperations": "421205000", "comprehensiveIncomeNetOfTax": "None", "ebit": "550215000", "ebitda": "821947000", "netIncome": "420775000"}, {"fiscalDateEnding": "2023-12-31", "reportedCurrency": "USD", "grossProfit": "2149961000", "totalRevenue": "72252833000", "costOfRevenue": "70102872000", "costofGoodsAndServicesSold": "70102872000", "operatingIncome": "751214000", "sellingGeneralAndAdministrative": "1398747000", "researchAndDevelopment": "None", "operatingExpenses": "1398747000", "investmentIncomeNet": "None", "netInterestIncome": "-40564000", "interestIncome": "18052000", "interestExpense": "58616000", "nonInterestIncome": "None", "otherNonOperatingIncome": "None", "depreciation": "None", "depreciationAndAmortization": "276534000", "incomeBeforeTax": "783398000", "incomeTaxExpense": "180390000", "interestAndDebtExpense": "None", "netIncomeFromContinuingOperations": "603008000", "comprehensiveIncomeNetOfTax": "None", "ebit": "842014000", "ebitda": "1118548000", "netIncome": "601500000"}, {"fiscalDateEnding": "2023-09-30", "reportedCurrency": "USD", "grossProfit": "2253452000", "totalRevenue": "68922331000", "costOfRevenue": "66668879000", "costofGoodsAndServicesSold": "66668879000", "operatingIncome": "476941000", "sellingGeneralAndAdministrative": "1393828000", "researchAndDevelopment": "None", "operatingExpenses": "1670054000", "investmentIncomeNet": "None", "netInterestIncome": "-60942000", "interestIncome": "60942000", "interestExpense": "60942000", "nonInterestIncome": "None", "otherNonOperatingIncome": "None", "depreciation": "None", "depreciationAndAmortization": "276226000", "incomeBeforeTax": "446423000", "incomeTaxExpense": "97443000", "interestAndDebtExpense": "None", "netIncomeFromContinuingOperations": "348980000", "comprehensiveIncomeNetOfTax": "None", "ebit": "520529000", "ebitda": "796755000", "netIncome": "350565000"}, {"fiscalDateEnding": "2023-06-30", "reportedCurrency": "USD", "grossProfit": "2264646000", "totalRevenue": "66947043000", "costOfRevenue": "64682397000", "costofGoodsAndServicesSold": "64682397000", "operatingIncome": "670128000", "sellingGeneralAndAdministrative": "1304141000", "researchAndDevelopment": "None", "operatingExpenses": "1578413000", "investmentIncomeNet": "None", "netInterestIncome": "-57864000", "interestIncome": "10602000", "interestExpense": "57864000", "nonInterestIncome": "None", "otherNonOperatingIncome": "None", "depreciation": "None", "depreciationAndAmortization": "275439000", "incomeBeforeTax": "608828000", "incomeTaxExpense": "129615000", "interestAndDebtExpense": "None", "netIncomeFromContinuingOperations": "479213000", "comprehensiveIncomeNetOfTax": "None", "ebit": "677294000", "ebitda": "952733000", "netIncome": "479581000"}, {"fiscalDateEnding": "2023-03-31", "reportedCurrency": "USD", "grossProfit": "2300297000", "totalRevenue": "63457205000", "costOfRevenue": "61156908000", "costofGoodsAndServicesSold": "61156908000", "operatingIncome": "560519000", "sellingGeneralAndAdministrative": "1321087000", "researchAndDevelopment": "None", "operatingExpenses": "1562553000", "investmentIncomeNet": "None", "netInterestIncome": "-64109000", "interestIncome": "8163000", "interestExpense": "64109000", "nonInterestIncome": "None", "otherNonOperatingIncome": "None", "depreciation": "None", "depreciationAndAmortization": "242127000", "incomeBeforeTax": "512130000", "incomeTaxExpense": "83917000", "interestAndDebtExpense": "None", "netIncomeFromContinuingOperations": "428213000", "comprehensiveIncomeNetOfTax": "None", "ebit": "584402000", "ebitda": "826529000", "netIncome": "435402000"}, {"fiscalDateEnding": "2022-12-31", "reportedCurrency": "USD", "grossProfit": "2099638000", "totalRevenue": "62846832000", "costOfRevenue": "60747194000", "costofGoodsAndServicesSold": "60747194000", "operatingIncome": "633143000", "sellingGeneralAndAdministrative": "1290928000", "researchAndDevelopment": "None", "operatingExpenses": "1462868000", "investmentIncomeNet": "None", "netInterestIncome": "-46016000", "interestIncome": "14790000", "interestExpense": "46016000", "nonInterestIncome": "None", "otherNonOperatingIncome": "None", "depreciation": "None", "depreciationAndAmortization": "172730000", "incomeBeforeTax": "593455000", "incomeTaxExpense": "117285000", "interestAndDebtExpense": "None", "netIncomeFromContinuingOperations": "476170000", "comprehensiveIncomeNetOfTax": "None", "ebit": "654261000", "ebitda": "826991000", "netIncome": "479745000"}, {"fiscalDateEnding": "2022-09-30", "reportedCurrency": "USD", "grossProfit": "1997974000", "totalRevenue": "61174149000", "costOfRevenue": "59176175000", "costofGoodsAndServicesSold": "59176175000", "operatingIncome": "454519000", "sellingGeneralAndAdministrative": "1263462000", "researchAndDevelopment": "None", "operatingExpenses": "1434024000", "investmentIncomeNet": "None", "netInterestIncome": "-51523000", "interestIncome": "10798000", "interestExpense": "51523000", "nonInterestIncome": "None", "otherNonOperatingIncome": "None", "depreciation": "None", "depreciationAndAmortization": "170562000", "incomeBeforeTax": "382340000", "incomeTaxExpense": "83664000", "interestAndDebtExpense": "None", "netIncomeFromContinuingOperations": "298676000", "comprehensiveIncomeNetOfTax": "None", "ebit": "444661000", "ebitda": "615223000", "netIncome": "294737000"}, {"fiscalDateEnding": "2022-06-30", "reportedCurrency": "USD", "grossProfit": "2042987000", "totalRevenue": "60064601000", "costOfRevenue": "58021614000", "costofGoodsAndServicesSold": "58021614000", "operatingIncome": "487297000", "sellingGeneralAndAdministrative": "1212152000", "researchAndDevelopment": "None", "operatingExpenses": "1384266000", "investmentIncomeNet": "None", "netInterestIncome": "-52862000", "interestIncome": "4795000", "interestExpense": "52862000", "nonInterestIncome": "None", "otherNonOperatingIncome": "None", "depreciation": "None", "depreciationAndAmortization": "172843000", "incomeBeforeTax": "476323000", "incomeTaxExpense": "113120000", "interestAndDebtExpense": "None", "netIncomeFromContinuingOperations": "363203000", "comprehensiveIncomeNetOfTax": "None", "ebit": "533980000", "ebitda": "706823000", "netIncome": "406964000"}, {"fiscalDateEnding": "2022-03-31", "reportedCurrency": "USD", "grossProfit": "2235080000", "totalRevenue": "57719446000", "costOfRevenue": "55484366000", "costofGoodsAndServicesSold": "55484366000", "operatingIncome": "780157000", "sellingGeneralAndAdministrative": "None", "researchAndDevelopment": "None", "operatingExpenses": "1378528000", "investmentIncomeNet": "None", "netInterestIncome": "None", "interestIncome": "None", "interestExpense": "55372000", "nonInterestIncome": "None", "otherNonOperatingIncome": "None", "depreciation": "None", "depreciationAndAmortization": "176701000", "incomeBeforeTax": "728189000", "incomeTaxExpense": "172944000", "interestAndDebtExpense": "None", "netIncomeFromContinuingOperations": "None", "comprehensiveIncomeNetOfTax": "None", "ebit": "783561000", "ebitda": "960262000", "netIncome": "548014000"}, {"fiscalDateEnding": "2021-12-31", "reportedCurrency": "USD", "grossProfit": "2060359000", "totalRevenue": "59628810000", "costOfRevenue": "57568451000", "costofGoodsAndServicesSold": "57568451000", "operatingIncome": "644405000", "sellingGeneralAndAdministrative": "None", "researchAndDevelopment": "None", "operatingExpenses": "1346039000", "investmentIncomeNet": "None", "netInterestIncome": "None", "interestIncome": "None", "interestExpense": "56632000", "nonInterestIncome": "None", "otherNonOperatingIncome": "None", "depreciation": "None", "depreciationAndAmortization": "177270000", "incomeBeforeTax": "596205000", "incomeTaxExpense": "146789000", "interestAndDebtExpense": "None", "netIncomeFromContinuingOperations": "None", "comprehensiveIncomeNetOfTax": "None", "ebit": "652837000", "ebitda": "830107000", "netIncome": "449105000"}, {"fiscalDateEnding": "2021-09-30", "reportedCurrency": "USD", "grossProfit": "2069411000", "totalRevenue": "58912421000", "costOfRevenue": "56843010000", "costofGoodsAndServicesSold": "56843010000", "operatingIncome": "561895000", "sellingGeneralAndAdministrative": "21459000", "researchAndDevelopment": "None", "operatingExpenses": "1393409000", "investmentIncomeNet": "None", "netInterestIncome": "None", "interestIncome": "None", "interestExpense": "54596000", "nonInterestIncome": "None", "otherNonOperatingIncome": "None", "depreciation": "None", "depreciationAndAmortization": "177721000", "incomeBeforeTax": "553936000", "incomeTaxExpense": "117488000", "interestAndDebtExpense": "None", "netIncomeFromContinuingOperations": "None", "comprehensiveIncomeNetOfTax": "None", "ebit": "613707000", "ebitda": "791428000", "netIncome": "437698000"}, {"fiscalDateEnding": "2021-06-30", "reportedCurrency": "USD", "grossProfit": "1740774000", "totalRevenue": "53405695000", "costOfRevenue": "51664921000", "costofGoodsAndServicesSold": "51664921000", "operatingIncome": "37363000", "sellingGeneralAndAdministrative": "20620000", "researchAndDevelopment": "None", "operatingExpenses": "71791000", "investmentIncomeNet": "None", "netInterestIncome": "None", "interestIncome": "None", "interestExpense": "11022000", "nonInterestIncome": "None", "otherNonOperatingIncome": "None", "depreciation": "None", "depreciationAndAmortization": "127953000", "incomeBeforeTax": "28479000", "incomeTaxExpense": "4000", "interestAndDebtExpense": "None", "netIncomeFromContinuingOperations": "None", "comprehensiveIncomeNetOfTax": "None", "ebit": "626541000", "ebitda": "754494000", "netIncome": "25249000"}, {"fiscalDateEnding": "2021-03-31", "reportedCurrency": "USD", "grossProfit": "1533381000", "totalRevenue": "49154171000", "costOfRevenue": "47620790000", "costofGoodsAndServicesSold": "47620790000", "operatingIncome": "37047000", "sellingGeneralAndAdministrative": "20738000", "researchAndDevelopment": "None", "operatingExpenses": "71228000", "investmentIncomeNet": "None", "netInterestIncome": "None", "interestIncome": "None", "interestExpense": "11136000", "nonInterestIncome": "None", "otherNonOperatingIncome": "None", "depreciation": "None", "depreciationAndAmortization": "105082000", "incomeBeforeTax": "24924000", "incomeTaxExpense": "9000", "interestAndDebtExpense": "None", "netIncomeFromContinuingOperations": "None", "comprehensiveIncomeNetOfTax": "None", "ebit": "599679000", "ebitda": "704761000", "netIncome": "21868000"}, {"fiscalDateEnding": "2020-12-31", "reportedCurrency": "USD", "grossProfit": "1452230000", "totalRevenue": "52516556000", "costOfRevenue": "51064326000", "costofGoodsAndServicesSold": "51064326000", "operatingIncome": "34352000", "sellingGeneralAndAdministrative": "20489000", "researchAndDevelopment": "None", "operatingExpenses": "70719000", "investmentIncomeNet": "None", "netInterestIncome": "None", "interestIncome": "None", "interestExpense": "10905000", "nonInterestIncome": "None", "otherNonOperatingIncome": "None", "depreciation": "None", "depreciationAndAmortization": "104283000", "incomeBeforeTax": "22419000", "incomeTaxExpense": "10000", "interestAndDebtExpense": "None", "netIncomeFromContinuingOperations": "None", "comprehensiveIncomeNetOfTax": "None", "ebit": "560928000", "ebitda": "665211000", "netIncome": "19658000"}, {"fiscalDateEnding": "2020-09-30", "reportedCurrency": "USD", "grossProfit": "1337771000", "totalRevenue": "49244768000", "costOfRevenue": "47906997000", "costofGoodsAndServicesSold": "47906997000", "operatingIncome": "35526000", "sellingGeneralAndAdministrative": "19820000", "researchAndDevelopment": "None", "operatingExpenses": "67480000", "investmentIncomeNet": "None", "netInterestIncome": "None", "interestIncome": "None", "interestExpense": "10356000", "nonInterestIncome": "None", "otherNonOperatingIncome": "None", "depreciation": "None", "depreciationAndAmortization": "99060000", "incomeBeforeTax": "24142000", "incomeTaxExpense": "10000", "interestAndDebtExpense": "None", "netIncomeFromContinuingOperations": "None", "comprehensiveIncomeNetOfTax": "None", "ebit": "-6107696000", "ebitda": "-6008636000", "netIncome": "21132000"}, {"fiscalDateEnding": "2020-06-30", "reportedCurrency": "USD", "grossProfit": "1226148000", "totalRevenue": "45366777000", "costOfRevenue": "44140629000", "costofGoodsAndServicesSold": "44140629000", "operatingIncome": "35693000", "sellingGeneralAndAdministrative": "20598000", "researchAndDevelopment": "None", "operatingExpenses": "68214000", "investmentIncomeNet": "None", "netInterestIncome": "None", "interestIncome": "None", "interestExpense": "9543000", "nonInterestIncome": "None", "otherNonOperatingIncome": "None", "depreciation": "None", "depreciationAndAmortization": "98785000", "incomeBeforeTax": "25107000", "incomeTaxExpense": "19000", "interestAndDebtExpense": "None", "netIncomeFromContinuingOperations": "None", "comprehensiveIncomeNetOfTax": "None", "ebit": "381639000", "ebitda": "480424000", "netIncome": "20671000"}, {"fiscalDateEnding": "2020-03-31", "reportedCurrency": "USD", "grossProfit": "1393042000", "totalRevenue": "47417639000", "costOfRevenue": "46024597000", "costofGoodsAndServicesSold": "46024597000", "operatingIncome": "34188000", "sellingGeneralAndAdministrative": "19666000", "researchAndDevelopment": "None", "operatingExpenses": "66801000", "investmentIncomeNet": "None", "netInterestIncome": "None", "interestIncome": "None", "interestExpense": "10154000", "nonInterestIncome": "None", "otherNonOperatingIncome": "None", "depreciation": "None", "depreciationAndAmortization": "100823000", "incomeBeforeTax": "23005000", "incomeTaxExpense": "17000", "interestAndDebtExpense": "None", "netIncomeFromContinuingOperations": "None", "comprehensiveIncomeNetOfTax": "None", "ebit": "313119000", "ebitda": "413942000", "netIncome": "17848000"}, {"fiscalDateEnding": "2019-12-31", "reportedCurrency": "USD", "grossProfit": "1222722000", "totalRevenue": "47864742000", "costOfRevenue": "46642020000", "costofGoodsAndServicesSold": "46642020000", "operatingIncome": "35684000", "sellingGeneralAndAdministrative": "19513000", "researchAndDevelopment": "None", "operatingExpenses": "64777000", "investmentIncomeNet": "None", "netInterestIncome": "None", "interestIncome": "None", "interestExpense": "9947000", "nonInterestIncome": "None", "otherNonOperatingIncome": "None", "depreciation": "None", "depreciationAndAmortization": "109345000", "incomeBeforeTax": "24767000", "incomeTaxExpense": "22000", "interestAndDebtExpense": "None", "netIncomeFromContinuingOperations": "None", "comprehensiveIncomeNetOfTax": "None", "ebit": "268962000", "ebitda": "378307000", "netIncome": "19194000"}, {"fiscalDateEnding": "2019-09-30", "reportedCurrency": "USD", "grossProfit": "1181600000", "totalRevenue": "45637802000", "costOfRevenue": "44456202000", "costofGoodsAndServicesSold": "44456202000", "operatingIncome": "33643000", "sellingGeneralAndAdministrative": "19002000", "researchAndDevelopment": "None", "operatingExpenses": "65024000", "investmentIncomeNet": "None", "netInterestIncome": "None", "interestIncome": "None", "interestExpense": "10085000", "nonInterestIncome": "None", "otherNonOperatingIncome": "None", "depreciation": "None", "depreciationAndAmortization": "113387000", "incomeBeforeTax": "22657000", "incomeTaxExpense": "13000", "interestAndDebtExpense": "None", "netIncomeFromContinuingOperations": "None", "comprehensiveIncomeNetOfTax": "None", "ebit": "189599000", "ebitda": "302986000", "netIncome": "17450000"}, {"fiscalDateEnding": "2019-06-30", "reportedCurrency": "USD", "grossProfit": "1227759000", "totalRevenue": "45239265000", "costOfRevenue": "44011506000", "costofGoodsAndServicesSold": "44011506000", "operatingIncome": "36056000", "sellingGeneralAndAdministrative": "20015000", "researchAndDevelopment": "None", "operatingExpenses": "62795000", "investmentIncomeNet": "None", "netInterestIncome": "None", "interestIncome": "None", "interestExpense": "9455000", "nonInterestIncome": "None", "otherNonOperatingIncome": "None", "depreciation": "None", "depreciationAndAmortization": "112296000", "incomeBeforeTax": "25745000", "incomeTaxExpense": "2000", "interestAndDebtExpense": "None", "netIncomeFromContinuingOperations": "None", "comprehensiveIncomeNetOfTax": "None", "ebit": "417910000", "ebitda": "530206000", "netIncome": "19535000"}, {"fiscalDateEnding": "2019-03-31", "reportedCurrency": "USD", "grossProfit": "1372780000", "totalRevenue": "43319602000", "costOfRevenue": "41946822000", "costofGoodsAndServicesSold": "41946822000", "operatingIncome": "35433000", "sellingGeneralAndAdministrative": "17858000", "researchAndDevelopment": "None", "operatingExpenses": "59156000", "investmentIncomeNet": "None", "netInterestIncome": "None", "interestIncome": "None", "interestExpense": "8887000", "nonInterestIncome": "None", "otherNonOperatingIncome": "None", "depreciation": "None", "depreciationAndAmortization": "136597000", "incomeBeforeTax": "25935000", "incomeTaxExpense": "30000", "interestAndDebtExpense": "None", "netIncomeFromContinuingOperations": "None", "comprehensiveIncomeNetOfTax": "None", "ebit": "66409000", "ebitda": "203006000", "netIncome": "19661000"}, {"fiscalDateEnding": "2018-12-31", "reportedCurrency": "USD", "grossProfit": "1210301000", "totalRevenue": "45392452000", "costOfRevenue": "44182151000", "costofGoodsAndServicesSold": "44182151000", "operatingIncome": "35366000", "sellingGeneralAndAdministrative": "17954000", "researchAndDevelopment": "None", "operatingExpenses": "59383000", "investmentIncomeNet": "None", "netInterestIncome": "None", "interestIncome": "None", "interestExpense": "7078000", "nonInterestIncome": "None", "otherNonOperatingIncome": "None", "depreciation": "None", "depreciationAndAmortization": "135232000", "incomeBeforeTax": "25918000", "incomeTaxExpense": "20000", "interestAndDebtExpense": "None", "netIncomeFromContinuingOperations": "None", "comprehensiveIncomeNetOfTax": "None", "ebit": "481792000", "ebitda": "617024000", "netIncome": "19631000"}, {"fiscalDateEnding": "2018-09-30", "reportedCurrency": "USD", "grossProfit": "1032641000", "totalRevenue": "43297136000", "costOfRevenue": "42264495000", "costofGoodsAndServicesSold": "42264495000", "operatingIncome": "34473000", "sellingGeneralAndAdministrative": "17403000", "researchAndDevelopment": "None", "operatingExpenses": "58847000", "investmentIncomeNet": "None", "netInterestIncome": "None", "interestIncome": "None", "interestExpense": "9433000", "nonInterestIncome": "None", "otherNonOperatingIncome": "None", "depreciation": "None", "depreciationAndAmortization": "36264000", "incomeBeforeTax": "25040000", "incomeTaxExpense": "20000", "interestAndDebtExpense": "None", "netIncomeFromContinuingOperations": "None", "comprehensiveIncomeNetOfTax": "None", "ebit": "252491000", "ebitda": "288755000", "netIncome": "18600000"}, {"fiscalDateEnding": "2018-06-30", "reportedCurrency": "USD", "grossProfit": "1175741000", "totalRevenue": "43142309000", "costOfRevenue": "41966568000", "costofGoodsAndServicesSold": "41966568000", "operatingIncome": "36103000", "sellingGeneralAndAdministrative": "16844000", "researchAndDevelopment": "None", "operatingExpenses": "57790000", "investmentIncomeNet": "None", "netInterestIncome": "None", "interestIncome": "None", "interestExpense": "8907000", "nonInterestIncome": "None", "otherNonOperatingIncome": "None", "depreciation": "None", "depreciationAndAmortization": "35558000", "incomeBeforeTax": "27196000", "incomeTaxExpense": "-83000", "interestAndDebtExpense": "None", "netIncomeFromContinuingOperations": "None", "comprehensiveIncomeNetOfTax": "None", "ebit": "501408000", "ebitda": "536966000", "netIncome": "19389000"}, {"fiscalDateEnding": "2018-03-31", "reportedCurrency": "USD", "grossProfit": "1255345000", "totalRevenue": "41033858000", "costOfRevenue": "39778513000", "costofGoodsAndServicesSold": "39778513000", "operatingIncome": "36337000", "sellingGeneralAndAdministrative": "15585000", "researchAndDevelopment": "None", "operatingExpenses": "54497000", "investmentIncomeNet": "None", "netInterestIncome": "None", "interestIncome": "None", "interestExpense": "7172000", "nonInterestIncome": "None", "otherNonOperatingIncome": "None", "depreciation": "None", "depreciationAndAmortization": "33776000", "incomeBeforeTax": "28599000", "incomeTaxExpense": "33000", "interestAndDebtExpense": "None", "netIncomeFromContinuingOperations": "None", "comprehensiveIncomeNetOfTax": "None", "ebit": "503050000", "ebitda": "536826000", "netIncome": "20302000"}, {"fiscalDateEnding": "2017-12-31", "reportedCurrency": "USD", "grossProfit": "1112652000", "totalRevenue": "40466332000", "costOfRevenue": "39353680000", "costofGoodsAndServicesSold": "39353680000", "operatingIncome": "33667000", "sellingGeneralAndAdministrative": "16312000", "researchAndDevelopment": "None", "operatingExpenses": "53594000", "investmentIncomeNet": "None", "netInterestIncome": "None", "interestIncome": "None", "interestExpense": "6190000", "nonInterestIncome": "None", "otherNonOperatingIncome": "None", "depreciation": "None", "depreciationAndAmortization": "32629000", "incomeBeforeTax": "27032000", "incomeTaxExpense": "24000", "interestAndDebtExpense": "None", "netIncomeFromContinuingOperations": "None", "comprehensiveIncomeNetOfTax": "None", "ebit": "473478000", "ebitda": "506107000", "netIncome": "20909000"}, {"fiscalDateEnding": "2017-09-30", "reportedCurrency": "USD", "grossProfit": "1172020000", "totalRevenue": "39120015000", "costOfRevenue": "37947995000", "costofGoodsAndServicesSold": "37947995000", "operatingIncome": "30799000", "sellingGeneralAndAdministrative": "15836000", "researchAndDevelopment": "None", "operatingExpenses": "52556000", "investmentIncomeNet": "None", "netInterestIncome": "None", "interestIncome": "None", "interestExpense": "6002000", "nonInterestIncome": "None", "otherNonOperatingIncome": "None", "depreciation": "None", "depreciationAndAmortization": "32077000", "incomeBeforeTax": "24352000", "incomeTaxExpense": "64000", "interestAndDebtExpense": "None", "netIncomeFromContinuingOperations": "None", "comprehensiveIncomeNetOfTax": "None", "ebit": "-55394000", "ebitda": "-23317000", "netIncome": "17842000"}, {"fiscalDateEnding": "2017-06-30", "reportedCurrency": "USD", "grossProfit": "1079875000", "totalRevenue": "38707144000", "costOfRevenue": "37627269000", "costofGoodsAndServicesSold": "37627269000", "operatingIncome": "30082000", "sellingGeneralAndAdministrative": "15439000", "researchAndDevelopment": "None", "operatingExpenses": "52199000", "investmentIncomeNet": "None", "netInterestIncome": "None", "interestIncome": "None", "interestExpense": "5541000", "nonInterestIncome": "None", "otherNonOperatingIncome": "None", "depreciation": "None", "depreciationAndAmortization": "32207000", "incomeBeforeTax": "24124000", "incomeTaxExpense": "-11000", "interestAndDebtExpense": "None", "netIncomeFromContinuingOperations": "None", "comprehensiveIncomeNetOfTax": "None", "ebit": "237704000", "ebitda": "269911000", "netIncome": "17728000"}, {"fiscalDateEnding": "2017-03-31", "reportedCurrency": "USD", "grossProfit": "1256427000", "totalRevenue": "37147402000", "costOfRevenue": "35890975000", "costofGoodsAndServicesSold": "35890975000", "operatingIncome": "30264000", "sellingGeneralAndAdministrative": "14086000", "researchAndDevelopment": "None", "operatingExpenses": "50927000", "investmentIncomeNet": "None", "netInterestIncome": "None", "interestIncome": "None", "interestExpense": "4738000", "nonInterestIncome": "None", "otherNonOperatingIncome": "None", "depreciation": "None", "depreciationAndAmortization": "32338000", "incomeBeforeTax": "25157000", "incomeTaxExpense": "97000", "interestAndDebtExpense": "None", "netIncomeFromContinuingOperations": "None", "comprehensiveIncomeNetOfTax": "None", "ebit": "702384000", "ebitda": "734722000", "netIncome": "18376000"}, {"fiscalDateEnding": "2016-12-31", "reportedCurrency": "USD", "grossProfit": "1037680000", "totalRevenue": "38169265000", "costOfRevenue": "37131585000", "costofGoodsAndServicesSold": "37131585000", "operatingIncome": "27933000", "sellingGeneralAndAdministrative": "14312000", "researchAndDevelopment": "None", "operatingExpenses": "49294000", "investmentIncomeNet": "None", "netInterestIncome": "None", "interestIncome": "None", "interestExpense": "4329000", "nonInterestIncome": "None", "otherNonOperatingIncome": "None", "depreciation": "None", "depreciationAndAmortization": "30674000", "incomeBeforeTax": "23235000", "incomeTaxExpense": "74000", "interestAndDebtExpense": "None", "netIncomeFromContinuingOperations": "None", "comprehensiveIncomeNetOfTax": "None", "ebit": "473857000", "ebitda": "504531000", "netIncome": "16980000"}, {"fiscalDateEnding": "2016-09-30", "reportedCurrency": "USD", "grossProfit": "1124535000", "totalRevenue": "37560603000", "costOfRevenue": "36436068000", "costofGoodsAndServicesSold": "36436068000", "operatingIncome": "22505000", "sellingGeneralAndAdministrative": "15399000", "researchAndDevelopment": "None", "operatingExpenses": "46962000", "investmentIncomeNet": "None", "netInterestIncome": "None", "interestIncome": "None", "interestExpense": "2852000", "nonInterestIncome": "None", "otherNonOperatingIncome": "None", "depreciation": "None", "depreciationAndAmortization": "26981000", "incomeBeforeTax": "19317000", "incomeTaxExpense": "-2000", "interestAndDebtExpense": "None", "netIncomeFromContinuingOperations": "None", "comprehensiveIncomeNetOfTax": "None", "ebit": "314691000", "ebitda": "341672000", "netIncome": "14264000"}, {"fiscalDateEnding": "2016-06-30", "reportedCurrency": "USD", "grossProfit": "986903000", "totalRevenue": "36881680000", "costOfRevenue": "35894777000", "costofGoodsAndServicesSold": "35894777000", "operatingIncome": "22558000", "sellingGeneralAndAdministrative": "14152000", "researchAndDevelopment": "None", "operatingExpenses": "44886000", "investmentIncomeNet": "None", "netInterestIncome": "None", "interestIncome": "None", "interestExpense": "2680000", "nonInterestIncome": "None", "otherNonOperatingIncome": "None", "depreciation": "None", "depreciationAndAmortization": "26227000", "incomeBeforeTax": "19878000", "incomeTaxExpense": "43000", "interestAndDebtExpense": "None", "netIncomeFromContinuingOperations": "None", "comprehensiveIncomeNetOfTax": "None", "ebit": "606568000", "ebitda": "632795000", "netIncome": "14120000"}, {"fiscalDateEnding": "2016-03-31", "reportedCurrency": "USD", "grossProfit": "1075324000", "totalRevenue": "35698357000", "costOfRevenue": "34623033000", "costofGoodsAndServicesSold": "34623033000", "operatingIncome": "21621000", "sellingGeneralAndAdministrative": "14137000", "researchAndDevelopment": "None", "operatingExpenses": "43131000", "investmentIncomeNet": "None", "netInterestIncome": "None", "interestIncome": "None", "interestExpense": "1729000", "nonInterestIncome": "None", "otherNonOperatingIncome": "None", "depreciation": "None", "depreciationAndAmortization": "24770000", "incomeBeforeTax": "19610000", "incomeTaxExpense": "4000", "interestAndDebtExpense": "None", "netIncomeFromContinuingOperations": "None", "comprehensiveIncomeNetOfTax": "None", "ebit": "1026273000", "ebitda": "1051043000", "netIncome": "13345000"}, {"fiscalDateEnding": "2015-12-31", "reportedCurrency": "USD", "grossProfit": "952086000", "totalRevenue": "36709046000", "costOfRevenue": "35756960000", "costofGoodsAndServicesSold": "35756960000", "operatingIncome": "19643000", "sellingGeneralAndAdministrative": "15103000", "researchAndDevelopment": "None", "operatingExpenses": "43713000", "investmentIncomeNet": "None", "netInterestIncome": "None", "interestIncome": "None", "interestExpense": "675000", "nonInterestIncome": "None", "otherNonOperatingIncome": "None", "depreciation": "None", "depreciationAndAmortization": "24493000", "incomeBeforeTax": "17401000", "incomeTaxExpense": "14000", "interestAndDebtExpense": "None", "netIncomeFromContinuingOperations": "None", "comprehensiveIncomeNetOfTax": "None", "ebit": "-112441000", "ebitda": "-87948000", "netIncome": "11427000"}, {"fiscalDateEnding": "2015-09-30", "reportedCurrency": "USD", "grossProfit": "973131000", "totalRevenue": "35470378000", "costOfRevenue": "34497247000", "costofGoodsAndServicesSold": "34497247000", "operatingIncome": "16751000", "sellingGeneralAndAdministrative": "14084000", "researchAndDevelopment": "None", "operatingExpenses": "42212000", "investmentIncomeNet": "None", "netInterestIncome": "None", "interestIncome": "None", "interestExpense": "1775000", "nonInterestIncome": "None", "otherNonOperatingIncome": "None", "depreciation": "None", "depreciationAndAmortization": "24347000", "incomeBeforeTax": "14564000", "incomeTaxExpense": "34000", "interestAndDebtExpense": "None", "netIncomeFromContinuingOperations": "None", "comprehensiveIncomeNetOfTax": "None", "ebit": "553003000", "ebitda": "577350000", "netIncome": "9004000"}, {"fiscalDateEnding": "2015-06-30", "reportedCurrency": "USD", "grossProfit": "847896999", "totalRevenue": "34233555999", "costOfRevenue": "33385659000", "costofGoodsAndServicesSold": "33385659000", "operatingIncome": "14676000", "sellingGeneralAndAdministrative": "12959000", "researchAndDevelopment": "None", "operatingExpenses": "41306000", "investmentIncomeNet": "None", "netInterestIncome": "None", "interestIncome": "None", "interestExpense": "1438000", "nonInterestIncome": "None", "otherNonOperatingIncome": "None", "depreciation": "None", "depreciationAndAmortization": "24046000", "incomeBeforeTax": "12948000", "incomeTaxExpense": "66000", "interestAndDebtExpense": "None", "netIncomeFromContinuingOperations": "None", "comprehensiveIncomeNetOfTax": "None", "ebit": "380897000", "ebitda": "404943000", "netIncome": "7623000"}, {"fiscalDateEnding": "2015-03-31", "reportedCurrency": "USD", "grossProfit": "890493000", "totalRevenue": "32669267000", "costOfRevenue": "31778774000", "costofGoodsAndServicesSold": "31778774000", "operatingIncome": "13336000", "sellingGeneralAndAdministrative": "13108000", "researchAndDevelopment": "None", "operatingExpenses": "39706000", "investmentIncomeNet": "None", "netInterestIncome": "None", "interestIncome": "None", "interestExpense": "971000", "nonInterestIncome": "None", "otherNonOperatingIncome": "None", "depreciation": "None", "depreciationAndAmortization": "22816000", "incomeBeforeTax": "12109000", "incomeTaxExpense": "49000", "interestAndDebtExpense": "None", "netIncomeFromContinuingOperations": "None", "comprehensiveIncomeNetOfTax": "None", "ebit": "-341382000", "ebitda": "-318566000", "netIncome": "6652000"}, {"fiscalDateEnding": "2014-12-31", "reportedCurrency": "USD", "grossProfit": "752299000", "totalRevenue": "33588602000", "costOfRevenue": "32836303000", "costofGoodsAndServicesSold": "32836303000", "operatingIncome": "12477000", "sellingGeneralAndAdministrative": "11408000", "researchAndDevelopment": "None", "operatingExpenses": "37243000", "investmentIncomeNet": "None", "netInterestIncome": "None", "interestIncome": "None", "interestExpense": "17891000", "nonInterestIncome": "None", "otherNonOperatingIncome": "None", "depreciation": "None", "depreciationAndAmortization": "22422000", "incomeBeforeTax": "12324000", "incomeTaxExpense": "18000", "interestAndDebtExpense": "None", "netIncomeFromContinuingOperations": "None", "comprehensiveIncomeNetOfTax": "None", "ebit": "-60414000", "ebitda": "-37992000", "netIncome": "6749000"}, {"fiscalDateEnding": "2014-09-30", "reportedCurrency": "USD", "grossProfit": "872504000", "totalRevenue": "31588708000", "costOfRevenue": "30716204000", "costofGoodsAndServicesSold": "30716204000", "operatingIncome": "10372000", "sellingGeneralAndAdministrative": "12258000", "researchAndDevelopment": "None", "operatingExpenses": "37027000", "investmentIncomeNet": "None", "netInterestIncome": "None", "interestIncome": "None", "interestExpense": "913000", "nonInterestIncome": "None", "otherNonOperatingIncome": "None", "depreciation": "None", "depreciationAndAmortization": "20914000", "incomeBeforeTax": "9012000", "incomeTaxExpense": "22000", "interestAndDebtExpense": "None", "netIncomeFromContinuingOperations": "None", "comprehensiveIncomeNetOfTax": "None", "ebit": "236836000", "ebitda": "257750000", "netIncome": "5231000"}, {"fiscalDateEnding": "2014-06-30", "reportedCurrency": "USD", "grossProfit": "689480000", "totalRevenue": "30348154000", "costOfRevenue": "29658674000", "costofGoodsAndServicesSold": "29658674000", "operatingIncome": "13066000", "sellingGeneralAndAdministrative": "11802000", "researchAndDevelopment": "None", "operatingExpenses": "35062000", "investmentIncomeNet": "None", "netInterestIncome": "None", "interestIncome": "None", "interestExpense": "966000", "nonInterestIncome": "None", "otherNonOperatingIncome": "None", "depreciation": "None", "depreciationAndAmortization": "19504000", "incomeBeforeTax": "10616000", "incomeTaxExpense": "-22000", "interestAndDebtExpense": "None", "netIncomeFromContinuingOperations": "None", "comprehensiveIncomeNetOfTax": "None", "ebit": "109220000", "ebitda": "128724000", "netIncome": "5968000"}, {"fiscalDateEnding": "2014-03-31", "reportedCurrency": "USD", "grossProfit": "728744000", "totalRevenue": "28455903000", "costOfRevenue": "27727159000", "costofGoodsAndServicesSold": "27727159000", "operatingIncome": "9309000", "sellingGeneralAndAdministrative": "13693000", "researchAndDevelopment": "None", "operatingExpenses": "35167000", "investmentIncomeNet": "None", "netInterestIncome": "None", "interestIncome": "None", "interestExpense": "593000", "nonInterestIncome": "None", "otherNonOperatingIncome": "None", "depreciation": "None", "depreciationAndAmortization": "17882000", "incomeBeforeTax": "8138000", "incomeTaxExpense": "20000", "interestAndDebtExpense": "None", "netIncomeFromContinuingOperations": "None", "comprehensiveIncomeNetOfTax": "None", "ebit": "333373000", "ebitda": "351255000", "netIncome": "4817000"}, {"fiscalDateEnding": "2013-12-31", "reportedCurrency": "USD", "grossProfit": "667202000", "totalRevenue": "29176362000", "costOfRevenue": "28509160000", "costofGoodsAndServicesSold": "28509160000", "operatingIncome": "9740000", "sellingGeneralAndAdministrative": "12120000", "researchAndDevelopment": "None", "operatingExpenses": "32745000", "investmentIncomeNet": "None", "netInterestIncome": "None", "interestIncome": "None", "interestExpense": "19043000", "nonInterestIncome": "None", "otherNonOperatingIncome": "None", "depreciation": "None", "depreciationAndAmortization": "17151000", "incomeBeforeTax": "8995000", "incomeTaxExpense": "-34000", "interestAndDebtExpense": "None", "netIncomeFromContinuingOperations": "None", "comprehensiveIncomeNetOfTax": "None", "ebit": "188983000", "ebitda": "206134000", "netIncome": "5220000"}, {"fiscalDateEnding": "2013-09-30", "reportedCurrency": "USD", "grossProfit": "566417000", "totalRevenue": "24469040000", "costOfRevenue": "23902623000", "costofGoodsAndServicesSold": "23902623000", "operatingIncome": "9259000", "sellingGeneralAndAdministrative": "12127000", "researchAndDevelopment": "None", "operatingExpenses": "31782000", "investmentIncomeNet": "None", "netInterestIncome": "None", "interestIncome": "None", "interestExpense": "708000", "nonInterestIncome": "None", "otherNonOperatingIncome": "None", "depreciation": "None", "depreciationAndAmortization": "16424000", "incomeBeforeTax": "8565000", "incomeTaxExpense": "56000", "interestAndDebtExpense": "None", "netIncomeFromContinuingOperations": "None", "comprehensiveIncomeNetOfTax": "None", "ebit": "143566000", "ebitda": "159990000", "netIncome": "4985000"}, {"fiscalDateEnding": "2013-06-30", "reportedCurrency": "USD", "grossProfit": "556466000", "totalRevenue": "21906648000", "costOfRevenue": "21350182000", "costofGoodsAndServicesSold": "21350182000", "operatingIncome": "8866000", "sellingGeneralAndAdministrative": "10933000", "researchAndDevelopment": "None", "operatingExpenses": "31379000", "investmentIncomeNet": "None", "netInterestIncome": "None", "interestIncome": "None", "interestExpense": "783000", "nonInterestIncome": "None", "otherNonOperatingIncome": "None", "depreciation": "None", "depreciationAndAmortization": "16261000", "incomeBeforeTax": "8085000", "incomeTaxExpense": "206000", "interestAndDebtExpense": "None", "netIncomeFromContinuingOperations": "None", "comprehensiveIncomeNetOfTax": "None", "ebit": "161215000", "ebitda": "177476000", "netIncome": "4703000"}, {"fiscalDateEnding": "2013-03-31", "reportedCurrency": "USD", "grossProfit": "713533000", "totalRevenue": "20523668000", "costOfRevenue": "19810135000", "costofGoodsAndServicesSold": "19810135000", "operatingIncome": "6805000", "sellingGeneralAndAdministrative": "11796000", "researchAndDevelopment": "None", "operatingExpenses": "31539000", "investmentIncomeNet": "None", "netInterestIncome": "None", "interestIncome": "None", "interestExpense": "439000", "nonInterestIncome": "None", "otherNonOperatingIncome": "None", "depreciation": "None", "depreciationAndAmortization": "15949000", "incomeBeforeTax": "6368000", "incomeTaxExpense": "173000", "interestAndDebtExpense": "None", "netIncomeFromContinuingOperations": "None", "comprehensiveIncomeNetOfTax": "None", "ebit": "375652000", "ebitda": "391601000", "netIncome": "3933000"}, {"fiscalDateEnding": "2012-12-31", "reportedCurrency": "USD", "grossProfit": "648520000", "totalRevenue": "21059811000", "costOfRevenue": "20411291000", "costofGoodsAndServicesSold": "20411291000", "operatingIncome": "5936000", "sellingGeneralAndAdministrative": "11311000", "researchAndDevelopment": "None", "operatingExpenses": "25345000", "investmentIncomeNet": "None", "netInterestIncome": "None", "interestIncome": "None", "interestExpense": "1314000", "nonInterestIncome": "None", "otherNonOperatingIncome": "None", "depreciation": "None", "depreciationAndAmortization": "17577000", "incomeBeforeTax": "4623000", "incomeTaxExpense": "45000", "interestAndDebtExpense": "None", "netIncomeFromContinuingOperations": "None", "comprehensiveIncomeNetOfTax": "None", "ebit": "323655000", "ebitda": "341232000", "netIncome": "2299000"}, {"fiscalDateEnding": "2012-09-30", "reportedCurrency": "USD", "grossProfit": "699017000", "totalRevenue": "19064443000", "costOfRevenue": "18365426000", "costofGoodsAndServicesSold": "18365426000", "operatingIncome": "5059000", "sellingGeneralAndAdministrative": "11371000", "researchAndDevelopment": "None", "operatingExpenses": "32343000", "investmentIncomeNet": "None", "netInterestIncome": "None", "interestIncome": "None", "interestExpense": "1595000", "nonInterestIncome": "None", "otherNonOperatingIncome": "None", "depreciation": "None", "depreciationAndAmortization": "16139000", "incomeBeforeTax": "3469000", "incomeTaxExpense": "522000", "interestAndDebtExpense": "None", "netIncomeFromContinuingOperations": "None", "comprehensiveIncomeNetOfTax": "None", "ebit": "309804000", "ebitda": "325943000", "netIncome": "1320000"}, {"fiscalDateEnding": "2012-06-30", "reportedCurrency": "USD", "grossProfit": "667866000", "totalRevenue": "19326807000", "costOfRevenue": "18658941000", "costofGoodsAndServicesSold": "18658941000", "operatingIncome": "324386000", "sellingGeneralAndAdministrative": "10888000", "researchAndDevelopment": "None", "operatingExpenses": "339345000", "investmentIncomeNet": "None", "netInterestIncome": "None", "interestIncome": "None", "interestExpense": "24316000", "nonInterestIncome": "None", "otherNonOperatingIncome": "None", "depreciation": "None", "depreciationAndAmortization": "37000000", "incomeBeforeTax": "305400000", "incomeTaxExpense": "115223000", "interestAndDebtExpense": "None", "netIncomeFromContinuingOperations": "None", "comprehensiveIncomeNetOfTax": "None", "ebit": "329716000", "ebitda": "366716000", "netIncome": "181271000"}, {"fiscalDateEnding": "2012-03-31", "reportedCurrency": "USD", "grossProfit": "679741000", "totalRevenue": "19708371000", "costOfRevenue": "19028630000", "costofGoodsAndServicesSold": "19028630000", "operatingIncome": "377060000", "sellingGeneralAndAdministrative": "11051000", "researchAndDevelopment": "None", "operatingExpenses": "293654000", "investmentIncomeNet": "None", "netInterestIncome": "None", "interestIncome": "None", "interestExpense": "24045000", "nonInterestIncome": "None", "otherNonOperatingIncome": "None", "depreciation": "None", "depreciationAndAmortization": "31719000", "incomeBeforeTax": "353816000", "incomeTaxExpense": "134673000", "interestAndDebtExpense": "None", "netIncomeFromContinuingOperations": "None", "comprehensiveIncomeNetOfTax": "None", "ebit": "377861000", "ebitda": "409580000", "netIncome": "212105000"}, {"fiscalDateEnding": "2011-12-31", "reportedCurrency": "USD", "grossProfit": "583917000", "totalRevenue": "20311922000", "costOfRevenue": "19728005000", "costofGoodsAndServicesSold": "19728005000", "operatingIncome": "281419000", "sellingGeneralAndAdministrative": "10468000", "researchAndDevelopment": "None", "operatingExpenses": "298939000", "investmentIncomeNet": "None", "netInterestIncome": "None", "interestIncome": "None", "interestExpense": "22780000", "nonInterestIncome": "None", "otherNonOperatingIncome": "None", "depreciation": "None", "depreciationAndAmortization": "31882000", "incomeBeforeTax": "258844000", "incomeTaxExpense": "98887000", "interestAndDebtExpense": "None", "netIncomeFromContinuingOperations": "None", "comprehensiveIncomeNetOfTax": "None", "ebit": "281624000", "ebitda": "313506000", "netIncome": "162116000"}, {"fiscalDateEnding": "2011-09-30", "reportedCurrency": "USD", "grossProfit": "617947000", "totalRevenue": "20407670000", "costOfRevenue": "19789723000", "costofGoodsAndServicesSold": "19789723000", "operatingIncome": "243571000", "sellingGeneralAndAdministrative": "9540000", "researchAndDevelopment": "None", "operatingExpenses": "367870000", "investmentIncomeNet": "None", "netInterestIncome": "None", "interestIncome": "None", "interestExpense": "20184000", "nonInterestIncome": "None", "otherNonOperatingIncome": "None", "depreciation": "None", "depreciationAndAmortization": "33679000", "incomeBeforeTax": "226525000", "incomeTaxExpense": "79201000", "interestAndDebtExpense": "None", "netIncomeFromContinuingOperations": "None", "comprehensiveIncomeNetOfTax": "None", "ebit": "246709000", "ebitda": "280388000", "netIncome": "147324000"}, {"fiscalDateEnding": "2011-06-30", "reportedCurrency": "USD", "grossProfit": "653581000", "totalRevenue": "20161022000", "costOfRevenue": "19507441000", "costofGoodsAndServicesSold": "19507441000", "operatingIncome": "317159000", "sellingGeneralAndAdministrative": "10202000", "researchAndDevelopment": "None", "operatingExpenses": "336422000", "investmentIncomeNet": "None", "netInterestIncome": "None", "interestIncome": "None", "interestExpense": "19355000", "nonInterestIncome": "None", "otherNonOperatingIncome": "None", "depreciation": "None", "depreciationAndAmortization": "32012000", "incomeBeforeTax": "298492000", "incomeTaxExpense": "114073000", "interestAndDebtExpense": "None", "netIncomeFromContinuingOperations": "None", "comprehensiveIncomeNetOfTax": "None", "ebit": "317847000", "ebitda": "349859000", "netIncome": "184419000"}, {"fiscalDateEnding": "2011-03-31", "reportedCurrency": "USD", "grossProfit": "687336000", "totalRevenue": "19760257000", "costOfRevenue": "19072921000", "costofGoodsAndServicesSold": "19072921000", "operatingIncome": "365249000", "sellingGeneralAndAdministrative": "10164000", "researchAndDevelopment": "None", "operatingExpenses": "322087000", "investmentIncomeNet": "None", "netInterestIncome": "None", "interestIncome": "None", "interestExpense": "19625000", "nonInterestIncome": "None", "otherNonOperatingIncome": "None", "depreciation": "None", "depreciationAndAmortization": "30391000", "incomeBeforeTax": "346335000", "incomeTaxExpense": "131954000", "interestAndDebtExpense": "None", "netIncomeFromContinuingOperations": "None", "comprehensiveIncomeNetOfTax": "None", "ebit": "365960000", "ebitda": "396351000", "netIncome": "214381000"}, {"fiscalDateEnding": "2010-12-31", "reportedCurrency": "USD", "grossProfit": "580232000", "totalRevenue": "19888609000", "costOfRevenue": "19308377000", "costofGoodsAndServicesSold": "19308377000", "operatingIncome": "276766000", "sellingGeneralAndAdministrative": "9684000", "researchAndDevelopment": "None", "operatingExpenses": "303466000", "investmentIncomeNet": "None", "netInterestIncome": "None", "interestIncome": "None", "interestExpense": "19738000", "nonInterestIncome": "None", "otherNonOperatingIncome": "None", "depreciation": "None", "depreciationAndAmortization": "29859000", "incomeBeforeTax": "259289000", "incomeTaxExpense": "98789000", "interestAndDebtExpense": "None", "netIncomeFromContinuingOperations": "None", "comprehensiveIncomeNetOfTax": "None", "ebit": "279027000", "ebitda": "308886000", "netIncome": "160500000"}, {"fiscalDateEnding": "2010-09-30", "reportedCurrency": "USD", "grossProfit": "592834000", "totalRevenue": "19715373000", "costOfRevenue": "19122539000", "costofGoodsAndServicesSold": "19122539000", "operatingIncome": "248172000", "sellingGeneralAndAdministrative": "7346000", "researchAndDevelopment": "None", "operatingExpenses": "346644000", "investmentIncomeNet": "None", "netInterestIncome": "None", "interestIncome": "None", "interestExpense": "18950000", "nonInterestIncome": "None", "otherNonOperatingIncome": "None", "depreciation": "None", "depreciationAndAmortization": "27771000", "incomeBeforeTax": "227786000", "incomeTaxExpense": "86558000", "interestAndDebtExpense": "None", "netIncomeFromContinuingOperations": "None", "comprehensiveIncomeNetOfTax": "None", "ebit": "246736000", "ebitda": "274507000", "netIncome": "141228000"}, {"fiscalDateEnding": "2010-06-30", "reportedCurrency": "USD", "grossProfit": "588370000", "totalRevenue": "19602120000", "costOfRevenue": "19013750000", "costofGoodsAndServicesSold": "19013750000", "operatingIncome": "281854000", "sellingGeneralAndAdministrative": "2346000", "researchAndDevelopment": "None", "operatingExpenses": "310913000", "investmentIncomeNet": "None", "netInterestIncome": "None", "interestIncome": "None", "interestExpense": "18615000", "nonInterestIncome": "None", "otherNonOperatingIncome": "None", "depreciation": "None", "depreciationAndAmortization": "26009000", "incomeBeforeTax": "263465000", "incomeTaxExpense": "100260000", "interestAndDebtExpense": "None", "netIncomeFromContinuingOperations": "None", "comprehensiveIncomeNetOfTax": "None", "ebit": "282080000", "ebitda": "308089000", "netIncome": "163205000"}, {"fiscalDateEnding": "2010-03-31", "reportedCurrency": "USD", "grossProfit": "612068000", "totalRevenue": "19300627000", "costOfRevenue": "18688559000", "costofGoodsAndServicesSold": "18688559000", "operatingIncome": "311227000", "sellingGeneralAndAdministrative": "1839000", "researchAndDevelopment": "None", "operatingExpenses": "300178000", "investmentIncomeNet": "None", "netInterestIncome": "None", "interestIncome": "None", "interestExpense": "19598000", "nonInterestIncome": "None", "otherNonOperatingIncome": "None", "depreciation": "None", "depreciationAndAmortization": "25188000", "incomeBeforeTax": "291680000", "incomeTaxExpense": "110672000", "interestAndDebtExpense": "None", "netIncomeFromContinuingOperations": "None", "comprehensiveIncomeNetOfTax": "None", "ebit": "311278000", "ebitda": "336466000", "netIncome": "181008000"}, {"fiscalDateEnding": "2009-12-31", "reportedCurrency": "USD", "grossProfit": "563370000", "totalRevenue": "19335859000", "costOfRevenue": "18772489000", "costofGoodsAndServicesSold": "18772489000", "operatingIncome": "262382000", "sellingGeneralAndAdministrative": "1358000", "researchAndDevelopment": "None", "operatingExpenses": "300988000", "investmentIncomeNet": "None", "netInterestIncome": "None", "interestIncome": "None", "interestExpense": "17642000", "nonInterestIncome": "None", "otherNonOperatingIncome": "None", "depreciation": "None", "depreciationAndAmortization": "25204000", "incomeBeforeTax": "244838000", "incomeTaxExpense": "93531000", "interestAndDebtExpense": "None", "netIncomeFromContinuingOperations": "None", "comprehensiveIncomeNetOfTax": "None", "ebit": "262480000", "ebitda": "287684000", "netIncome": "151307000"}, {"fiscalDateEnding": "2009-09-30", "reportedCurrency": "USD", "grossProfit": "538533000", "totalRevenue": "18716063000", "costOfRevenue": "18177530000", "costofGoodsAndServicesSold": "18177530000", "operatingIncome": "224612000", "sellingGeneralAndAdministrative": "2117000", "researchAndDevelopment": "None", "operatingExpenses": "312349000", "investmentIncomeNet": "None", "netInterestIncome": "None", "interestIncome": "None", "interestExpense": "14951000", "nonInterestIncome": "None", "otherNonOperatingIncome": "None", "depreciation": "None", "depreciationAndAmortization": "24922000", "incomeBeforeTax": "209412000", "incomeTaxExpense": "79265000", "interestAndDebtExpense": "None", "netIncomeFromContinuingOperations": "None", "comprehensiveIncomeNetOfTax": "None", "ebit": "224363000", "ebitda": "249285000", "netIncome": "130147000"}, {"fiscalDateEnding": "2009-06-30", "reportedCurrency": "USD", "grossProfit": "519223000", "totalRevenue": "18393899000", "costOfRevenue": "17874676000", "costofGoodsAndServicesSold": "17874676000", "operatingIncome": "212987000", "sellingGeneralAndAdministrative": "1678000", "researchAndDevelopment": "None", "operatingExpenses": "297336000", "investmentIncomeNet": "None", "netInterestIncome": "None", "interestIncome": "None", "interestExpense": "15684000", "nonInterestIncome": "None", "otherNonOperatingIncome": "None", "depreciation": "None", "depreciationAndAmortization": "23551000", "incomeBeforeTax": "198149000", "incomeTaxExpense": "73015000", "interestAndDebtExpense": "None", "netIncomeFromContinuingOperations": "None", "comprehensiveIncomeNetOfTax": "None", "ebit": "213833000", "ebitda": "237384000", "netIncome": "118807000"}, {"fiscalDateEnding": "2009-03-31", "reportedCurrency": "USD", "grossProfit": "552471000", "totalRevenue": "17311651000", "costOfRevenue": "16759180000", "costofGoodsAndServicesSold": "16759180000", "operatingIncome": "248266000", "sellingGeneralAndAdministrative": "1307000", "researchAndDevelopment": "None", "operatingExpenses": "302905000", "investmentIncomeNet": "None", "netInterestIncome": "None", "interestIncome": "None", "interestExpense": "15900000", "nonInterestIncome": "None", "otherNonOperatingIncome": "None", "depreciation": "None", "depreciationAndAmortization": "23187000", "incomeBeforeTax": "233241000", "incomeTaxExpense": "89199000", "interestAndDebtExpense": "None", "netIncomeFromContinuingOperations": "None", "comprehensiveIncomeNetOfTax": "None", "ebit": "249141000", "ebitda": "272328000", "netIncome": "143387000"}, {"fiscalDateEnding": "2008-12-31", "reportedCurrency": "USD", "grossProfit": "489848000", "totalRevenue": "17338377000", "costOfRevenue": "16848529000", "costofGoodsAndServicesSold": "16848529000", "operatingIncome": "197884000", "sellingGeneralAndAdministrative": "272026000", "researchAndDevelopment": "None", "operatingExpenses": "290935000", "investmentIncomeNet": "None", "netInterestIncome": "None", "interestIncome": "None", "interestExpense": "14183000", "nonInterestIncome": "None", "otherNonOperatingIncome": "None", "depreciation": "None", "depreciationAndAmortization": "17813000", "incomeBeforeTax": "183272000", "incomeTaxExpense": "70743000", "interestAndDebtExpense": "None", "netIncomeFromContinuingOperations": "None", "comprehensiveIncomeNetOfTax": "None", "ebit": "202298000", "ebitda": "220111000", "netIncome": "111056000"}, {"fiscalDateEnding": "2008-09-30", "reportedCurrency": "USD", "grossProfit": "527453000", "totalRevenue": "17157846000", "costOfRevenue": "16630393000", "costofGoodsAndServicesSold": "16630393000", "operatingIncome": "202692000", "sellingGeneralAndAdministrative": "303279000", "researchAndDevelopment": "None", "operatingExpenses": "321810000", "investmentIncomeNet": "None", "netInterestIncome": "None", "interestIncome": "None", "interestExpense": "None", "nonInterestIncome": "None", "otherNonOperatingIncome": "None", "depreciation": "None", "depreciationAndAmortization": "22268000", "incomeBeforeTax": "187763000", "incomeTaxExpense": "72701000", "interestAndDebtExpense": "None", "netIncomeFromContinuingOperations": "None", "comprehensiveIncomeNetOfTax": "None", "ebit": "205643000", "ebitda": "227911000", "netIncome": "114907000"}, {"fiscalDateEnding": "2008-06-30", "reportedCurrency": "USD", "grossProfit": "498045000", "totalRevenue": "17996666000", "costOfRevenue": "17498621000", "costofGoodsAndServicesSold": "17498621000", "operatingIncome": "197525000", "sellingGeneralAndAdministrative": "271098000", "researchAndDevelopment": "None", "operatingExpenses": "292655000", "investmentIncomeNet": "None", "netInterestIncome": "None", "interestIncome": "None", "interestExpense": "None", "nonInterestIncome": "None", "otherNonOperatingIncome": "None", "depreciation": "None", "depreciationAndAmortization": "21709000", "incomeBeforeTax": "180791000", "incomeTaxExpense": "68026000", "interestAndDebtExpense": "None", "netIncomeFromContinuingOperations": "None", "comprehensiveIncomeNetOfTax": "None", "ebit": "205390000", "ebitda": "227099000", "netIncome": "-108020000"}, {"fiscalDateEnding": "2008-03-31", "reportedCurrency": "USD", "grossProfit": "558753000", "totalRevenue": "17846246000", "costOfRevenue": "17287493000", "costofGoodsAndServicesSold": "17287493000", "operatingIncome": "236722000", "sellingGeneralAndAdministrative": "297607000", "researchAndDevelopment": "None", "operatingExpenses": "320647000", "investmentIncomeNet": "None", "netInterestIncome": "None", "interestIncome": "None", "interestExpense": "None", "nonInterestIncome": "None", "otherNonOperatingIncome": "None", "depreciation": "None", "depreciationAndAmortization": "26348000", "incomeBeforeTax": "218988000", "incomeTaxExpense": "85136000", "interestAndDebtExpense": "None", "netIncomeFromContinuingOperations": "None", "comprehensiveIncomeNetOfTax": "None", "ebit": "238498000", "ebitda": "264846000", "netIncome": "133852000"}, {"fiscalDateEnding": "2007-12-31", "reportedCurrency": "USD", "grossProfit": "507460000", "totalRevenue": "17372915000", "costOfRevenue": "16865455000", "costofGoodsAndServicesSold": "16865455000", "operatingIncome": "194990000", "sellingGeneralAndAdministrative": "290117000", "researchAndDevelopment": "None", "operatingExpenses": "312470000", "investmentIncomeNet": "None", "netInterestIncome": "None", "interestIncome": "None", "interestExpense": "None", "nonInterestIncome": "None", "otherNonOperatingIncome": "None", "depreciation": "None", "depreciationAndAmortization": "25557000", "incomeBeforeTax": "177829000", "incomeTaxExpense": "68009000", "interestAndDebtExpense": "None", "netIncomeFromContinuingOperations": "None", "comprehensiveIncomeNetOfTax": "None", "ebit": "187889000", "ebitda": "213446000", "netIncome": "109820000"}, {"fiscalDateEnding": "2007-09-30", "reportedCurrency": "USD", "grossProfit": "528430000", "totalRevenue": "16390450000", "costOfRevenue": "15862020000", "costofGoodsAndServicesSold": "15862020000", "operatingIncome": "181020000", "sellingGeneralAndAdministrative": "332898000", "researchAndDevelopment": "None", "operatingExpenses": "357956000", "investmentIncomeNet": "None", "netInterestIncome": "None", "interestIncome": "None", "interestExpense": "None", "nonInterestIncome": "None", "otherNonOperatingIncome": "None", "depreciation": "None", "depreciationAndAmortization": "25219000", "incomeBeforeTax": "174043000", "incomeTaxExpense": "61866000", "interestAndDebtExpense": "None", "netIncomeFromContinuingOperations": "None", "comprehensiveIncomeNetOfTax": "None", "ebit": "170474000", "ebitda": "195693000", "netIncome": "87576000"}, {"fiscalDateEnding": "2007-06-30", "reportedCurrency": "USD", "grossProfit": "597223000", "totalRevenue": "16445928000", "costOfRevenue": "15848705000", "costofGoodsAndServicesSold": "15848705000", "operatingIncome": "209571000", "sellingGeneralAndAdministrative": "359877000", "researchAndDevelopment": "None", "operatingExpenses": "384292000", "investmentIncomeNet": "None", "netInterestIncome": "None", "interestIncome": "None", "interestExpense": "None", "nonInterestIncome": "None", "otherNonOperatingIncome": "None", "depreciation": "None", "depreciationAndAmortization": "27359000", "incomeBeforeTax": "199730000", "incomeTaxExpense": "69822000", "interestAndDebtExpense": "None", "netIncomeFromContinuingOperations": "None", "comprehensiveIncomeNetOfTax": "None", "ebit": "212931000", "ebitda": "240290000", "netIncome": "129908000"}, {"fiscalDateEnding": "2007-03-31", "reportedCurrency": "USD", "grossProfit": "606443000", "totalRevenue": "16512541000", "costOfRevenue": "15906098000", "costofGoodsAndServicesSold": "15906098000", "operatingIncome": "220892000", "sellingGeneralAndAdministrative": "363367000", "researchAndDevelopment": "None", "operatingExpenses": "385416000", "investmentIncomeNet": "None", "netInterestIncome": "None", "interestIncome": "None", "interestExpense": "None", "nonInterestIncome": "None", "otherNonOperatingIncome": "None", "depreciation": "None", "depreciationAndAmortization": "24991000", "incomeBeforeTax": "210627000", "incomeTaxExpense": "81131000", "interestAndDebtExpense": "None", "netIncomeFromContinuingOperations": "None", "comprehensiveIncomeNetOfTax": "None", "ebit": "221027000", "ebitda": "246018000", "netIncome": "129496000"}, {"fiscalDateEnding": "2006-12-31", "reportedCurrency": "USD", "grossProfit": "594643000", "totalRevenue": "16725393000", "costOfRevenue": "16130750000", "costofGoodsAndServicesSold": "16130750000", "operatingIncome": "208859000", "sellingGeneralAndAdministrative": "362984000", "researchAndDevelopment": "None", "operatingExpenses": "385784000", "investmentIncomeNet": "None", "netInterestIncome": "None", "interestIncome": "None", "interestExpense": "None", "nonInterestIncome": "None", "otherNonOperatingIncome": "None", "depreciation": "None", "depreciationAndAmortization": "26775000", "incomeBeforeTax": "200650000", "incomeTaxExpense": "78463000", "interestAndDebtExpense": "None", "netIncomeFromContinuingOperations": "None", "comprehensiveIncomeNetOfTax": "None", "ebit": "208859000", "ebitda": "235634000", "netIncome": "122187000"}, {"fiscalDateEnding": "2006-09-30", "reportedCurrency": "USD", "grossProfit": "585495000", "totalRevenue": "15643004000", "costOfRevenue": "15057509000", "costofGoodsAndServicesSold": "15057509000", "operatingIncome": "195333000", "sellingGeneralAndAdministrative": "379734000", "researchAndDevelopment": "None", "operatingExpenses": "402480000", "investmentIncomeNet": "None", "netInterestIncome": "None", "interestIncome": "None", "interestExpense": "None", "nonInterestIncome": "None", "otherNonOperatingIncome": "None", "depreciation": "None", "depreciationAndAmortization": "25054000", "incomeBeforeTax": "195572000", "incomeTaxExpense": "73594000", "interestAndDebtExpense": "None", "netIncomeFromContinuingOperations": "None", "comprehensiveIncomeNetOfTax": "None", "ebit": "183015000", "ebitda": "208069000", "netIncome": "122078000"}, {"fiscalDateEnding": "2006-06-30", "reportedCurrency": "USD", "grossProfit": "557179000", "totalRevenue": "15686315000", "costOfRevenue": "15129136000", "costofGoodsAndServicesSold": "15129136000", "operatingIncome": "188844000", "sellingGeneralAndAdministrative": "346394000", "researchAndDevelopment": "None", "operatingExpenses": "368421000", "investmentIncomeNet": "None", "netInterestIncome": "None", "interestIncome": "None", "interestExpense": "None", "nonInterestIncome": "None", "otherNonOperatingIncome": "None", "depreciation": "None", "depreciationAndAmortization": "24956000", "incomeBeforeTax": "189341000", "incomeTaxExpense": "69873000", "interestAndDebtExpense": "None", "netIncomeFromContinuingOperations": "None", "comprehensiveIncomeNetOfTax": "None", "ebit": "188758000", "ebitda": "213714000", "netIncome": "119468000"}, {"fiscalDateEnding": "2006-03-31", "reportedCurrency": "USD", "grossProfit": "560763000", "totalRevenue": "15220679000", "costOfRevenue": "14659916000", "costofGoodsAndServicesSold": "14659916000", "operatingIncome": "197924000", "sellingGeneralAndAdministrative": "339113000", "researchAndDevelopment": "None", "operatingExpenses": "359262000", "investmentIncomeNet": "None", "netInterestIncome": "None", "interestIncome": "None", "interestExpense": "None", "nonInterestIncome": "None", "otherNonOperatingIncome": "None", "depreciation": "None", "depreciationAndAmortization": "23229000", "incomeBeforeTax": "196406000", "incomeTaxExpense": "67816000", "interestAndDebtExpense": "None", "netIncomeFromContinuingOperations": "None", "comprehensiveIncomeNetOfTax": "None", "ebit": "201501000", "ebitda": "224730000", "netIncome": "129001000"}, {"fiscalDateEnding": "2005-12-31", "reportedCurrency": "USD", "grossProfit": "528378000", "totalRevenue": "14653147000", "costOfRevenue": "14124769000", "costofGoodsAndServicesSold": "14124769000", "operatingIncome": "166605000", "sellingGeneralAndAdministrative": "340686000", "researchAndDevelopment": "None", "operatingExpenses": "361773000", "investmentIncomeNet": "None", "netInterestIncome": "None", "interestIncome": "None", "interestExpense": "None", "nonInterestIncome": "None", "otherNonOperatingIncome": "None", "depreciation": "None", "depreciationAndAmortization": "23694000", "incomeBeforeTax": "159310000", "incomeTaxExpense": "61334000", "interestAndDebtExpense": "None", "netIncomeFromContinuingOperations": "None", "comprehensiveIncomeNetOfTax": "None", "ebit": "166605000", "ebitda": "190299000", "netIncome": "98685000"}, {"fiscalDateEnding": "2005-09-30", "reportedCurrency": "USD", "grossProfit": "521774000", "totalRevenue": "13918353000", "costOfRevenue": "13396579000", "costofGoodsAndServicesSold": "13396579000", "operatingIncome": "154998000", "sellingGeneralAndAdministrative": "356597000", "researchAndDevelopment": "None", "operatingExpenses": "377493000", "investmentIncomeNet": "None", "netInterestIncome": "None", "interestIncome": "None", "interestExpense": "None", "nonInterestIncome": "None", "otherNonOperatingIncome": "None", "depreciation": "None", "depreciationAndAmortization": "23310000", "incomeBeforeTax": "34610000", "incomeTaxExpense": "13267000", "interestAndDebtExpense": "None", "netIncomeFromContinuingOperations": "None", "comprehensiveIncomeNetOfTax": "None", "ebit": "144281000", "ebitda": "167591000", "netIncome": "74055000"}, {"fiscalDateEnding": "2005-06-30", "reportedCurrency": "USD", "grossProfit": "502069000", "totalRevenue": "13831966000", "costOfRevenue": "13329897000", "costofGoodsAndServicesSold": "13329897000", "operatingIncome": "168608000", "sellingGeneralAndAdministrative": "310112000", "researchAndDevelopment": "None", "operatingExpenses": "329714000", "investmentIncomeNet": "None", "netInterestIncome": "None", "interestIncome": "None", "interestExpense": "None", "nonInterestIncome": "None", "otherNonOperatingIncome": "None", "depreciation": "None", "depreciationAndAmortization": "20779000", "incomeBeforeTax": "157046000", "incomeTaxExpense": "57202000", "interestAndDebtExpense": "None", "netIncomeFromContinuingOperations": "None", "comprehensiveIncomeNetOfTax": "None", "ebit": "172355000", "ebitda": "193134000", "netIncome": "94777000"}, {"fiscalDateEnding": "2005-03-31", "reportedCurrency": "USD", "grossProfit": "502115000", "totalRevenue": "13191576000", "costOfRevenue": "12689461000", "costofGoodsAndServicesSold": "12689461000", "operatingIncome": "176423000", "sellingGeneralAndAdministrative": "299672000", "researchAndDevelopment": "None", "operatingExpenses": "325692000", "investmentIncomeNet": "None", "netInterestIncome": "None", "interestIncome": "None", "interestExpense": "None", "nonInterestIncome": "None", "otherNonOperatingIncome": "None", "depreciation": "None", "depreciationAndAmortization": "23322000", "incomeBeforeTax": "162293000", "incomeTaxExpense": "62321000", "interestAndDebtExpense": "None", "netIncomeFromContinuingOperations": "None", "comprehensiveIncomeNetOfTax": "None", "ebit": "179256000", "ebitda": "202578000", "netIncome": "99422000"}, {"fiscalDateEnding": "2004-12-31", "reportedCurrency": "USD", "grossProfit": "460899000", "totalRevenue": "13639042000", "costOfRevenue": "13178143000", "costofGoodsAndServicesSold": "13178143000", "operatingIncome": "137061000", "sellingGeneralAndAdministrative": "302684000", "researchAndDevelopment": "None", "operatingExpenses": "323838000", "investmentIncomeNet": "None", "netInterestIncome": "None", "interestIncome": "None", "interestExpense": "None", "nonInterestIncome": "None", "otherNonOperatingIncome": "None", "depreciation": "None", "depreciationAndAmortization": "23471000", "incomeBeforeTax": "115028000", "incomeTaxExpense": "44171000", "interestAndDebtExpense": "None", "netIncomeFromContinuingOperations": "None", "comprehensiveIncomeNetOfTax": "None", "ebit": "137061000", "ebitda": "160532000", "netIncome": "64449000"}]}