{"symbol": "DHR", "annualReports": [{"fiscalDateEnding": "2024-12-31", "reportedCurrency": "USD", "grossProfit": "14206000000", "totalRevenue": "23875000000", "costOfRevenue": "9669000000", "costofGoodsAndServicesSold": "9669000000", "operatingIncome": "4863000000", "sellingGeneralAndAdministrative": "7759000000", "researchAndDevelopment": "1584000000", "operatingExpenses": "9343000000", "investmentIncomeNet": "None", "netInterestIncome": "-161000000", "interestIncome": "117000000", "interestExpense": "278000000", "nonInterestIncome": "None", "otherNonOperatingIncome": "None", "depreciation": "None", "depreciationAndAmortization": "None", "incomeBeforeTax": "4646000000", "incomeTaxExpense": "747000000", "interestAndDebtExpense": "None", "netIncomeFromContinuingOperations": "3899000000", "comprehensiveIncomeNetOfTax": "None", "ebit": "None", "ebitda": "4863000000", "netIncome": "3899000000"}, {"fiscalDateEnding": "2023-12-31", "reportedCurrency": "USD", "grossProfit": "14034000000", "totalRevenue": "23890000000", "costOfRevenue": "12216000000", "costofGoodsAndServicesSold": "12216000000", "operatingIncome": "5202000000", "sellingGeneralAndAdministrative": "8676000000", "researchAndDevelopment": "1503000000", "operatingExpenses": "8832000000", "investmentIncomeNet": "None", "netInterestIncome": "-57000000", "interestIncome": "215000000", "interestExpense": "286000000", "nonInterestIncome": "None", "otherNonOperatingIncome": "None", "depreciation": "None", "depreciationAndAmortization": "2166000000", "incomeBeforeTax": "5044000000", "incomeTaxExpense": "301000000", "interestAndDebtExpense": "None", "netIncomeFromContinuingOperations": "5917000000", "comprehensiveIncomeNetOfTax": "None", "ebit": "5202000000", "ebitda": "5202000000", "netIncome": "4743000000"}, {"fiscalDateEnding": "2022-12-31", "reportedCurrency": "USD", "grossProfit": "18949000000", "totalRevenue": "31471000000", "costOfRevenue": "12522000000", "costofGoodsAndServicesSold": "12522000000", "operatingIncome": "8688000000", "sellingGeneralAndAdministrative": "8516000000", "researchAndDevelopment": "1745000000", "operatingExpenses": "10261000000", "investmentIncomeNet": "None", "netInterestIncome": "-170000000", "interestIncome": "170000000", "interestExpense": "211000000", "nonInterestIncome": "None", "otherNonOperatingIncome": "-185000000", "depreciation": "None", "depreciationAndAmortization": "2132000000", "incomeBeforeTax": "8292000000", "incomeTaxExpense": "1083000000", "interestAndDebtExpense": "None", "netIncomeFromContinuingOperations": "7209000000", "comprehensiveIncomeNetOfTax": "None", "ebit": "7580000000", "ebitda": "9712000000", "netIncome": "7209000000"}, {"fiscalDateEnding": "2021-12-31", "reportedCurrency": "USD", "grossProfit": "17952000000", "totalRevenue": "29453000000", "costOfRevenue": "11501000000", "costofGoodsAndServicesSold": "11501000000", "operatingIncome": "7465000000", "sellingGeneralAndAdministrative": "8198000000", "researchAndDevelopment": "1742000000", "operatingExpenses": "10487000000", "investmentIncomeNet": "None", "netInterestIncome": "-227000000", "interestIncome": "227000000", "interestExpense": "238000000", "nonInterestIncome": "None", "otherNonOperatingIncome": "371000000", "depreciation": "None", "depreciationAndAmortization": "2168000000", "incomeBeforeTax": "7598000000", "incomeTaxExpense": "1251000000", "interestAndDebtExpense": "None", "netIncomeFromContinuingOperations": "6347000000", "comprehensiveIncomeNetOfTax": "None", "ebit": "7839000000", "ebitda": "10007000000", "netIncome": "6433000000"}, {"fiscalDateEnding": "2020-12-31", "reportedCurrency": "USD", "grossProfit": "12475000000", "totalRevenue": "22284000000", "costOfRevenue": "9809000000", "costofGoodsAndServicesSold": "9809000000", "operatingIncome": "4231000000", "sellingGeneralAndAdministrative": "6896000000", "researchAndDevelopment": "1348000000", "operatingExpenses": "8244000000", "investmentIncomeNet": "None", "netInterestIncome": "-204000000", "interestIncome": "204000000", "interestExpense": "275000000", "nonInterestIncome": "None", "otherNonOperatingIncome": "539000000", "depreciation": "None", "depreciationAndAmortization": "1775000000", "incomeBeforeTax": "4495000000", "incomeTaxExpense": "849000000", "interestAndDebtExpense": "None", "netIncomeFromContinuingOperations": "3646000000", "comprehensiveIncomeNetOfTax": "None", "ebit": "4815000000", "ebitda": "6590000000", "netIncome": "3646000000"}, {"fiscalDateEnding": "2019-12-31", "reportedCurrency": "USD", "grossProfit": "9983700000", "totalRevenue": "17911100000", "costOfRevenue": "7927400000", "costofGoodsAndServicesSold": "7927400000", "operatingIncome": "3269400000", "sellingGeneralAndAdministrative": "5588300000", "researchAndDevelopment": "1126000000", "operatingExpenses": "6714300000", "investmentIncomeNet": "None", "netInterestIncome": "30400000", "interestIncome": "139000000", "interestExpense": "108600000", "nonInterestIncome": "None", "otherNonOperatingIncome": "144500000", "depreciation": "None", "depreciationAndAmortization": "1189500000", "incomeBeforeTax": "3305300000", "incomeTaxExpense": "873000000", "interestAndDebtExpense": "None", "netIncomeFromContinuingOperations": "2432300000", "comprehensiveIncomeNetOfTax": "None", "ebit": "3413900000", "ebitda": "4603400000", "netIncome": "3008200000"}, {"fiscalDateEnding": "2018-12-31", "reportedCurrency": "USD", "grossProfit": "11107100000", "totalRevenue": "19893000000", "costOfRevenue": "8785900000", "costofGoodsAndServicesSold": "8785900000", "operatingIncome": "3403800000", "sellingGeneralAndAdministrative": "6472100000", "researchAndDevelopment": "1231200000", "operatingExpenses": "7703300000", "investmentIncomeNet": "None", "netInterestIncome": "-148200000", "interestIncome": "9200000", "interestExpense": "157400000", "nonInterestIncome": "None", "otherNonOperatingIncome": "46400000", "depreciation": "None", "depreciationAndAmortization": "1177700000", "incomeBeforeTax": "3292800000", "incomeTaxExpense": "641900000", "interestAndDebtExpense": "None", "netIncomeFromContinuingOperations": "2650900000", "comprehensiveIncomeNetOfTax": "None", "ebit": "3098800000", "ebitda": "4276500000", "netIncome": "2650900000"}, {"fiscalDateEnding": "2017-12-31", "reportedCurrency": "USD", "grossProfit": "10192500000", "totalRevenue": "18329700000", "costOfRevenue": "8137200000", "costofGoodsAndServicesSold": "8137200000", "operatingIncome": "3021200000", "sellingGeneralAndAdministrative": "6042500000", "researchAndDevelopment": "1128800000", "operatingExpenses": "7171300000", "investmentIncomeNet": "None", "netInterestIncome": "-155200000", "interestIncome": "7500000", "interestExpense": "162700000", "nonInterestIncome": "None", "otherNonOperatingIncome": "80300000", "depreciation": "None", "depreciationAndAmortization": "1238300000", "incomeBeforeTax": "2938800000", "incomeTaxExpense": "469000000", "interestAndDebtExpense": "None", "netIncomeFromContinuingOperations": "2469800000", "comprehensiveIncomeNetOfTax": "None", "ebit": "3101500000", "ebitda": "4339800000", "netIncome": "2492100000"}, {"fiscalDateEnding": "2016-12-31", "reportedCurrency": "USD", "grossProfit": "9334600000", "totalRevenue": "16882400000", "costOfRevenue": "7547800000", "costofGoodsAndServicesSold": "7547800000", "operatingIncome": "2750900000", "sellingGeneralAndAdministrative": "5608600000", "researchAndDevelopment": "975100000", "operatingExpenses": "6583700000", "investmentIncomeNet": "None", "netInterestIncome": "-184200000", "interestIncome": "200000", "interestExpense": "184400000", "nonInterestIncome": "None", "otherNonOperatingIncome": "44800000", "depreciation": "None", "depreciationAndAmortization": "1128100000", "incomeBeforeTax": "2611300000", "incomeTaxExpense": "457900000", "interestAndDebtExpense": "None", "netIncomeFromContinuingOperations": "2153400000", "comprehensiveIncomeNetOfTax": "None", "ebit": "2903600000", "ebitda": "4031700000", "netIncome": "2553700000"}, {"fiscalDateEnding": "2015-12-31", "reportedCurrency": "USD", "grossProfit": "10762500000", "totalRevenue": "20563100000", "costOfRevenue": "9800600000", "costofGoodsAndServicesSold": "9800600000", "operatingIncome": "3469100000", "sellingGeneralAndAdministrative": "6054300000", "researchAndDevelopment": "1239100000", "operatingExpenses": "7293400000", "investmentIncomeNet": "None", "netInterestIncome": "None", "interestIncome": "123200000", "interestExpense": "162800000", "nonInterestIncome": "None", "otherNonOperatingIncome": "17700000", "depreciation": "None", "depreciationAndAmortization": "1051300000", "incomeBeforeTax": "3324000000", "incomeTaxExpense": "725300000", "interestAndDebtExpense": "None", "netIncomeFromContinuingOperations": "2598700000", "comprehensiveIncomeNetOfTax": "None", "ebit": "2156200000", "ebitda": "3207500000", "netIncome": "3357400000"}, {"fiscalDateEnding": "2014-12-31", "reportedCurrency": "USD", "grossProfit": "10442500000", "totalRevenue": "19913800000", "costOfRevenue": "9471300000", "costofGoodsAndServicesSold": "9471300000", "operatingIncome": "3431300000", "sellingGeneralAndAdministrative": "5697000000", "researchAndDevelopment": "1314200000", "operatingExpenses": "7011200000", "investmentIncomeNet": "None", "netInterestIncome": "None", "interestIncome": "None", "interestExpense": "122700000", "nonInterestIncome": "None", "otherNonOperatingIncome": "173200000", "depreciation": "None", "depreciationAndAmortization": "938500000", "incomeBeforeTax": "3481800000", "incomeTaxExpense": "883400000", "interestAndDebtExpense": "None", "netIncomeFromContinuingOperations": "2598400000", "comprehensiveIncomeNetOfTax": "None", "ebit": "3604500000", "ebitda": "4543000000", "netIncome": "2598400000"}, {"fiscalDateEnding": "2013-12-31", "reportedCurrency": "USD", "grossProfit": "9957600000", "totalRevenue": "19118000000", "costOfRevenue": "9160400000", "costofGoodsAndServicesSold": "9160400000", "operatingIncome": "3274900000", "sellingGeneralAndAdministrative": "5432800000", "researchAndDevelopment": "1249900000", "operatingExpenses": "6682700000", "investmentIncomeNet": "None", "netInterestIncome": "None", "interestIncome": "None", "interestExpense": "145900000", "nonInterestIncome": "None", "otherNonOperatingIncome": "235500000", "depreciation": "None", "depreciationAndAmortization": "895000000", "incomeBeforeTax": "3566000000", "incomeTaxExpense": "871000000", "interestAndDebtExpense": "None", "netIncomeFromContinuingOperations": "2695000000", "comprehensiveIncomeNetOfTax": "None", "ebit": "3711900000", "ebitda": "4606900000", "netIncome": "2695000000"}, {"fiscalDateEnding": "2012-12-31", "reportedCurrency": "USD", "grossProfit": "9414300000", "totalRevenue": "18260400000", "costOfRevenue": "8846100000", "costofGoodsAndServicesSold": "8846100000", "operatingIncome": "3165100000", "sellingGeneralAndAdministrative": "5181200000", "researchAndDevelopment": "1137900000", "operatingExpenses": "6319100000", "investmentIncomeNet": "None", "netInterestIncome": "None", "interestIncome": "None", "interestExpense": "157500000", "nonInterestIncome": "None", "otherNonOperatingIncome": "3200000", "depreciation": "None", "depreciationAndAmortization": "839800000", "incomeBeforeTax": "3010800000", "incomeTaxExpense": "711500000", "interestAndDebtExpense": "None", "netIncomeFromContinuingOperations": "2299300000", "comprehensiveIncomeNetOfTax": "None", "ebit": "3168300000", "ebitda": "4008100000", "netIncome": "2392200000"}, {"fiscalDateEnding": "2011-12-31", "reportedCurrency": "USD", "grossProfit": "8176664000", "totalRevenue": "16090540000", "costOfRevenue": "7913876000", "costofGoodsAndServicesSold": "7913876000", "operatingIncome": "2617226000", "sellingGeneralAndAdministrative": "4607692000", "researchAndDevelopment": "1018526000", "operatingExpenses": "5559438000", "investmentIncomeNet": "None", "netInterestIncome": "None", "interestIncome": "None", "interestExpense": "141637000", "nonInterestIncome": "None", "otherNonOperatingIncome": "None", "depreciation": "None", "depreciationAndAmortization": "634934000", "incomeBeforeTax": "2447849000", "incomeTaxExpense": "512562000", "interestAndDebtExpense": "None", "netIncomeFromContinuingOperations": "None", "comprehensiveIncomeNetOfTax": "None", "ebit": "2589486000", "ebitda": "3224420000", "netIncome": "2172264000"}, {"fiscalDateEnding": "2010-12-31", "reportedCurrency": "USD", "grossProfit": "6626790000", "totalRevenue": "13202602000", "costOfRevenue": "6575812000", "costofGoodsAndServicesSold": "6575812000", "operatingIncome": "2166374000", "sellingGeneralAndAdministrative": "3673703000", "researchAndDevelopment": "809481000", "operatingExpenses": "4483184000", "investmentIncomeNet": "None", "netInterestIncome": "None", "interestIncome": "None", "interestExpense": "120775000", "nonInterestIncome": "None", "otherNonOperatingIncome": "6069000", "depreciation": "None", "depreciationAndAmortization": "397082000", "incomeBeforeTax": "2342705000", "incomeTaxExpense": "549705000", "interestAndDebtExpense": "None", "netIncomeFromContinuingOperations": "1793000000", "comprehensiveIncomeNetOfTax": "None", "ebit": "2463480000", "ebitda": "2860562000", "netIncome": "1793000000"}, {"fiscalDateEnding": "2009-12-31", "reportedCurrency": "USD", "grossProfit": "5280220000", "totalRevenue": "11184938000", "costOfRevenue": "5904718000", "costofGoodsAndServicesSold": "5904718000", "operatingIncome": "1542476000", "sellingGeneralAndAdministrative": "3190211000", "researchAndDevelopment": "632651000", "operatingExpenses": "3737744000", "investmentIncomeNet": "None", "netInterestIncome": "None", "interestIncome": "None", "interestExpense": "122656000", "nonInterestIncome": "None", "otherNonOperatingIncome": "None", "depreciation": "None", "depreciationAndAmortization": "341587000", "incomeBeforeTax": "1424854000", "incomeTaxExpense": "273150000", "interestAndDebtExpense": "None", "netIncomeFromContinuingOperations": "None", "comprehensiveIncomeNetOfTax": "None", "ebit": "1547510000", "ebitda": "1889097000", "netIncome": "1151704000"}, {"fiscalDateEnding": "2008-12-31", "reportedCurrency": "USD", "grossProfit": "5940194000", "totalRevenue": "12697456000", "costOfRevenue": "6757262000", "costofGoodsAndServicesSold": "6757262000", "operatingIncome": "1869477000", "sellingGeneralAndAdministrative": "3345274000", "researchAndDevelopment": "725443000", "operatingExpenses": "4070717000", "investmentIncomeNet": "None", "netInterestIncome": "None", "interestIncome": "None", "interestExpense": "130174000", "nonInterestIncome": "None", "otherNonOperatingIncome": "None", "depreciation": "None", "depreciationAndAmortization": "339287000", "incomeBeforeTax": "1749307000", "incomeTaxExpense": "431676000", "interestAndDebtExpense": "None", "netIncomeFromContinuingOperations": "None", "comprehensiveIncomeNetOfTax": "None", "ebit": "1879481000", "ebitda": "2218768000", "netIncome": "1317631000"}, {"fiscalDateEnding": "2007-12-31", "reportedCurrency": "USD", "grossProfit": "5040895000", "totalRevenue": "11025917000", "costOfRevenue": "5985022000", "costofGoodsAndServicesSold": "5985022000", "operatingIncome": "1740709000", "sellingGeneralAndAdministrative": "2713097000", "researchAndDevelopment": "601424000", "operatingExpenses": "3300186000", "investmentIncomeNet": "None", "netInterestIncome": "None", "interestIncome": "None", "interestExpense": "109702000", "nonInterestIncome": "None", "otherNonOperatingIncome": "None", "depreciation": "None", "depreciationAndAmortization": "268492000", "incomeBeforeTax": "1637099000", "incomeTaxExpense": "423101000", "interestAndDebtExpense": "None", "netIncomeFromContinuingOperations": "None", "comprehensiveIncomeNetOfTax": "None", "ebit": "1746801000", "ebitda": "2015293000", "netIncome": "1369904000"}, {"fiscalDateEnding": "2006-12-31", "reportedCurrency": "USD", "grossProfit": "4243383000", "totalRevenue": "9596404000", "costOfRevenue": "5353021000", "costofGoodsAndServicesSold": "5353021000", "operatingIncome": "1517993000", "sellingGeneralAndAdministrative": "2741769000", "researchAndDevelopment": "446000000", "operatingExpenses": "2725390000", "investmentIncomeNet": "None", "netInterestIncome": "None", "interestIncome": "None", "interestExpense": "0", "nonInterestIncome": "None", "otherNonOperatingIncome": "None", "depreciation": "None", "depreciationAndAmortization": "217190000", "incomeBeforeTax": "1446172000", "incomeTaxExpense": "324143000", "interestAndDebtExpense": "None", "netIncomeFromContinuingOperations": "None", "comprehensiveIncomeNetOfTax": "None", "ebit": "1526001000", "ebitda": "1743191000", "netIncome": "1122029000"}, {"fiscalDateEnding": "2005-12-31", "reportedCurrency": "USD", "grossProfit": "3445015000", "totalRevenue": "7984704000", "costOfRevenue": "4539689000", "costofGoodsAndServicesSold": "4539689000", "operatingIncome": "1264668000", "sellingGeneralAndAdministrative": "2175751000", "researchAndDevelopment": "379000000", "operatingExpenses": "2180347000", "investmentIncomeNet": "None", "netInterestIncome": "None", "interestIncome": "None", "interestExpense": "0", "nonInterestIncome": "None", "otherNonOperatingIncome": "None", "depreciation": "None", "depreciationAndAmortization": "176972000", "incomeBeforeTax": "1234442000", "incomeTaxExpense": "336642000", "interestAndDebtExpense": "None", "netIncomeFromContinuingOperations": "None", "comprehensiveIncomeNetOfTax": "None", "ebit": "1279375000", "ebitda": "1456347000", "netIncome": "897800000"}], "quarterlyReports": [{"fiscalDateEnding": "2024-12-31", "reportedCurrency": "USD", "grossProfit": "3890000000", "totalRevenue": "6538000000", "costOfRevenue": "2648000000", "costofGoodsAndServicesSold": "2648000000", "operatingIncome": "1425000000", "sellingGeneralAndAdministrative": "2023000000", "researchAndDevelopment": "442000000", "operatingExpenses": "2465000000", "investmentIncomeNet": "None", "netInterestIncome": "-47000000", "interestIncome": "14000000", "interestExpense": "61000000", "nonInterestIncome": "None", "otherNonOperatingIncome": "None", "depreciation": "None", "depreciationAndAmortization": "None", "incomeBeforeTax": "1315000000", "incomeTaxExpense": "229000000", "interestAndDebtExpense": "None", "netIncomeFromContinuingOperations": "1086000000", "comprehensiveIncomeNetOfTax": "None", "ebit": "None", "ebitda": "1425000000", "netIncome": "1086000000"}, {"fiscalDateEnding": "2024-09-30", "reportedCurrency": "USD", "grossProfit": "3401000000", "totalRevenue": "5798000000", "costOfRevenue": "2397000000", "costofGoodsAndServicesSold": "2397000000", "operatingIncome": "958000000", "sellingGeneralAndAdministrative": "2060000000", "researchAndDevelopment": "383000000", "operatingExpenses": "2443000000", "investmentIncomeNet": "None", "netInterestIncome": "-83000000", "interestIncome": "4000000", "interestExpense": "87000000", "nonInterestIncome": "None", "otherNonOperatingIncome": "None", "depreciation": "None", "depreciationAndAmortization": "591000000", "incomeBeforeTax": "977000000", "incomeTaxExpense": "159000000", "interestAndDebtExpense": "None", "netIncomeFromContinuingOperations": "818000000", "comprehensiveIncomeNetOfTax": "None", "ebit": "1064000000", "ebitda": "1655000000", "netIncome": "818000000"}, {"fiscalDateEnding": "2024-06-30", "reportedCurrency": "USD", "grossProfit": "3428000000", "totalRevenue": "5743000000", "costOfRevenue": "2315000000", "costofGoodsAndServicesSold": "2315000000", "operatingIncome": "1168000000", "sellingGeneralAndAdministrative": "1869000000", "researchAndDevelopment": "391000000", "operatingExpenses": "2260000000", "investmentIncomeNet": "None", "netInterestIncome": "-26000000", "interestIncome": "39000000", "interestExpense": "65000000", "nonInterestIncome": "None", "otherNonOperatingIncome": "None", "depreciation": "None", "depreciationAndAmortization": "580000000", "incomeBeforeTax": "1083000000", "incomeTaxExpense": "176000000", "interestAndDebtExpense": "None", "netIncomeFromContinuingOperations": "907000000", "comprehensiveIncomeNetOfTax": "None", "ebit": "1168000000", "ebitda": "1748000000", "netIncome": "907000000"}, {"fiscalDateEnding": "2024-03-31", "reportedCurrency": "USD", "grossProfit": "3487000000", "totalRevenue": "5796000000", "costOfRevenue": "2309000000", "costofGoodsAndServicesSold": "2309000000", "operatingIncome": "1312000000", "sellingGeneralAndAdministrative": "1807000000", "researchAndDevelopment": "368000000", "operatingExpenses": "2175000000", "investmentIncomeNet": "None", "netInterestIncome": "-5000000", "interestIncome": "60000000", "interestExpense": "65000000", "nonInterestIncome": "None", "otherNonOperatingIncome": "None", "depreciation": "None", "depreciationAndAmortization": "586000000", "incomeBeforeTax": "1271000000", "incomeTaxExpense": "183000000", "interestAndDebtExpense": "None", "netIncomeFromContinuingOperations": "1088000000", "comprehensiveIncomeNetOfTax": "None", "ebit": "1338000000", "ebitda": "1924000000", "netIncome": "1088000000"}, {"fiscalDateEnding": "2023-12-31", "reportedCurrency": "USD", "grossProfit": "1623000000", "totalRevenue": "2693000000", "costOfRevenue": "1070000000", "costofGoodsAndServicesSold": "1070000000", "operatingIncome": "541000000", "sellingGeneralAndAdministrative": "766000000", "researchAndDevelopment": "239000000", "operatingExpenses": "1005000000", "investmentIncomeNet": "None", "netInterestIncome": "39000000", "interestIncome": "117000000", "interestExpense": "78000000", "nonInterestIncome": "None", "otherNonOperatingIncome": "None", "depreciation": "None", "depreciationAndAmortization": "493000000", "incomeBeforeTax": "457000000", "incomeTaxExpense": "-79000000", "interestAndDebtExpense": "None", "netIncomeFromContinuingOperations": "536000000", "comprehensiveIncomeNetOfTax": "None", "ebit": "1337000000", "ebitda": "1830000000", "netIncome": "1079000000"}, {"fiscalDateEnding": "2023-09-30", "reportedCurrency": "USD", "grossProfit": "4000000000", "totalRevenue": "6873000000", "costOfRevenue": "2873000000", "costofGoodsAndServicesSold": "2873000000", "operatingIncome": "1438000000", "sellingGeneralAndAdministrative": "2145000000", "researchAndDevelopment": "417000000", "operatingExpenses": "2562000000", "investmentIncomeNet": "None", "netInterestIncome": "6000000", "interestIncome": "79000000", "interestExpense": "73000000", "nonInterestIncome": "None", "otherNonOperatingIncome": "None", "depreciation": "None", "depreciationAndAmortization": "554000000", "incomeBeforeTax": "1397000000", "incomeTaxExpense": "268000000", "interestAndDebtExpense": "None", "netIncomeFromContinuingOperations": "1129000000", "comprehensiveIncomeNetOfTax": "None", "ebit": "1470000000", "ebitda": "2024000000", "netIncome": "1129000000"}, {"fiscalDateEnding": "2023-06-30", "reportedCurrency": "USD", "grossProfit": "4041000000", "totalRevenue": "7157000000", "costOfRevenue": "3116000000", "costofGoodsAndServicesSold": "3116000000", "operatingIncome": "897000000", "sellingGeneralAndAdministrative": "2194000000", "researchAndDevelopment": "418000000", "operatingExpenses": "2612000000", "investmentIncomeNet": "None", "netInterestIncome": "-8000000", "interestIncome": "59000000", "interestExpense": "67000000", "nonInterestIncome": "None", "otherNonOperatingIncome": "30000000", "depreciation": "None", "depreciationAndAmortization": "562000000", "incomeBeforeTax": "1392000000", "incomeTaxExpense": "286000000", "interestAndDebtExpense": "None", "netIncomeFromContinuingOperations": "1106000000", "comprehensiveIncomeNetOfTax": "None", "ebit": "1459000000", "ebitda": "2021000000", "netIncome": "1106000000"}, {"fiscalDateEnding": "2023-03-31", "reportedCurrency": "USD", "grossProfit": "4370000000", "totalRevenue": "7167000000", "costOfRevenue": "2797000000", "costofGoodsAndServicesSold": "2797000000", "operatingIncome": "1794000000", "sellingGeneralAndAdministrative": "2147000000", "researchAndDevelopment": "429000000", "operatingExpenses": "2576000000", "investmentIncomeNet": "None", "netInterestIncome": "-20000000", "interestIncome": "48000000", "interestExpense": "68000000", "nonInterestIncome": "None", "otherNonOperatingIncome": "72000000", "depreciation": "None", "depreciationAndAmortization": "557000000", "incomeBeforeTax": "1798000000", "incomeTaxExpense": "348000000", "interestAndDebtExpense": "None", "netIncomeFromContinuingOperations": "1450000000", "comprehensiveIncomeNetOfTax": "None", "ebit": "1866000000", "ebitda": "2423000000", "netIncome": "1450000000"}, {"fiscalDateEnding": "2022-12-31", "reportedCurrency": "USD", "grossProfit": "4939000000", "totalRevenue": "8369000000", "costOfRevenue": "3430000000", "costofGoodsAndServicesSold": "3430000000", "operatingIncome": "1692000000", "sellingGeneralAndAdministrative": "2190000000", "researchAndDevelopment": "453000000", "operatingExpenses": "2643000000", "investmentIncomeNet": "None", "netInterestIncome": "-35000000", "interestIncome": "35000000", "interestExpense": "64000000", "nonInterestIncome": "None", "otherNonOperatingIncome": "-39000000", "depreciation": "None", "depreciationAndAmortization": "565000000", "incomeBeforeTax": "2193000000", "incomeTaxExpense": "-39000000", "interestAndDebtExpense": "None", "netIncomeFromContinuingOperations": "2232000000", "comprehensiveIncomeNetOfTax": "None", "ebit": "2260000000", "ebitda": "2825000000", "netIncome": "2232000000"}, {"fiscalDateEnding": "2022-09-30", "reportedCurrency": "USD", "grossProfit": "4584000000", "totalRevenue": "7663000000", "costOfRevenue": "3079000000", "costofGoodsAndServicesSold": "3079000000", "operatingIncome": "2015000000", "sellingGeneralAndAdministrative": "2149000000", "researchAndDevelopment": "420000000", "operatingExpenses": "2569000000", "investmentIncomeNet": "None", "netInterestIncome": "-33000000", "interestIncome": "9000000", "interestExpense": "42000000", "nonInterestIncome": "None", "otherNonOperatingIncome": "-42000000", "depreciation": "None", "depreciationAndAmortization": "540000000", "incomeBeforeTax": "1931000000", "incomeTaxExpense": "359000000", "interestAndDebtExpense": "None", "netIncomeFromContinuingOperations": "1572000000", "comprehensiveIncomeNetOfTax": "None", "ebit": "2028000000", "ebitda": "2568000000", "netIncome": "1551000000"}, {"fiscalDateEnding": "2022-06-30", "reportedCurrency": "USD", "grossProfit": "4721000000", "totalRevenue": "7751000000", "costOfRevenue": "3030000000", "costofGoodsAndServicesSold": "3030000000", "operatingIncome": "2205000000", "sellingGeneralAndAdministrative": "2085000000", "researchAndDevelopment": "431000000", "operatingExpenses": "2516000000", "investmentIncomeNet": "None", "netInterestIncome": "-49000000", "interestIncome": "2000000", "interestExpense": "51000000", "nonInterestIncome": "None", "otherNonOperatingIncome": "-85000000", "depreciation": "None", "depreciationAndAmortization": "552000000", "incomeBeforeTax": "2069000000", "incomeTaxExpense": "389000000", "interestAndDebtExpense": "None", "netIncomeFromContinuingOperations": "1680000000", "comprehensiveIncomeNetOfTax": "None", "ebit": "2225000000", "ebitda": "2777000000", "netIncome": "1658000000"}, {"fiscalDateEnding": "2022-03-31", "reportedCurrency": "USD", "grossProfit": "4705000000", "totalRevenue": "7688000000", "costOfRevenue": "2983000000", "costofGoodsAndServicesSold": "2983000000", "operatingIncome": "1588000000", "sellingGeneralAndAdministrative": "2092000000", "researchAndDevelopment": "441000000", "operatingExpenses": "2533000000", "investmentIncomeNet": "None", "netInterestIncome": "-53000000", "interestIncome": "1000000", "interestExpense": "54000000", "nonInterestIncome": "None", "otherNonOperatingIncome": "-19000000", "depreciation": "None", "depreciationAndAmortization": "565000000", "incomeBeforeTax": "2099000000", "incomeTaxExpense": "374000000", "interestAndDebtExpense": "None", "netIncomeFromContinuingOperations": "1725000000", "comprehensiveIncomeNetOfTax": "None", "ebit": "2176000000", "ebitda": "2741000000", "netIncome": "1684000000"}, {"fiscalDateEnding": "2021-12-31", "reportedCurrency": "USD", "grossProfit": "4943000000", "totalRevenue": "8148000000", "costOfRevenue": "3205000000", "costofGoodsAndServicesSold": "3205000000", "operatingIncome": "2154000000", "sellingGeneralAndAdministrative": "2294000000", "researchAndDevelopment": "495000000", "operatingExpenses": "2789000000", "investmentIncomeNet": "None", "netInterestIncome": "-55000000", "interestIncome": "55000000", "interestExpense": "56000000", "nonInterestIncome": "None", "otherNonOperatingIncome": "-13000000", "depreciation": "None", "depreciationAndAmortization": "587000000", "incomeBeforeTax": "2085000000", "incomeTaxExpense": "297000000", "interestAndDebtExpense": "None", "netIncomeFromContinuingOperations": "1788000000", "comprehensiveIncomeNetOfTax": "None", "ebit": "2223000000", "ebitda": "2810000000", "netIncome": "1747000000"}, {"fiscalDateEnding": "2021-09-30", "reportedCurrency": "USD", "grossProfit": "4359000000", "totalRevenue": "7229000000", "costOfRevenue": "2870000000", "costofGoodsAndServicesSold": "2870000000", "operatingIncome": "1309000000", "sellingGeneralAndAdministrative": "2062000000", "researchAndDevelopment": "441000000", "operatingExpenses": "3050000000", "investmentIncomeNet": "None", "netInterestIncome": "-59000000", "interestIncome": "3000000", "interestExpense": "62000000", "nonInterestIncome": "None", "otherNonOperatingIncome": "140000000", "depreciation": "None", "depreciationAndAmortization": "554000000", "incomeBeforeTax": "1387000000", "incomeTaxExpense": "229000000", "interestAndDebtExpense": "None", "netIncomeFromContinuingOperations": "1158000000", "comprehensiveIncomeNetOfTax": "None", "ebit": "1882000000", "ebitda": "2436000000", "netIncome": "1117000000"}, {"fiscalDateEnding": "2021-06-30", "reportedCurrency": "USD", "grossProfit": "4397000000", "totalRevenue": "7218000000", "costOfRevenue": "2821000000", "costofGoodsAndServicesSold": "2821000000", "operatingIncome": "2005000000", "sellingGeneralAndAdministrative": "1966000000", "researchAndDevelopment": "426000000", "operatingExpenses": "2392000000", "investmentIncomeNet": "None", "netInterestIncome": "-59000000", "interestIncome": "27000000", "interestExpense": "62000000", "nonInterestIncome": "None", "otherNonOperatingIncome": "100000000", "depreciation": "None", "depreciationAndAmortization": "525000000", "incomeBeforeTax": "2043000000", "incomeTaxExpense": "344000000", "interestAndDebtExpense": "None", "netIncomeFromContinuingOperations": "1699000000", "comprehensiveIncomeNetOfTax": "None", "ebit": "2016000000", "ebitda": "2541000000", "netIncome": "1744000000"}, {"fiscalDateEnding": "2021-03-31", "reportedCurrency": "USD", "grossProfit": "4253000000", "totalRevenue": "6858000000", "costOfRevenue": "2605000000", "costofGoodsAndServicesSold": "2605000000", "operatingIncome": "1997000000", "sellingGeneralAndAdministrative": "1876000000", "researchAndDevelopment": "380000000", "operatingExpenses": "2256000000", "investmentIncomeNet": "None", "netInterestIncome": "-54000000", "interestIncome": "4000000", "interestExpense": "58000000", "nonInterestIncome": "None", "otherNonOperatingIncome": "144000000", "depreciation": "None", "depreciationAndAmortization": "502000000", "incomeBeforeTax": "2083000000", "incomeTaxExpense": "381000000", "interestAndDebtExpense": "None", "netIncomeFromContinuingOperations": "1702000000", "comprehensiveIncomeNetOfTax": "None", "ebit": "2141000000", "ebitda": "2643000000", "netIncome": "1661000000"}, {"fiscalDateEnding": "2020-12-31", "reportedCurrency": "USD", "grossProfit": "3954000000", "totalRevenue": "6760000000", "costOfRevenue": "2806000000", "costofGoodsAndServicesSold": "2806000000", "operatingIncome": "1601000000", "sellingGeneralAndAdministrative": "11835000000", "researchAndDevelopment": "396000000", "operatingExpenses": "2353000000", "investmentIncomeNet": "None", "netInterestIncome": "-68000000", "interestIncome": "68000000", "interestExpense": "72000000", "nonInterestIncome": "None", "otherNonOperatingIncome": "12500000", "depreciation": "None", "depreciationAndAmortization": "508600000", "incomeBeforeTax": "1542000000", "incomeTaxExpense": "301000000", "interestAndDebtExpense": "None", "netIncomeFromContinuingOperations": "1240100000", "comprehensiveIncomeNetOfTax": "None", "ebit": "1614000000", "ebitda": "2122600000", "netIncome": "1199400000"}, {"fiscalDateEnding": "2020-09-30", "reportedCurrency": "USD", "grossProfit": "3225500000", "totalRevenue": "5883200000", "costOfRevenue": "2657700000", "costofGoodsAndServicesSold": "2657700000", "operatingIncome": "1087600000", "sellingGeneralAndAdministrative": "1795300000", "researchAndDevelopment": "342600000", "operatingExpenses": "2137900000", "investmentIncomeNet": "None", "netInterestIncome": "-72500000", "interestIncome": "72500000", "interestExpense": "76700000", "nonInterestIncome": "None", "otherNonOperatingIncome": "10600000", "depreciation": "None", "depreciationAndAmortization": "492000000", "incomeBeforeTax": "1021500000", "incomeTaxExpense": "138000000", "interestAndDebtExpense": "None", "netIncomeFromContinuingOperations": "883500000", "comprehensiveIncomeNetOfTax": "None", "ebit": "1326000000", "ebitda": "1818000000", "netIncome": "842000000"}, {"fiscalDateEnding": "2020-06-30", "reportedCurrency": "USD", "grossProfit": "2852600000", "totalRevenue": "5297400000", "costOfRevenue": "2444800000", "costofGoodsAndServicesSold": "2444800000", "operatingIncome": "844600000", "sellingGeneralAndAdministrative": "1685400000", "researchAndDevelopment": "322600000", "operatingExpenses": "2008000000", "investmentIncomeNet": "None", "netInterestIncome": "-77600000", "interestIncome": "1000000", "interestExpense": "78600000", "nonInterestIncome": "None", "otherNonOperatingIncome": "454900000", "depreciation": "None", "depreciationAndAmortization": "478000000", "incomeBeforeTax": "1220900000", "incomeTaxExpense": "293600000", "interestAndDebtExpense": "None", "netIncomeFromContinuingOperations": "927300000", "comprehensiveIncomeNetOfTax": "None", "ebit": "844000000", "ebitda": "1322000000", "netIncome": "892000000"}, {"fiscalDateEnding": "2020-03-31", "reportedCurrency": "USD", "grossProfit": "2442800000", "totalRevenue": "4343100000", "costOfRevenue": "1900300000", "costofGoodsAndServicesSold": "1900300000", "operatingIncome": "697500000", "sellingGeneralAndAdministrative": "1458300000", "researchAndDevelopment": "287000000", "operatingExpenses": "1745300000", "investmentIncomeNet": "None", "netInterestIncome": "15100000", "interestIncome": "62500000", "interestExpense": "47400000", "nonInterestIncome": "None", "otherNonOperatingIncome": "61000000", "depreciation": "None", "depreciationAndAmortization": "297000000", "incomeBeforeTax": "711100000", "incomeTaxExpense": "116000000", "interestAndDebtExpense": "None", "netIncomeFromContinuingOperations": "595100000", "comprehensiveIncomeNetOfTax": "None", "ebit": "711000000", "ebitda": "1008000000", "netIncome": "576000000"}, {"fiscalDateEnding": "2019-12-31", "reportedCurrency": "USD", "grossProfit": "2703600000", "totalRevenue": "4868400000", "costOfRevenue": "2164800000", "costofGoodsAndServicesSold": "2164800000", "operatingIncome": "961700000", "sellingGeneralAndAdministrative": "578400000", "researchAndDevelopment": "293800000", "operatingExpenses": "1741900000", "investmentIncomeNet": "None", "netInterestIncome": "28600000", "interestIncome": "67000000", "interestExpense": "44400000", "nonInterestIncome": "None", "otherNonOperatingIncome": "56600000", "depreciation": "None", "depreciationAndAmortization": "202600000", "incomeBeforeTax": "975500000", "incomeTaxExpense": "182600000", "interestAndDebtExpense": "None", "netIncomeFromContinuingOperations": "693300000", "comprehensiveIncomeNetOfTax": "None", "ebit": "1019900000", "ebitda": "1222500000", "netIncome": "1275100000"}, {"fiscalDateEnding": "2019-09-30", "reportedCurrency": "USD", "grossProfit": "2808400000", "totalRevenue": "5037300000", "costOfRevenue": "2228900000", "costofGoodsAndServicesSold": "2228900000", "operatingIncome": "834800000", "sellingGeneralAndAdministrative": "1654700000", "researchAndDevelopment": "318900000", "operatingExpenses": "1973600000", "investmentIncomeNet": "None", "netInterestIncome": "3800000", "interestIncome": "30100000", "interestExpense": "26300000", "nonInterestIncome": "None", "otherNonOperatingIncome": "34500000", "depreciation": "None", "depreciationAndAmortization": "295400000", "incomeBeforeTax": "843000000", "incomeTaxExpense": "169100000", "interestAndDebtExpense": "None", "netIncomeFromContinuingOperations": "673900000", "comprehensiveIncomeNetOfTax": "None", "ebit": "810600000", "ebitda": "1106000000", "netIncome": "648400000"}, {"fiscalDateEnding": "2019-06-30", "reportedCurrency": "USD", "grossProfit": "2877400000", "totalRevenue": "5156600000", "costOfRevenue": "2279200000", "costofGoodsAndServicesSold": "2279200000", "operatingIncome": "883800000", "sellingGeneralAndAdministrative": "1390000000", "researchAndDevelopment": "321800000", "operatingExpenses": "1993600000", "investmentIncomeNet": "None", "netInterestIncome": "5600000", "interestIncome": "26200000", "interestExpense": "20600000", "nonInterestIncome": "None", "otherNonOperatingIncome": "32500000", "depreciation": "None", "depreciationAndAmortization": "298300000", "incomeBeforeTax": "895700000", "incomeTaxExpense": "164400000", "interestAndDebtExpense": "None", "netIncomeFromContinuingOperations": "731300000", "comprehensiveIncomeNetOfTax": "None", "ebit": "842900000", "ebitda": "1141200000", "netIncome": "708600000"}, {"fiscalDateEnding": "2019-03-31", "reportedCurrency": "USD", "grossProfit": "2718000000", "totalRevenue": "4879900000", "costOfRevenue": "2161900000", "costofGoodsAndServicesSold": "2161900000", "operatingIncome": "723800000", "sellingGeneralAndAdministrative": "1367700000", "researchAndDevelopment": "310800000", "operatingExpenses": "1994200000", "investmentIncomeNet": "None", "netInterestIncome": "-7600000", "interestIncome": "15700000", "interestExpense": "23300000", "nonInterestIncome": "None", "otherNonOperatingIncome": "20900000", "depreciation": "None", "depreciationAndAmortization": "296100000", "incomeBeforeTax": "721400000", "incomeTaxExpense": "387600000", "interestAndDebtExpense": "None", "netIncomeFromContinuingOperations": "333800000", "comprehensiveIncomeNetOfTax": "None", "ebit": "724800000", "ebitda": "1020900000", "netIncome": "327300000"}, {"fiscalDateEnding": "2018-12-31", "reportedCurrency": "USD", "grossProfit": "2955900000", "totalRevenue": "5363500000", "costOfRevenue": "2407600000", "costofGoodsAndServicesSold": "2407600000", "operatingIncome": "962600000", "sellingGeneralAndAdministrative": "1673700000", "researchAndDevelopment": "319600000", "operatingExpenses": "1993300000", "investmentIncomeNet": "None", "netInterestIncome": "None", "interestIncome": "None", "interestExpense": "33800000", "nonInterestIncome": "None", "otherNonOperatingIncome": "14500000", "depreciation": "None", "depreciationAndAmortization": "330800000", "incomeBeforeTax": "943300000", "incomeTaxExpense": "196500000", "interestAndDebtExpense": "None", "netIncomeFromContinuingOperations": "746800000", "comprehensiveIncomeNetOfTax": "None", "ebit": "977100000", "ebitda": "1307900000", "netIncome": "746800000"}, {"fiscalDateEnding": "2018-09-30", "reportedCurrency": "USD", "grossProfit": "2690500000", "totalRevenue": "4853100000", "costOfRevenue": "2162600000", "costofGoodsAndServicesSold": "2162600000", "operatingIncome": "830700000", "sellingGeneralAndAdministrative": "1558600000", "researchAndDevelopment": "301200000", "operatingExpenses": "1859800000", "investmentIncomeNet": "None", "netInterestIncome": "None", "interestIncome": "None", "interestExpense": "41300000", "nonInterestIncome": "None", "otherNonOperatingIncome": "11900000", "depreciation": "None", "depreciationAndAmortization": "321500000", "incomeBeforeTax": "801300000", "incomeTaxExpense": "137600000", "interestAndDebtExpense": "None", "netIncomeFromContinuingOperations": "663700000", "comprehensiveIncomeNetOfTax": "None", "ebit": "842600000", "ebitda": "1164100000", "netIncome": "663700000"}, {"fiscalDateEnding": "2018-06-30", "reportedCurrency": "USD", "grossProfit": "2817100000", "totalRevenue": "4981000000", "costOfRevenue": "2163900000", "costofGoodsAndServicesSold": "2163900000", "operatingIncome": "867500000", "sellingGeneralAndAdministrative": "1637900000", "researchAndDevelopment": "311700000", "operatingExpenses": "1949600000", "investmentIncomeNet": "None", "netInterestIncome": "None", "interestIncome": "None", "interestExpense": "43200000", "nonInterestIncome": "None", "otherNonOperatingIncome": "10800000", "depreciation": "None", "depreciationAndAmortization": "334600000", "incomeBeforeTax": "835100000", "incomeTaxExpense": "161300000", "interestAndDebtExpense": "None", "netIncomeFromContinuingOperations": "673800000", "comprehensiveIncomeNetOfTax": "None", "ebit": "875800000", "ebitda": "1210400000", "netIncome": "673800000"}, {"fiscalDateEnding": "2018-03-31", "reportedCurrency": "USD", "grossProfit": "2643600000", "totalRevenue": "4695400000", "costOfRevenue": "2051800000", "costofGoodsAndServicesSold": "2051800000", "operatingIncome": "743000000", "sellingGeneralAndAdministrative": "1601900000", "researchAndDevelopment": "298700000", "operatingExpenses": "1900600000", "investmentIncomeNet": "None", "netInterestIncome": "None", "interestIncome": "None", "interestExpense": "39100000", "nonInterestIncome": "None", "otherNonOperatingIncome": "9200000", "depreciation": "None", "depreciationAndAmortization": "320800000", "incomeBeforeTax": "713100000", "incomeTaxExpense": "146500000", "interestAndDebtExpense": "None", "netIncomeFromContinuingOperations": "566600000", "comprehensiveIncomeNetOfTax": "None", "ebit": "752200000", "ebitda": "1073000000", "netIncome": "566600000"}, {"fiscalDateEnding": "2017-12-31", "reportedCurrency": "USD", "grossProfit": "2839100000", "totalRevenue": "5085700000", "costOfRevenue": "2246600000", "costofGoodsAndServicesSold": "2246600000", "operatingIncome": "946100000", "sellingGeneralAndAdministrative": "1594100000", "researchAndDevelopment": "298900000", "operatingExpenses": "1893000000", "investmentIncomeNet": "None", "netInterestIncome": "None", "interestIncome": "None", "interestExpense": "41800000", "nonInterestIncome": "None", "otherNonOperatingIncome": "74700000", "depreciation": "None", "depreciationAndAmortization": "318100000", "incomeBeforeTax": "979000000", "incomeTaxExpense": "122400000", "interestAndDebtExpense": "None", "netIncomeFromContinuingOperations": "856600000", "comprehensiveIncomeNetOfTax": "None", "ebit": "1105400000", "ebitda": "1423500000", "netIncome": "856600000"}, {"fiscalDateEnding": "2017-09-30", "reportedCurrency": "USD", "grossProfit": "2536800000", "totalRevenue": "4528200000", "costOfRevenue": "1991400000", "costofGoodsAndServicesSold": "1991400000", "operatingIncome": "767500000", "sellingGeneralAndAdministrative": "1498400000", "researchAndDevelopment": "279200000", "operatingExpenses": "1769300000", "investmentIncomeNet": "None", "netInterestIncome": "None", "interestIncome": "None", "interestExpense": "39900000", "nonInterestIncome": "None", "otherNonOperatingIncome": "2200000", "depreciation": "None", "depreciationAndAmortization": "311400000", "incomeBeforeTax": "729800000", "incomeTaxExpense": "157700000", "interestAndDebtExpense": "None", "netIncomeFromContinuingOperations": "572100000", "comprehensiveIncomeNetOfTax": "None", "ebit": "769700000", "ebitda": "1081100000", "netIncome": "572100000"}, {"fiscalDateEnding": "2017-06-30", "reportedCurrency": "USD", "grossProfit": "2482300000", "totalRevenue": "4510100000", "costOfRevenue": "2027800000", "costofGoodsAndServicesSold": "2027800000", "operatingIncome": "683700000", "sellingGeneralAndAdministrative": "1515300000", "researchAndDevelopment": "283300000", "operatingExpenses": "1798600000", "investmentIncomeNet": "None", "netInterestIncome": "None", "interestIncome": "None", "interestExpense": "40700000", "nonInterestIncome": "None", "otherNonOperatingIncome": "1800000", "depreciation": "None", "depreciationAndAmortization": "303200000", "incomeBeforeTax": "644800000", "incomeTaxExpense": "87500000", "interestAndDebtExpense": "None", "netIncomeFromContinuingOperations": "557300000", "comprehensiveIncomeNetOfTax": "None", "ebit": "685500000", "ebitda": "988700000", "netIncome": "557300000"}, {"fiscalDateEnding": "2017-03-31", "reportedCurrency": "USD", "grossProfit": "2334300000", "totalRevenue": "4205700000", "costOfRevenue": "1871400000", "costofGoodsAndServicesSold": "1871400000", "operatingIncome": "623900000", "sellingGeneralAndAdministrative": "1443000000", "researchAndDevelopment": "267400000", "operatingExpenses": "1710400000", "investmentIncomeNet": "None", "netInterestIncome": "None", "interestIncome": "None", "interestExpense": "40300000", "nonInterestIncome": "None", "otherNonOperatingIncome": "1600000", "depreciation": "None", "depreciationAndAmortization": "305600000", "incomeBeforeTax": "585200000", "incomeTaxExpense": "101400000", "interestAndDebtExpense": "None", "netIncomeFromContinuingOperations": "483800000", "comprehensiveIncomeNetOfTax": "None", "ebit": "625500000", "ebitda": "931100000", "netIncome": "506100000"}, {"fiscalDateEnding": "2016-12-31", "reportedCurrency": "USD", "grossProfit": "2500000000", "totalRevenue": "4584300000", "costOfRevenue": "2084300000", "costofGoodsAndServicesSold": "2084300000", "operatingIncome": "728600000", "sellingGeneralAndAdministrative": "1503400000", "researchAndDevelopment": "268000000", "operatingExpenses": "1771400000", "investmentIncomeNet": "None", "netInterestIncome": "None", "interestIncome": "None", "interestExpense": "32300000", "nonInterestIncome": "None", "otherNonOperatingIncome": "100000", "depreciation": "None", "depreciationAndAmortization": "305600000", "incomeBeforeTax": "696400000", "incomeTaxExpense": "-50600000", "interestAndDebtExpense": "None", "netIncomeFromContinuingOperations": "335700000", "comprehensiveIncomeNetOfTax": "None", "ebit": "942000000", "ebitda": "1247600000", "netIncome": "747000000"}, {"fiscalDateEnding": "2016-09-30", "reportedCurrency": "USD", "grossProfit": "2286000000", "totalRevenue": "4132100000", "costOfRevenue": "1846100000", "costofGoodsAndServicesSold": "1846100000", "operatingIncome": "699100000", "sellingGeneralAndAdministrative": "1345800000", "researchAndDevelopment": "241100000", "operatingExpenses": "1586900000", "investmentIncomeNet": "None", "netInterestIncome": "None", "interestIncome": "None", "interestExpense": "43700000", "nonInterestIncome": "None", "otherNonOperatingIncome": "-178700000", "depreciation": "None", "depreciationAndAmortization": "191600000", "incomeBeforeTax": "476700000", "incomeTaxExpense": "74100000", "interestAndDebtExpense": "None", "netIncomeFromContinuingOperations": "402600000", "comprehensiveIncomeNetOfTax": "None", "ebit": "520400000", "ebitda": "712000000", "netIncome": "391600000"}, {"fiscalDateEnding": "2016-06-30", "reportedCurrency": "USD", "grossProfit": "3149400000", "totalRevenue": "5785000000", "costOfRevenue": "2635600000", "costofGoodsAndServicesSold": "2635600000", "operatingIncome": "1034500000", "sellingGeneralAndAdministrative": "1431300000", "researchAndDevelopment": "336600000", "operatingExpenses": "2114900000", "investmentIncomeNet": "None", "netInterestIncome": "None", "interestIncome": "None", "interestExpense": "66400000", "nonInterestIncome": "None", "otherNonOperatingIncome": "None", "depreciation": "None", "depreciationAndAmortization": "320800000", "incomeBeforeTax": "968100000", "incomeTaxExpense": "311400000", "interestAndDebtExpense": "None", "netIncomeFromContinuingOperations": "656700000", "comprehensiveIncomeNetOfTax": "None", "ebit": "1034500000", "ebitda": "1355300000", "netIncome": "656700000"}, {"fiscalDateEnding": "2016-03-31", "reportedCurrency": "USD", "grossProfit": "2862600000", "totalRevenue": "5387200000", "costOfRevenue": "2524600000", "costofGoodsAndServicesSold": "2524600000", "operatingIncome": "882100000", "sellingGeneralAndAdministrative": "1328100000", "researchAndDevelopment": "319800000", "operatingExpenses": "1980500000", "investmentIncomeNet": "None", "netInterestIncome": "None", "interestIncome": "None", "interestExpense": "61700000", "nonInterestIncome": "None", "otherNonOperatingIncome": "223400000", "depreciation": "None", "depreciationAndAmortization": "310100000", "incomeBeforeTax": "1043800000", "incomeTaxExpense": "285400000", "interestAndDebtExpense": "None", "netIncomeFromContinuingOperations": "758400000", "comprehensiveIncomeNetOfTax": "None", "ebit": "570700000", "ebitda": "880800000", "netIncome": "758400000"}, {"fiscalDateEnding": "2015-12-31", "reportedCurrency": "USD", "grossProfit": "3013300000", "totalRevenue": "5884800000", "costOfRevenue": "2871500000", "costofGoodsAndServicesSold": "2871500000", "operatingIncome": "978800000", "sellingGeneralAndAdministrative": "1707400000", "researchAndDevelopment": "327100000", "operatingExpenses": "2034500000", "investmentIncomeNet": "None", "netInterestIncome": "None", "interestIncome": "None", "interestExpense": "59100000", "nonInterestIncome": "None", "otherNonOperatingIncome": "None", "depreciation": "None", "depreciationAndAmortization": "315000000", "incomeBeforeTax": "919700000", "incomeTaxExpense": "184500000", "interestAndDebtExpense": "None", "netIncomeFromContinuingOperations": "1746700000", "comprehensiveIncomeNetOfTax": "None", "ebit": "978800000", "ebitda": "1293800000", "netIncome": "688600000"}, {"fiscalDateEnding": "2015-09-30", "reportedCurrency": "USD", "grossProfit": "2637000000", "totalRevenue": "5023400000", "costOfRevenue": "2386400000", "costofGoodsAndServicesSold": "2386400000", "operatingIncome": "800800000", "sellingGeneralAndAdministrative": "1201200000", "researchAndDevelopment": "307900000", "operatingExpenses": "1836200000", "investmentIncomeNet": "None", "netInterestIncome": "None", "interestIncome": "None", "interestExpense": "45300000", "nonInterestIncome": "None", "otherNonOperatingIncome": "13000000", "depreciation": "None", "depreciationAndAmortization": "240600000", "incomeBeforeTax": "768500000", "incomeTaxExpense": "178500000", "interestAndDebtExpense": "None", "netIncomeFromContinuingOperations": "590000000", "comprehensiveIncomeNetOfTax": "None", "ebit": "375700000", "ebitda": "616300000", "netIncome": "1403300000"}, {"fiscalDateEnding": "2015-06-30", "reportedCurrency": "USD", "grossProfit": "2760200000", "totalRevenue": "5127100000", "costOfRevenue": "2366900000", "costofGoodsAndServicesSold": "2366900000", "operatingIncome": "931100000", "sellingGeneralAndAdministrative": "763100000", "researchAndDevelopment": "344900000", "operatingExpenses": "1829100000", "investmentIncomeNet": "None", "netInterestIncome": "None", "interestIncome": "None", "interestExpense": "29800000", "nonInterestIncome": "None", "otherNonOperatingIncome": "2300000", "depreciation": "None", "depreciationAndAmortization": "248300000", "incomeBeforeTax": "903600000", "incomeTaxExpense": "208000000", "interestAndDebtExpense": "None", "netIncomeFromContinuingOperations": "1111600000", "comprehensiveIncomeNetOfTax": "None", "ebit": "264200000", "ebitda": "512500000", "netIncome": "695700000"}, {"fiscalDateEnding": "2015-03-31", "reportedCurrency": "USD", "grossProfit": "2600000000", "totalRevenue": "4873300000", "costOfRevenue": "2273300000", "costofGoodsAndServicesSold": "2273300000", "operatingIncome": "774200000", "sellingGeneralAndAdministrative": "1413700000", "researchAndDevelopment": "339100000", "operatingExpenses": "1825800000", "investmentIncomeNet": "None", "netInterestIncome": "None", "interestIncome": "None", "interestExpense": "30200000", "nonInterestIncome": "None", "otherNonOperatingIncome": "2300000", "depreciation": "None", "depreciationAndAmortization": "247400000", "incomeBeforeTax": "746300000", "incomeTaxExpense": "176500000", "interestAndDebtExpense": "None", "netIncomeFromContinuingOperations": "922800000", "comprehensiveIncomeNetOfTax": "None", "ebit": "743200000", "ebitda": "990600000", "netIncome": "569800000"}, {"fiscalDateEnding": "2014-12-31", "reportedCurrency": "USD", "grossProfit": "2803700000", "totalRevenue": "5417200000", "costOfRevenue": "2613500000", "costofGoodsAndServicesSold": "2613500000", "operatingIncome": "887300000", "sellingGeneralAndAdministrative": "1580300000", "researchAndDevelopment": "336100000", "operatingExpenses": "1916400000", "investmentIncomeNet": "None", "netInterestIncome": "None", "interestIncome": "None", "interestExpense": "26500000", "nonInterestIncome": "None", "otherNonOperatingIncome": "None", "depreciation": "None", "depreciationAndAmortization": "237800000", "incomeBeforeTax": "964400000", "incomeTaxExpense": "302700000", "interestAndDebtExpense": "None", "netIncomeFromContinuingOperations": "1638700000", "comprehensiveIncomeNetOfTax": "None", "ebit": "990900000", "ebitda": "1228700000", "netIncome": "661700000"}, {"fiscalDateEnding": "2014-09-30", "reportedCurrency": "USD", "grossProfit": "2565700000", "totalRevenue": "4870300000", "costOfRevenue": "2304600000", "costofGoodsAndServicesSold": "2304600000", "operatingIncome": "865800000", "sellingGeneralAndAdministrative": "1298000000", "researchAndDevelopment": "328300000", "operatingExpenses": "1699900000", "investmentIncomeNet": "None", "netInterestIncome": "None", "interestIncome": "None", "interestExpense": "30500000", "nonInterestIncome": "None", "otherNonOperatingIncome": "41800000", "depreciation": "None", "depreciationAndAmortization": "240600000", "incomeBeforeTax": "877100000", "incomeTaxExpense": "196500000", "interestAndDebtExpense": "None", "netIncomeFromContinuingOperations": "1073600000", "comprehensiveIncomeNetOfTax": "None", "ebit": "871800000", "ebitda": "1112400000", "netIncome": "680600000"}, {"fiscalDateEnding": "2014-06-30", "reportedCurrency": "USD", "grossProfit": "2620200000", "totalRevenue": "4963600000", "costOfRevenue": "2343400000", "costofGoodsAndServicesSold": "2343400000", "operatingIncome": "889300000", "sellingGeneralAndAdministrative": "1245500000", "researchAndDevelopment": "336400000", "operatingExpenses": "1730900000", "investmentIncomeNet": "None", "netInterestIncome": "None", "interestIncome": "None", "interestExpense": "33200000", "nonInterestIncome": "None", "otherNonOperatingIncome": "22900000", "depreciation": "None", "depreciationAndAmortization": "235400000", "incomeBeforeTax": "879000000", "incomeTaxExpense": "202600000", "interestAndDebtExpense": "None", "netIncomeFromContinuingOperations": "1081600000", "comprehensiveIncomeNetOfTax": "None", "ebit": "912200000", "ebitda": "1147600000", "netIncome": "676400000"}, {"fiscalDateEnding": "2014-03-31", "reportedCurrency": "USD", "grossProfit": "2452900000", "totalRevenue": "4662700000", "costOfRevenue": "2209800000", "costofGoodsAndServicesSold": "2209800000", "operatingIncome": "788900000", "sellingGeneralAndAdministrative": "1350600000", "researchAndDevelopment": "313400000", "operatingExpenses": "1664000000", "investmentIncomeNet": "None", "netInterestIncome": "None", "interestIncome": "None", "interestExpense": "32500000", "nonInterestIncome": "None", "otherNonOperatingIncome": "4900000", "depreciation": "None", "depreciationAndAmortization": "224700000", "incomeBeforeTax": "761300000", "incomeTaxExpense": "181600000", "interestAndDebtExpense": "None", "netIncomeFromContinuingOperations": "942900000", "comprehensiveIncomeNetOfTax": "None", "ebit": "788900000", "ebitda": "1013600000", "netIncome": "579700000"}, {"fiscalDateEnding": "2013-12-31", "reportedCurrency": "USD", "grossProfit": "2711700000", "totalRevenue": "5266700000", "costOfRevenue": "2555000000", "costofGoodsAndServicesSold": "2555000000", "operatingIncome": "888000000", "sellingGeneralAndAdministrative": "1491500000", "researchAndDevelopment": "332200000", "operatingExpenses": "1823700000", "investmentIncomeNet": "None", "netInterestIncome": "None", "interestIncome": "None", "interestExpense": "32300000", "nonInterestIncome": "None", "otherNonOperatingIncome": "None", "depreciation": "None", "depreciationAndAmortization": "233300000", "incomeBeforeTax": "1059000000", "incomeTaxExpense": "269700000", "interestAndDebtExpense": "None", "netIncomeFromContinuingOperations": "0", "comprehensiveIncomeNetOfTax": "None", "ebit": "994700000", "ebitda": "1228000000", "netIncome": "789300000"}, {"fiscalDateEnding": "2013-09-30", "reportedCurrency": "USD", "grossProfit": "2424700000", "totalRevenue": "4669100000", "costOfRevenue": "2244400000", "costofGoodsAndServicesSold": "2244400000", "operatingIncome": "812400000", "sellingGeneralAndAdministrative": "1303200000", "researchAndDevelopment": "309100000", "operatingExpenses": "1612300000", "investmentIncomeNet": "None", "netInterestIncome": "None", "interestIncome": "None", "interestExpense": "35000000", "nonInterestIncome": "None", "otherNonOperatingIncome": "1400000", "depreciation": "None", "depreciationAndAmortization": "225300000", "incomeBeforeTax": "778800000", "incomeTaxExpense": "181800000", "interestAndDebtExpense": "None", "netIncomeFromContinuingOperations": "597000000", "comprehensiveIncomeNetOfTax": "None", "ebit": "812400000", "ebitda": "1037700000", "netIncome": "597000000"}, {"fiscalDateEnding": "2013-06-30", "reportedCurrency": "USD", "grossProfit": "2495500000", "totalRevenue": "4737500000", "costOfRevenue": "2242000000", "costofGoodsAndServicesSold": "2242000000", "operatingIncome": "843600000", "sellingGeneralAndAdministrative": "1339700000", "researchAndDevelopment": "312200000", "operatingExpenses": "1651900000", "investmentIncomeNet": "None", "netInterestIncome": "None", "interestIncome": "None", "interestExpense": "39400000", "nonInterestIncome": "None", "otherNonOperatingIncome": "1600000", "depreciation": "None", "depreciationAndAmortization": "219600000", "incomeBeforeTax": "805800000", "incomeTaxExpense": "189000000", "interestAndDebtExpense": "None", "netIncomeFromContinuingOperations": "616800000", "comprehensiveIncomeNetOfTax": "None", "ebit": "845200000", "ebitda": "1064800000", "netIncome": "616800000"}, {"fiscalDateEnding": "2013-03-31", "reportedCurrency": "USD", "grossProfit": "2325700000", "totalRevenue": "4444700000", "costOfRevenue": "2119000000", "costofGoodsAndServicesSold": "2119000000", "operatingIncome": "730900000", "sellingGeneralAndAdministrative": "1298400000", "researchAndDevelopment": "296400000", "operatingExpenses": "1594800000", "investmentIncomeNet": "None", "netInterestIncome": "None", "interestIncome": "None", "interestExpense": "39200000", "nonInterestIncome": "None", "otherNonOperatingIncome": "230700000", "depreciation": "None", "depreciationAndAmortization": "216800000", "incomeBeforeTax": "922400000", "incomeTaxExpense": "230500000", "interestAndDebtExpense": "None", "netIncomeFromContinuingOperations": "691900000", "comprehensiveIncomeNetOfTax": "None", "ebit": "961600000", "ebitda": "1178400000", "netIncome": "691900000"}, {"fiscalDateEnding": "2012-12-31", "reportedCurrency": "USD", "grossProfit": "2545300000", "totalRevenue": "4975200000", "costOfRevenue": "2429900000", "costofGoodsAndServicesSold": "2429900000", "operatingIncome": "863100000", "sellingGeneralAndAdministrative": "1406481000", "researchAndDevelopment": "294600000", "operatingExpenses": "1701100000", "investmentIncomeNet": "None", "netInterestIncome": "None", "interestIncome": "None", "interestExpense": "40800000", "nonInterestIncome": "None", "otherNonOperatingIncome": "None", "depreciation": "None", "depreciationAndAmortization": "219372000", "incomeBeforeTax": "823300000", "incomeTaxExpense": "192900000", "interestAndDebtExpense": "None", "netIncomeFromContinuingOperations": "0", "comprehensiveIncomeNetOfTax": "None", "ebit": "864161000", "ebitda": "1083533000", "netIncome": "630404000"}, {"fiscalDateEnding": "2012-09-30", "reportedCurrency": "USD", "grossProfit": "2278002000", "totalRevenue": "4415543000", "costOfRevenue": "2137541000", "costofGoodsAndServicesSold": "2137541000", "operatingIncome": "755809000", "sellingGeneralAndAdministrative": "1251200000", "researchAndDevelopment": "289517000", "operatingExpenses": "1522193000", "investmentIncomeNet": "None", "netInterestIncome": "None", "interestIncome": "None", "interestExpense": "39361000", "nonInterestIncome": "None", "otherNonOperatingIncome": "None", "depreciation": "None", "depreciationAndAmortization": "210598000", "incomeBeforeTax": "717170000", "incomeTaxExpense": "168435000", "interestAndDebtExpense": "None", "netIncomeFromContinuingOperations": "0", "comprehensiveIncomeNetOfTax": "None", "ebit": "756502000", "ebitda": "967100000", "netIncome": "548700000"}, {"fiscalDateEnding": "2012-06-30", "reportedCurrency": "USD", "grossProfit": "2355456000", "totalRevenue": "4553459000", "costOfRevenue": "2198003000", "costofGoodsAndServicesSold": "2198003000", "operatingIncome": "811274000", "sellingGeneralAndAdministrative": "1278600000", "researchAndDevelopment": "283602000", "operatingExpenses": "1562212000", "investmentIncomeNet": "None", "netInterestIncome": "None", "interestIncome": "None", "interestExpense": "37876000", "nonInterestIncome": "None", "otherNonOperatingIncome": "None", "depreciation": "None", "depreciationAndAmortization": "207519000", "incomeBeforeTax": "774105000", "incomeTaxExpense": "173956000", "interestAndDebtExpense": "None", "netIncomeFromContinuingOperations": "0", "comprehensiveIncomeNetOfTax": "None", "ebit": "811981000", "ebitda": "1019500000", "netIncome": "600200000"}, {"fiscalDateEnding": "2012-03-31", "reportedCurrency": "USD", "grossProfit": "2235544000", "totalRevenue": "4316220000", "costOfRevenue": "2080676000", "costofGoodsAndServicesSold": "2080676000", "operatingIncome": "734868000", "sellingGeneralAndAdministrative": "1244900000", "researchAndDevelopment": "270124000", "operatingExpenses": "1515021000", "investmentIncomeNet": "None", "netInterestIncome": "None", "interestIncome": "None", "interestExpense": "39423000", "nonInterestIncome": "None", "otherNonOperatingIncome": "None", "depreciation": "None", "depreciationAndAmortization": "202311000", "incomeBeforeTax": "696204000", "incomeTaxExpense": "176150000", "interestAndDebtExpense": "None", "netIncomeFromContinuingOperations": "0", "comprehensiveIncomeNetOfTax": "None", "ebit": "735589000", "ebitda": "937900000", "netIncome": "612900000"}, {"fiscalDateEnding": "2011-12-31", "reportedCurrency": "USD", "grossProfit": "2265419000", "totalRevenue": "4515075000", "costOfRevenue": "2249656000", "costofGoodsAndServicesSold": "2249656000", "operatingIncome": "744391000", "sellingGeneralAndAdministrative": "1267334000", "researchAndDevelopment": "275548000", "operatingExpenses": "1587808000", "investmentIncomeNet": "None", "netInterestIncome": "None", "interestIncome": "None", "interestExpense": "36443000", "nonInterestIncome": "None", "otherNonOperatingIncome": "None", "depreciation": "None", "depreciationAndAmortization": "201071000", "incomeBeforeTax": "708308000", "incomeTaxExpense": "166341000", "interestAndDebtExpense": "None", "netIncomeFromContinuingOperations": "0", "comprehensiveIncomeNetOfTax": "None", "ebit": "744751000", "ebitda": "945822000", "netIncome": "570714000"}, {"fiscalDateEnding": "2011-09-30", "reportedCurrency": "USD", "grossProfit": "2204662000", "totalRevenue": "4518089000", "costOfRevenue": "2313427000", "costofGoodsAndServicesSold": "2313427000", "operatingIncome": "656144000", "sellingGeneralAndAdministrative": "1274907000", "researchAndDevelopment": "289602000", "operatingExpenses": "1548518000", "investmentIncomeNet": "None", "netInterestIncome": "None", "interestIncome": "None", "interestExpense": "42760000", "nonInterestIncome": "None", "otherNonOperatingIncome": "-32495000", "depreciation": "None", "depreciationAndAmortization": "208562000", "incomeBeforeTax": "580889000", "incomeTaxExpense": "57461000", "interestAndDebtExpense": "None", "netIncomeFromContinuingOperations": "523428000", "comprehensiveIncomeNetOfTax": "None", "ebit": "609790000", "ebitda": "818352000", "netIncome": "523428000"}, {"fiscalDateEnding": "2011-06-30", "reportedCurrency": "USD", "grossProfit": "1943195000", "totalRevenue": "3711674000", "costOfRevenue": "1768479000", "costofGoodsAndServicesSold": "1768479000", "operatingIncome": "626103000", "sellingGeneralAndAdministrative": "1088400000", "researchAndDevelopment": "235803000", "operatingExpenses": "1317092000", "investmentIncomeNet": "None", "netInterestIncome": "None", "interestIncome": "None", "interestExpense": "31709000", "nonInterestIncome": "None", "otherNonOperatingIncome": "2280000", "depreciation": "None", "depreciationAndAmortization": "120278000", "incomeBeforeTax": "596674000", "incomeTaxExpense": "147028000", "interestAndDebtExpense": "None", "netIncomeFromContinuingOperations": "449646000", "comprehensiveIncomeNetOfTax": "None", "ebit": "611446000", "ebitda": "731724000", "netIncome": "648764000"}, {"fiscalDateEnding": "2011-03-31", "reportedCurrency": "USD", "grossProfit": "1763388000", "totalRevenue": "3345702000", "costOfRevenue": "1582314000", "costofGoodsAndServicesSold": "1582314000", "operatingIncome": "590588000", "sellingGeneralAndAdministrative": "963200000", "researchAndDevelopment": "217573000", "operatingExpenses": "1172800000", "investmentIncomeNet": "None", "netInterestIncome": "None", "interestIncome": "None", "interestExpense": "30725000", "nonInterestIncome": "None", "otherNonOperatingIncome": "2115000", "depreciation": "None", "depreciationAndAmortization": "105023000", "incomeBeforeTax": "561978000", "incomeTaxExpense": "141732000", "interestAndDebtExpense": "None", "netIncomeFromContinuingOperations": "420246000", "comprehensiveIncomeNetOfTax": "None", "ebit": "586068000", "ebitda": "691091000", "netIncome": "429358000"}, {"fiscalDateEnding": "2010-12-31", "reportedCurrency": "USD", "grossProfit": "1840471000", "totalRevenue": "3609268000", "costOfRevenue": "1768797000", "costofGoodsAndServicesSold": "1768797000", "operatingIncome": "626508000", "sellingGeneralAndAdministrative": "1004173000", "researchAndDevelopment": "222008000", "operatingExpenses": "1226181000", "investmentIncomeNet": "None", "netInterestIncome": "None", "interestIncome": "None", "interestExpense": "28647000", "nonInterestIncome": "None", "otherNonOperatingIncome": "None", "depreciation": "None", "depreciationAndAmortization": "105998000", "incomeBeforeTax": "599561000", "incomeTaxExpense": "125705000", "interestAndDebtExpense": "None", "netIncomeFromContinuingOperations": "0", "comprehensiveIncomeNetOfTax": "None", "ebit": "628208000", "ebitda": "734206000", "netIncome": "473856000"}, {"fiscalDateEnding": "2010-09-30", "reportedCurrency": "USD", "grossProfit": "1648856000", "totalRevenue": "3190193000", "costOfRevenue": "1541337000", "costofGoodsAndServicesSold": "1541337000", "operatingIncome": "572650000", "sellingGeneralAndAdministrative": "853100000", "researchAndDevelopment": "202591000", "operatingExpenses": "1076206000", "investmentIncomeNet": "None", "netInterestIncome": "None", "interestIncome": "None", "interestExpense": "31903000", "nonInterestIncome": "None", "otherNonOperatingIncome": "None", "depreciation": "None", "depreciationAndAmortization": "97397000", "incomeBeforeTax": "833561000", "incomeTaxExpense": "187126000", "interestAndDebtExpense": "None", "netIncomeFromContinuingOperations": "0", "comprehensiveIncomeNetOfTax": "None", "ebit": "844405000", "ebitda": "941802000", "netIncome": "646435000"}, {"fiscalDateEnding": "2010-06-30", "reportedCurrency": "USD", "grossProfit": "1639410000", "totalRevenue": "3310921000", "costOfRevenue": "1671511000", "costofGoodsAndServicesSold": "1671511000", "operatingIncome": "533850000", "sellingGeneralAndAdministrative": "896600000", "researchAndDevelopment": "197650000", "operatingExpenses": "1105560000", "investmentIncomeNet": "None", "netInterestIncome": "None", "interestIncome": "None", "interestExpense": "29551000", "nonInterestIncome": "None", "otherNonOperatingIncome": "None", "depreciation": "None", "depreciationAndAmortization": "99221000", "incomeBeforeTax": "505338000", "incomeTaxExpense": "132862000", "interestAndDebtExpense": "None", "netIncomeFromContinuingOperations": "0", "comprehensiveIncomeNetOfTax": "None", "ebit": "517317000", "ebitda": "616538000", "netIncome": "372476000"}, {"fiscalDateEnding": "2010-03-31", "reportedCurrency": "USD", "grossProfit": "1498053000", "totalRevenue": "3092220000", "costOfRevenue": "1594167000", "costofGoodsAndServicesSold": "1594167000", "operatingIncome": "433366000", "sellingGeneralAndAdministrative": "866300000", "researchAndDevelopment": "187232000", "operatingExpenses": "1064687000", "investmentIncomeNet": "None", "netInterestIncome": "None", "interestIncome": "None", "interestExpense": "30674000", "nonInterestIncome": "None", "otherNonOperatingIncome": "None", "depreciation": "None", "depreciationAndAmortization": "94466000", "incomeBeforeTax": "404245000", "incomeTaxExpense": "104012000", "interestAndDebtExpense": "None", "netIncomeFromContinuingOperations": "0", "comprehensiveIncomeNetOfTax": "None", "ebit": "421625000", "ebitda": "516091000", "netIncome": "300233000"}, {"fiscalDateEnding": "2009-12-31", "reportedCurrency": "USD", "grossProfit": "1438385000", "totalRevenue": "3132892000", "costOfRevenue": "1694507000", "costofGoodsAndServicesSold": "1694507000", "operatingIncome": "393714000", "sellingGeneralAndAdministrative": "890455000", "researchAndDevelopment": "154216000", "operatingExpenses": "1044671000", "investmentIncomeNet": "None", "netInterestIncome": "None", "interestIncome": "None", "interestExpense": "35428000", "nonInterestIncome": "None", "otherNonOperatingIncome": "None", "depreciation": "None", "depreciationAndAmortization": "89190000", "incomeBeforeTax": "359935000", "incomeTaxExpense": "93000000", "interestAndDebtExpense": "None", "netIncomeFromContinuingOperations": "0", "comprehensiveIncomeNetOfTax": "None", "ebit": "395363000", "ebitda": "484553000", "netIncome": "266935000"}, {"fiscalDateEnding": "2009-09-30", "reportedCurrency": "USD", "grossProfit": "1320957000", "totalRevenue": "2750693000", "costOfRevenue": "1429736000", "costofGoodsAndServicesSold": "1429736000", "operatingIncome": "464597000", "sellingGeneralAndAdministrative": "782400000", "researchAndDevelopment": "159040000", "operatingExpenses": "856360000", "investmentIncomeNet": "None", "netInterestIncome": "None", "interestIncome": "None", "interestExpense": "31842000", "nonInterestIncome": "None", "otherNonOperatingIncome": "None", "depreciation": "None", "depreciationAndAmortization": "85651000", "incomeBeforeTax": "434349000", "incomeTaxExpense": "82986000", "interestAndDebtExpense": "None", "netIncomeFromContinuingOperations": "0", "comprehensiveIncomeNetOfTax": "None", "ebit": "466191000", "ebitda": "551842000", "netIncome": "351363000"}, {"fiscalDateEnding": "2009-06-30", "reportedCurrency": "USD", "grossProfit": "1262269000", "totalRevenue": "2673609000", "costOfRevenue": "1411340000", "costofGoodsAndServicesSold": "1411340000", "operatingIncome": "343946000", "sellingGeneralAndAdministrative": "759800000", "researchAndDevelopment": "158500000", "operatingExpenses": "918323000", "investmentIncomeNet": "None", "netInterestIncome": "None", "interestIncome": "None", "interestExpense": "31329000", "nonInterestIncome": "None", "otherNonOperatingIncome": "None", "depreciation": "None", "depreciationAndAmortization": "85950000", "incomeBeforeTax": "313743000", "incomeTaxExpense": "18049000", "interestAndDebtExpense": "None", "netIncomeFromContinuingOperations": "0", "comprehensiveIncomeNetOfTax": "None", "ebit": "345072000", "ebitda": "431022000", "netIncome": "295694000"}, {"fiscalDateEnding": "2009-03-31", "reportedCurrency": "USD", "grossProfit": "1258609000", "totalRevenue": "2627744000", "costOfRevenue": "1369135000", "costofGoodsAndServicesSold": "1369135000", "operatingIncome": "340219000", "sellingGeneralAndAdministrative": "757500000", "researchAndDevelopment": "160895000", "operatingExpenses": "918390000", "investmentIncomeNet": "None", "netInterestIncome": "None", "interestIncome": "None", "interestExpense": "24057000", "nonInterestIncome": "None", "otherNonOperatingIncome": "None", "depreciation": "None", "depreciationAndAmortization": "80796000", "incomeBeforeTax": "316827000", "incomeTaxExpense": "79115000", "interestAndDebtExpense": "None", "netIncomeFromContinuingOperations": "0", "comprehensiveIncomeNetOfTax": "None", "ebit": "340884000", "ebitda": "421680000", "netIncome": "237712000"}, {"fiscalDateEnding": "2008-12-31", "reportedCurrency": "USD", "grossProfit": "1451609000", "totalRevenue": "3176506000", "costOfRevenue": "1724897000", "costofGoodsAndServicesSold": "1724897000", "operatingIncome": "423651000", "sellingGeneralAndAdministrative": "860491000", "researchAndDevelopment": "167467000", "operatingExpenses": "1027958000", "investmentIncomeNet": "None", "netInterestIncome": "None", "interestIncome": "None", "interestExpense": "25433000", "nonInterestIncome": "None", "otherNonOperatingIncome": "None", "depreciation": "None", "depreciationAndAmortization": "84231000", "incomeBeforeTax": "402218000", "incomeTaxExpense": "96532000", "interestAndDebtExpense": "None", "netIncomeFromContinuingOperations": "0", "comprehensiveIncomeNetOfTax": "None", "ebit": "433655000", "ebitda": "517886000", "netIncome": "305686000"}, {"fiscalDateEnding": "2008-09-30", "reportedCurrency": "USD", "grossProfit": "1510570000", "totalRevenue": "3208181000", "costOfRevenue": "1697611000", "costofGoodsAndServicesSold": "1697611000", "operatingIncome": "522140000", "sellingGeneralAndAdministrative": "806400000", "researchAndDevelopment": "182006000", "operatingExpenses": "988430000", "investmentIncomeNet": "None", "netInterestIncome": "None", "interestIncome": "None", "interestExpense": "30218000", "nonInterestIncome": "None", "otherNonOperatingIncome": "None", "depreciation": "None", "depreciationAndAmortization": "84526000", "incomeBeforeTax": "492992000", "incomeTaxExpense": "121000000", "interestAndDebtExpense": "None", "netIncomeFromContinuingOperations": "0", "comprehensiveIncomeNetOfTax": "None", "ebit": "523210000", "ebitda": "607736000", "netIncome": "371992000"}, {"fiscalDateEnding": "2008-06-30", "reportedCurrency": "USD", "grossProfit": "1560299000", "totalRevenue": "3283895000", "costOfRevenue": "1723596000", "costofGoodsAndServicesSold": "1723596000", "operatingIncome": "510464000", "sellingGeneralAndAdministrative": "860000000", "researchAndDevelopment": "189866000", "operatingExpenses": "1049835000", "investmentIncomeNet": "None", "netInterestIncome": "None", "interestIncome": "None", "interestExpense": "33854000", "nonInterestIncome": "None", "otherNonOperatingIncome": "None", "depreciation": "None", "depreciationAndAmortization": "83436000", "incomeBeforeTax": "478022000", "incomeTaxExpense": "114574000", "interestAndDebtExpense": "None", "netIncomeFromContinuingOperations": "0", "comprehensiveIncomeNetOfTax": "None", "ebit": "427028000", "ebitda": "510464000", "netIncome": "363448000"}, {"fiscalDateEnding": "2008-03-31", "reportedCurrency": "USD", "grossProfit": "1417716000", "totalRevenue": "3028874000", "costOfRevenue": "1611158000", "costofGoodsAndServicesSold": "1611158000", "operatingIncome": "413222000", "sellingGeneralAndAdministrative": "818400000", "researchAndDevelopment": "186104000", "operatingExpenses": "1004494000", "investmentIncomeNet": "None", "netInterestIncome": "None", "interestIncome": "None", "interestExpense": "40669000", "nonInterestIncome": "None", "otherNonOperatingIncome": "None", "depreciation": "None", "depreciationAndAmortization": "87094000", "incomeBeforeTax": "376075000", "incomeTaxExpense": "99570000", "interestAndDebtExpense": "None", "netIncomeFromContinuingOperations": "0", "comprehensiveIncomeNetOfTax": "None", "ebit": "326128000", "ebitda": "413222000", "netIncome": "276505000"}, {"fiscalDateEnding": "2007-12-31", "reportedCurrency": "USD", "grossProfit": "1450530000", "totalRevenue": "3141177000", "costOfRevenue": "1690647000", "costofGoodsAndServicesSold": "1690647000", "operatingIncome": "464770000", "sellingGeneralAndAdministrative": "769178000", "researchAndDevelopment": "216582000", "operatingExpenses": "985760000", "investmentIncomeNet": "None", "netInterestIncome": "None", "interestIncome": "None", "interestExpense": "32793000", "nonInterestIncome": "None", "otherNonOperatingIncome": "None", "depreciation": "None", "depreciationAndAmortization": "78081000", "incomeBeforeTax": "434712000", "incomeTaxExpense": "114487000", "interestAndDebtExpense": "None", "netIncomeFromContinuingOperations": "0", "comprehensiveIncomeNetOfTax": "None", "ebit": "464770000", "ebitda": "542851000", "netIncome": "320225000"}, {"fiscalDateEnding": "2007-09-30", "reportedCurrency": "USD", "grossProfit": "1249211000", "totalRevenue": "2731151000", "costOfRevenue": "1481940000", "costofGoodsAndServicesSold": "1481940000", "operatingIncome": "462934000", "sellingGeneralAndAdministrative": "655100000", "researchAndDevelopment": "131161000", "operatingExpenses": "786277000", "investmentIncomeNet": "None", "netInterestIncome": "None", "interestIncome": "None", "interestExpense": "25670000000", "nonInterestIncome": "None", "otherNonOperatingIncome": "None", "depreciation": "None", "depreciationAndAmortization": "63026000", "incomeBeforeTax": "438081000", "incomeTaxExpense": "103580000", "interestAndDebtExpense": "None", "netIncomeFromContinuingOperations": "0", "comprehensiveIncomeNetOfTax": "None", "ebit": "462934000", "ebitda": "525960000", "netIncome": "483721000"}, {"fiscalDateEnding": "2007-06-30", "reportedCurrency": "USD", "grossProfit": "1215034000", "totalRevenue": "2671212000", "costOfRevenue": "1456178000", "costofGoodsAndServicesSold": "1456178000", "operatingIncome": "447806000", "sellingGeneralAndAdministrative": "643000000", "researchAndDevelopment": "129700000", "operatingExpenses": "767228000", "investmentIncomeNet": "None", "netInterestIncome": "None", "interestIncome": "None", "interestExpense": "24087000000", "nonInterestIncome": "None", "otherNonOperatingIncome": "None", "depreciation": "None", "depreciationAndAmortization": "63918000", "incomeBeforeTax": "424671000", "incomeTaxExpense": "113517000", "interestAndDebtExpense": "None", "netIncomeFromContinuingOperations": "0", "comprehensiveIncomeNetOfTax": "None", "ebit": "448225000", "ebitda": "512143000", "netIncome": "311154000"}, {"fiscalDateEnding": "2007-03-31", "reportedCurrency": "USD", "grossProfit": "1152402000", "totalRevenue": "2556040000", "costOfRevenue": "1403638000", "costofGoodsAndServicesSold": "1403638000", "operatingIncome": "374634000", "sellingGeneralAndAdministrative": "645800000", "researchAndDevelopment": "123961000", "operatingExpenses": "777768000", "investmentIncomeNet": "None", "netInterestIncome": "None", "interestIncome": "None", "interestExpense": "27453000000", "nonInterestIncome": "None", "otherNonOperatingIncome": "None", "depreciation": "None", "depreciationAndAmortization": "63467000", "incomeBeforeTax": "348769000", "incomeTaxExpense": "93965000", "interestAndDebtExpense": "None", "netIncomeFromContinuingOperations": "0", "comprehensiveIncomeNetOfTax": "None", "ebit": "374634000", "ebitda": "438101000", "netIncome": "254804000"}, {"fiscalDateEnding": "2006-12-31", "reportedCurrency": "USD", "grossProfit": "1192806000", "totalRevenue": "2660256000", "costOfRevenue": "1467450000", "costofGoodsAndServicesSold": "1467450000", "operatingIncome": "447316000", "sellingGeneralAndAdministrative": "745490000", "researchAndDevelopment": "109827000", "operatingExpenses": "745490000", "investmentIncomeNet": "None", "netInterestIncome": "None", "interestIncome": "None", "interestExpense": "25811000", "nonInterestIncome": "None", "otherNonOperatingIncome": "None", "depreciation": "None", "depreciationAndAmortization": "63488000", "incomeBeforeTax": "422643000", "incomeTaxExpense": "98926000", "interestAndDebtExpense": "None", "netIncomeFromContinuingOperations": "0", "comprehensiveIncomeNetOfTax": "None", "ebit": "447316000", "ebitda": "510804000", "netIncome": "323717000"}, {"fiscalDateEnding": "2006-09-30", "reportedCurrency": "USD", "grossProfit": "1101777000", "totalRevenue": "2442723000", "costOfRevenue": "1340946000", "costofGoodsAndServicesSold": "1340946000", "operatingIncome": "392324000", "sellingGeneralAndAdministrative": "584600000", "researchAndDevelopment": "118680000", "operatingExpenses": "709453000", "investmentIncomeNet": "None", "netInterestIncome": "None", "interestIncome": "None", "interestExpense": "53920000", "nonInterestIncome": "None", "otherNonOperatingIncome": "None", "depreciation": "None", "depreciationAndAmortization": "55431000", "incomeBeforeTax": "366620000", "incomeTaxExpense": "98549000", "interestAndDebtExpense": "None", "netIncomeFromContinuingOperations": "0", "comprehensiveIncomeNetOfTax": "None", "ebit": "385492000", "ebitda": "440923000", "netIncome": "268071000"}, {"fiscalDateEnding": "2006-06-30", "reportedCurrency": "USD", "grossProfit": "1032111000", "totalRevenue": "2349764000", "costOfRevenue": "1317653000", "costofGoodsAndServicesSold": "1317653000", "operatingIncome": "381282000", "sellingGeneralAndAdministrative": "666446000", "researchAndDevelopment": "211495000", "operatingExpenses": "650829000", "investmentIncomeNet": "None", "netInterestIncome": "None", "interestIncome": "None", "interestExpense": "17481000000", "nonInterestIncome": "None", "otherNonOperatingIncome": "None", "depreciation": "None", "depreciationAndAmortization": "51902000", "incomeBeforeTax": "367796000", "incomeTaxExpense": "53274000", "interestAndDebtExpense": "None", "netIncomeFromContinuingOperations": "0", "comprehensiveIncomeNetOfTax": "None", "ebit": "381282000", "ebitda": "433184000", "netIncome": "314522000"}, {"fiscalDateEnding": "2006-03-31", "reportedCurrency": "USD", "grossProfit": "916689000", "totalRevenue": "2143661000", "costOfRevenue": "1226972000", "costofGoodsAndServicesSold": "1226972000", "operatingIncome": "297071000", "sellingGeneralAndAdministrative": "619618000", "researchAndDevelopment": "0", "operatingExpenses": "619618000", "investmentIncomeNet": "None", "netInterestIncome": "None", "interestIncome": "None", "interestExpense": "9794000", "nonInterestIncome": "None", "otherNonOperatingIncome": "None", "depreciation": "None", "depreciationAndAmortization": "46369000", "incomeBeforeTax": "289113000", "incomeTaxExpense": "73394000", "interestAndDebtExpense": "None", "netIncomeFromContinuingOperations": "0", "comprehensiveIncomeNetOfTax": "None", "ebit": "250702000", "ebitda": "297071000", "netIncome": "215719000"}, {"fiscalDateEnding": "2005-12-31", "reportedCurrency": "USD", "grossProfit": "972357000", "totalRevenue": "2263754000", "costOfRevenue": "1291397000", "costofGoodsAndServicesSold": "1291397000", "operatingIncome": "352128000", "sellingGeneralAndAdministrative": "606299000", "researchAndDevelopment": "379000000", "operatingExpenses": "620229000", "investmentIncomeNet": "None", "netInterestIncome": "None", "interestIncome": "None", "interestExpense": "9427000", "nonInterestIncome": "None", "otherNonOperatingIncome": "None", "depreciation": "None", "depreciationAndAmortization": "43345000", "incomeBeforeTax": "345359000", "incomeTaxExpense": "93656000", "interestAndDebtExpense": "None", "netIncomeFromContinuingOperations": "0", "comprehensiveIncomeNetOfTax": "None", "ebit": "352128000", "ebitda": "395473000", "netIncome": "251703000"}, {"fiscalDateEnding": "2005-09-30", "reportedCurrency": "USD", "grossProfit": "847871000", "totalRevenue": "1966375000", "costOfRevenue": "1118504000", "costofGoodsAndServicesSold": "1118504000", "operatingIncome": "319682000", "sellingGeneralAndAdministrative": "523612000", "researchAndDevelopment": "0", "operatingExpenses": "528189000", "investmentIncomeNet": "None", "netInterestIncome": "None", "interestIncome": "None", "interestExpense": "9203000", "nonInterestIncome": "None", "otherNonOperatingIncome": "None", "depreciation": "None", "depreciationAndAmortization": "43499000", "incomeBeforeTax": "313529000", "incomeTaxExpense": "84708000", "interestAndDebtExpense": "None", "netIncomeFromContinuingOperations": "0", "comprehensiveIncomeNetOfTax": "None", "ebit": "276183000", "ebitda": "319682000", "netIncome": "228821000"}, {"fiscalDateEnding": "2005-06-30", "reportedCurrency": "USD", "grossProfit": "849603000", "totalRevenue": "1928627000", "costOfRevenue": "1079024000", "costofGoodsAndServicesSold": "1079024000", "operatingIncome": "321021000", "sellingGeneralAndAdministrative": "537200000", "researchAndDevelopment": "0", "operatingExpenses": "528582000", "investmentIncomeNet": "None", "netInterestIncome": "None", "interestIncome": "None", "interestExpense": "12815000", "nonInterestIncome": "None", "otherNonOperatingIncome": "None", "depreciation": "None", "depreciationAndAmortization": "44393000", "incomeBeforeTax": "315890000", "incomeTaxExpense": "86870000", "interestAndDebtExpense": "None", "netIncomeFromContinuingOperations": "0", "comprehensiveIncomeNetOfTax": "None", "ebit": "276628000", "ebitda": "321021000", "netIncome": "229020000"}, {"fiscalDateEnding": "2005-03-31", "reportedCurrency": "USD", "grossProfit": "775184000", "totalRevenue": "1825948000", "costOfRevenue": "1050764000", "costofGoodsAndServicesSold": "1050764000", "operatingIncome": "271837000", "sellingGeneralAndAdministrative": "508700000", "researchAndDevelopment": "0", "operatingExpenses": "503347000", "investmentIncomeNet": "None", "netInterestIncome": "None", "interestIncome": "None", "interestExpense": "13488000", "nonInterestIncome": "None", "otherNonOperatingIncome": "None", "depreciation": "None", "depreciationAndAmortization": "45735000", "incomeBeforeTax": "259664000", "incomeTaxExpense": "71408000", "interestAndDebtExpense": "None", "netIncomeFromContinuingOperations": "0", "comprehensiveIncomeNetOfTax": "None", "ebit": "226102000", "ebitda": "271837000", "netIncome": "188256000"}, {"fiscalDateEnding": "2004-12-31", "reportedCurrency": "USD", "grossProfit": "835702000", "totalRevenue": "1979580000", "costOfRevenue": "1143878000", "costofGoodsAndServicesSold": "1143878000", "operatingIncome": "316004000", "sellingGeneralAndAdministrative": "521739000", "researchAndDevelopment": "294000000", "operatingExpenses": "519698000", "investmentIncomeNet": "None", "netInterestIncome": "None", "interestIncome": "None", "interestExpense": "14199000", "nonInterestIncome": "None", "otherNonOperatingIncome": "None", "depreciation": "None", "depreciationAndAmortization": "38890000", "incomeBeforeTax": "304516000", "incomeTaxExpense": "86786000", "interestAndDebtExpense": "None", "netIncomeFromContinuingOperations": "0", "comprehensiveIncomeNetOfTax": "None", "ebit": "316004000", "ebitda": "354894000", "netIncome": "217730000"}]}