{"symbol": "WMB", "annualReports": [{"fiscalDateEnding": "2024-12-31", "reportedCurrency": "USD", "grossProfit": "8428000000", "totalRevenue": "10503000000", "costOfRevenue": "2075000000", "costofGoodsAndServicesSold": "2075000000", "operatingIncome": "3339000000", "sellingGeneralAndAdministrative": "708000000", "researchAndDevelopment": "None", "operatingExpenses": "5089000000", "investmentIncomeNet": "None", "netInterestIncome": "-1297000000", "interestIncome": "67000000", "interestExpense": "1364000000", "nonInterestIncome": "None", "otherNonOperatingIncome": "None", "depreciation": "None", "depreciationAndAmortization": "2219000000", "incomeBeforeTax": "2986000000", "incomeTaxExpense": "640000000", "interestAndDebtExpense": "None", "netIncomeFromContinuingOperations": "2346000000", "comprehensiveIncomeNetOfTax": "None", "ebit": "4350000000", "ebitda": "6569000000", "netIncome": "2225000000"}, {"fiscalDateEnding": "2023-12-31", "reportedCurrency": "USD", "grossProfit": "6801000000", "totalRevenue": "10907000000", "costOfRevenue": "4106000000", "costofGoodsAndServicesSold": "4106000000", "operatingIncome": "4311000000", "sellingGeneralAndAdministrative": "642000000", "researchAndDevelopment": "None", "operatingExpenses": "2490000000", "investmentIncomeNet": "None", "netInterestIncome": "-1203000000", "interestIncome": "79000000", "interestExpense": "1236000000", "nonInterestIncome": "None", "otherNonOperatingIncome": "None", "depreciation": "None", "depreciationAndAmortization": "2071000000", "incomeBeforeTax": "4405000000", "incomeTaxExpense": "1005000000", "interestAndDebtExpense": "None", "netIncomeFromContinuingOperations": "2920000000", "comprehensiveIncomeNetOfTax": "None", "ebit": "5700000000", "ebitda": "7771000000", "netIncome": "3179000000"}, {"fiscalDateEnding": "2022-12-31", "reportedCurrency": "USD", "grossProfit": "3682000000", "totalRevenue": "10965000000", "costOfRevenue": "7283000000", "costofGoodsAndServicesSold": "7283000000", "operatingIncome": "3018000000", "sellingGeneralAndAdministrative": "2445000000", "researchAndDevelopment": "None", "operatingExpenses": "664000000", "investmentIncomeNet": "None", "netInterestIncome": "-1147000000", "interestIncome": "494000000", "interestExpense": "1147000000", "nonInterestIncome": "None", "otherNonOperatingIncome": "None", "depreciation": "None", "depreciationAndAmortization": "2060000000", "incomeBeforeTax": "2542000000", "incomeTaxExpense": "425000000", "interestAndDebtExpense": "None", "netIncomeFromContinuingOperations": "2117000000", "comprehensiveIncomeNetOfTax": "None", "ebit": "3638000000", "ebitda": "5698000000", "netIncome": "2049000000"}, {"fiscalDateEnding": "2021-12-31", "reportedCurrency": "USD", "grossProfit": "3205000000", "totalRevenue": "10627000000", "costOfRevenue": "7422000000", "costofGoodsAndServicesSold": "7422000000", "operatingIncome": "2631000000", "sellingGeneralAndAdministrative": "558000000", "researchAndDevelopment": "None", "operatingExpenses": "572000000", "investmentIncomeNet": "None", "netInterestIncome": "-1179000000", "interestIncome": "564000000", "interestExpense": "1179000000", "nonInterestIncome": "None", "otherNonOperatingIncome": "621000000", "depreciation": "None", "depreciationAndAmortization": "1887000000", "incomeBeforeTax": "2073000000", "incomeTaxExpense": "511000000", "interestAndDebtExpense": "None", "netIncomeFromContinuingOperations": "1562000000", "comprehensiveIncomeNetOfTax": "None", "ebit": "3207000000", "ebitda": "5094000000", "netIncome": "1517000000"}, {"fiscalDateEnding": "2020-12-31", "reportedCurrency": "USD", "grossProfit": "3059000000", "totalRevenue": "7719000000", "costOfRevenue": "4660000000", "costofGoodsAndServicesSold": "4660000000", "operatingIncome": "2202000000", "sellingGeneralAndAdministrative": "466000000", "researchAndDevelopment": "None", "operatingExpenses": "488000000", "investmentIncomeNet": "None", "netInterestIncome": "-1172000000", "interestIncome": "836000000", "interestExpense": "1172000000", "nonInterestIncome": "None", "otherNonOperatingIncome": "-753000000", "depreciation": "None", "depreciationAndAmortization": "1756000000", "incomeBeforeTax": "277000000", "incomeTaxExpense": "79000000", "interestAndDebtExpense": "None", "netIncomeFromContinuingOperations": "198000000", "comprehensiveIncomeNetOfTax": "None", "ebit": "2821000000", "ebitda": "4577000000", "netIncome": "211000000"}, {"fiscalDateEnding": "2019-12-31", "reportedCurrency": "USD", "grossProfit": "2953000000", "totalRevenue": "8201000000", "costOfRevenue": "5248000000", "costofGoodsAndServicesSold": "5248000000", "operatingIncome": "2795000000", "sellingGeneralAndAdministrative": "558000000", "researchAndDevelopment": "None", "operatingExpenses": "566000000", "investmentIncomeNet": "None", "netInterestIncome": "-1186000000", "interestIncome": "704000000", "interestExpense": "1186000000", "nonInterestIncome": "None", "otherNonOperatingIncome": "329000000", "depreciation": "None", "depreciationAndAmortization": "1735000000", "incomeBeforeTax": "1064000000", "incomeTaxExpense": "335000000", "interestAndDebtExpense": "None", "netIncomeFromContinuingOperations": "729000000", "comprehensiveIncomeNetOfTax": "None", "ebit": "2229000000", "ebitda": "3964000000", "netIncome": "850000000"}, {"fiscalDateEnding": "2018-12-31", "reportedCurrency": "USD", "grossProfit": "2586000000", "totalRevenue": "8686000000", "costOfRevenue": "6100000000", "costofGoodsAndServicesSold": "6100000000", "operatingIncome": "2037000000", "sellingGeneralAndAdministrative": "569000000", "researchAndDevelopment": "0", "operatingExpenses": "549000000", "investmentIncomeNet": "None", "netInterestIncome": "-1112000000", "interestIncome": "497000000", "interestExpense": "1160000000", "nonInterestIncome": "None", "otherNonOperatingIncome": "675000000", "depreciation": "None", "depreciationAndAmortization": "1758000000", "incomeBeforeTax": "331000000", "incomeTaxExpense": "138000000", "interestAndDebtExpense": "None", "netIncomeFromContinuingOperations": "193000000", "comprehensiveIncomeNetOfTax": "None", "ebit": "1410000000", "ebitda": "3168000000", "netIncome": "-155000000"}, {"fiscalDateEnding": "2017-12-31", "reportedCurrency": "USD", "grossProfit": "3995000000", "totalRevenue": "8031000000", "costOfRevenue": "4036000000", "costofGoodsAndServicesSold": "4036000000", "operatingIncome": "904000000", "sellingGeneralAndAdministrative": "608000000", "researchAndDevelopment": "0", "operatingExpenses": "2264000000", "investmentIncomeNet": "None", "netInterestIncome": "-1083000000", "interestIncome": "367000000", "interestExpense": "1083000000", "nonInterestIncome": "None", "otherNonOperatingIncome": "714000000", "depreciation": "None", "depreciationAndAmortization": "1769000000", "incomeBeforeTax": "535000000", "incomeTaxExpense": "-1974000000", "interestAndDebtExpense": "None", "netIncomeFromContinuingOperations": "2509000000", "comprehensiveIncomeNetOfTax": "None", "ebit": "1585000000", "ebitda": "3354000000", "netIncome": "2174000000"}, {"fiscalDateEnding": "2016-12-31", "reportedCurrency": "USD", "grossProfit": "4011000000", "totalRevenue": "7499000000", "costOfRevenue": "3488000000", "costofGoodsAndServicesSold": "3488000000", "operatingIncome": "700000000", "sellingGeneralAndAdministrative": "723000000", "researchAndDevelopment": "0", "operatingExpenses": "2445000000", "investmentIncomeNet": "None", "netInterestIncome": "-1179000000", "interestIncome": "719000000", "interestExpense": "1179000000", "nonInterestIncome": "None", "otherNonOperatingIncome": "104000000", "depreciation": "None", "depreciationAndAmortization": "1796000000", "incomeBeforeTax": "-375000000", "incomeTaxExpense": "-25000000", "interestAndDebtExpense": "None", "netIncomeFromContinuingOperations": "-350000000", "comprehensiveIncomeNetOfTax": "None", "ebit": "771000000", "ebitda": "2567000000", "netIncome": "-424000000"}, {"fiscalDateEnding": "2015-12-31", "reportedCurrency": "USD", "grossProfit": "3855000000", "totalRevenue": "7360000000", "costOfRevenue": "3505000000", "costofGoodsAndServicesSold": "3505000000", "operatingIncome": "226000000", "sellingGeneralAndAdministrative": "741000000", "researchAndDevelopment": "0", "operatingExpenses": "2657000000", "investmentIncomeNet": "None", "netInterestIncome": "None", "interestIncome": "682000000", "interestExpense": "1044000000", "nonInterestIncome": "None", "otherNonOperatingIncome": "-895000000", "depreciation": "None", "depreciationAndAmortization": "1738000000", "incomeBeforeTax": "-1674000000", "incomeTaxExpense": "-390000000", "interestAndDebtExpense": "None", "netIncomeFromContinuingOperations": "-1314000000", "comprehensiveIncomeNetOfTax": "None", "ebit": "-638000000", "ebitda": "1100000000", "netIncome": "-557000000"}, {"fiscalDateEnding": "2014-12-31", "reportedCurrency": "USD", "grossProfit": "3445000000", "totalRevenue": "7637000000", "costOfRevenue": "4192000000", "costofGoodsAndServicesSold": "4192000000", "operatingIncome": "1569000000", "sellingGeneralAndAdministrative": "661000000", "researchAndDevelopment": "0", "operatingExpenses": "2108000000", "investmentIncomeNet": "None", "netInterestIncome": "None", "interestIncome": "None", "interestExpense": "747000000", "nonInterestIncome": "None", "otherNonOperatingIncome": "2762000000", "depreciation": "None", "depreciationAndAmortization": "1176000000", "incomeBeforeTax": "3584000000", "incomeTaxExpense": "1249000000", "interestAndDebtExpense": "None", "netIncomeFromContinuingOperations": "2335000000", "comprehensiveIncomeNetOfTax": "None", "ebit": "4331000000", "ebitda": "5507000000", "netIncome": "2114000000"}, {"fiscalDateEnding": "2013-12-31", "reportedCurrency": "USD", "grossProfit": "3018000000", "totalRevenue": "6860000000", "costOfRevenue": "3842000000", "costofGoodsAndServicesSold": "3842000000", "operatingIncome": "1375000000", "sellingGeneralAndAdministrative": "512000000", "researchAndDevelopment": "0", "operatingExpenses": "1643000000", "investmentIncomeNet": "None", "netInterestIncome": "None", "interestIncome": "None", "interestExpense": "510000000", "nonInterestIncome": "None", "otherNonOperatingIncome": "215000000", "depreciation": "None", "depreciationAndAmortization": "815000000", "incomeBeforeTax": "1080000000", "incomeTaxExpense": "401000000", "interestAndDebtExpense": "None", "netIncomeFromContinuingOperations": "679000000", "comprehensiveIncomeNetOfTax": "None", "ebit": "1590000000", "ebitda": "2405000000", "netIncome": "430000000"}, {"fiscalDateEnding": "2012-12-31", "reportedCurrency": "USD", "grossProfit": "3234000000", "totalRevenue": "7517000000", "costOfRevenue": "4283000000", "costofGoodsAndServicesSold": "4283000000", "operatingIncome": "1612000000", "sellingGeneralAndAdministrative": "571000000", "researchAndDevelopment": "0", "operatingExpenses": "1622000000", "investmentIncomeNet": "None", "netInterestIncome": "None", "interestIncome": "None", "interestExpense": "509000000", "nonInterestIncome": "None", "otherNonOperatingIncome": "186000000", "depreciation": "None", "depreciationAndAmortization": "756000000", "incomeBeforeTax": "1289000000", "incomeTaxExpense": "360000000", "interestAndDebtExpense": "None", "netIncomeFromContinuingOperations": "929000000", "comprehensiveIncomeNetOfTax": "None", "ebit": "1798000000", "ebitda": "2554000000", "netIncome": "859000000"}, {"fiscalDateEnding": "2011-12-31", "reportedCurrency": "USD", "grossProfit": "2380000000", "totalRevenue": "7930000000", "costOfRevenue": "5550000000", "costofGoodsAndServicesSold": "5550000000", "operatingIncome": "1867000000", "sellingGeneralAndAdministrative": "512000000", "researchAndDevelopment": "0", "operatingExpenses": "512000000", "investmentIncomeNet": "None", "netInterestIncome": "None", "interestIncome": "None", "interestExpense": "598000000", "nonInterestIncome": "None", "otherNonOperatingIncome": "-260000000", "depreciation": "None", "depreciationAndAmortization": "1614000000", "incomeBeforeTax": "1202000000", "incomeTaxExpense": "124000000", "interestAndDebtExpense": "None", "netIncomeFromContinuingOperations": "1078000000", "comprehensiveIncomeNetOfTax": "None", "ebit": "1775000000", "ebitda": "3389000000", "netIncome": "376000000"}, {"fiscalDateEnding": "2010-12-31", "reportedCurrency": "USD", "grossProfit": "2431000000", "totalRevenue": "9616000000", "costOfRevenue": "7185000000", "costofGoodsAndServicesSold": "7185000000", "operatingIncome": "44000000", "sellingGeneralAndAdministrative": "719000000", "researchAndDevelopment": "0", "operatingExpenses": "7880000000", "investmentIncomeNet": "None", "netInterestIncome": "None", "interestIncome": "None", "interestExpense": "581000000", "nonInterestIncome": "None", "otherNonOperatingIncome": "-12000000", "depreciation": "None", "depreciationAndAmortization": "1507000000", "incomeBeforeTax": "-946000000", "incomeTaxExpense": "-30000000", "interestAndDebtExpense": "None", "netIncomeFromContinuingOperations": "-916000000", "comprehensiveIncomeNetOfTax": "None", "ebit": "-365000000", "ebitda": "1142000000", "netIncome": "-1097000000"}, {"fiscalDateEnding": "2009-12-31", "reportedCurrency": "USD", "grossProfit": "2174000000", "totalRevenue": "8255000000", "costOfRevenue": "6081000000", "costofGoodsAndServicesSold": "6081000000", "operatingIncome": "1481000000", "sellingGeneralAndAdministrative": "2376000000", "researchAndDevelopment": "0", "operatingExpenses": "693000000", "investmentIncomeNet": "None", "netInterestIncome": "None", "interestIncome": "None", "interestExpense": "661000000", "nonInterestIncome": "None", "otherNonOperatingIncome": "3000000", "depreciation": "None", "depreciationAndAmortization": "1469000000", "incomeBeforeTax": "943000000", "incomeTaxExpense": "359000000", "interestAndDebtExpense": "None", "netIncomeFromContinuingOperations": "584000000", "comprehensiveIncomeNetOfTax": "None", "ebit": "1528000000", "ebitda": "2997000000", "netIncome": "285000000"}, {"fiscalDateEnding": "2008-12-31", "reportedCurrency": "USD", "grossProfit": "3196000000", "totalRevenue": "12352000000", "costOfRevenue": "9156000000", "costofGoodsAndServicesSold": "9156000000", "operatingIncome": "2625000000", "sellingGeneralAndAdministrative": "5759000000", "researchAndDevelopment": "None", "operatingExpenses": "653000000", "investmentIncomeNet": "None", "netInterestIncome": "None", "interestIncome": "None", "interestExpense": "594000000", "nonInterestIncome": "None", "otherNonOperatingIncome": "None", "depreciation": "None", "depreciationAndAmortization": "1310000000", "incomeBeforeTax": "2047000000", "incomeTaxExpense": "713000000", "interestAndDebtExpense": "None", "netIncomeFromContinuingOperations": "None", "comprehensiveIncomeNetOfTax": "None", "ebit": "2815000000", "ebitda": "4125000000", "netIncome": "1418000000"}, {"fiscalDateEnding": "2007-12-31", "reportedCurrency": "USD", "grossProfit": "2479000000", "totalRevenue": "10558000000", "costOfRevenue": "8079000000", "costofGoodsAndServicesSold": "8079000000", "operatingIncome": "1865000000", "sellingGeneralAndAdministrative": "4001000000", "researchAndDevelopment": "None", "operatingExpenses": "632000000", "investmentIncomeNet": "None", "netInterestIncome": "None", "interestIncome": "None", "interestExpense": "653000000", "nonInterestIncome": "None", "otherNonOperatingIncome": "None", "depreciation": "None", "depreciationAndAmortization": "1082000000", "incomeBeforeTax": "1371000000", "incomeTaxExpense": "524000000", "interestAndDebtExpense": "None", "netIncomeFromContinuingOperations": "None", "comprehensiveIncomeNetOfTax": "None", "ebit": "2114000000", "ebitda": "3196000000", "netIncome": "990000000"}, {"fiscalDateEnding": "2006-12-31", "reportedCurrency": "USD", "grossProfit": "1839300000", "totalRevenue": "11812900000", "costOfRevenue": "9973600000", "costofGoodsAndServicesSold": "9973600000", "operatingIncome": "1038900000", "sellingGeneralAndAdministrative": "581300000", "researchAndDevelopment": "None", "operatingExpenses": "10774000000", "investmentIncomeNet": "None", "netInterestIncome": "None", "interestIncome": "None", "interestExpense": "653000000", "nonInterestIncome": "None", "otherNonOperatingIncome": "None", "depreciation": "None", "depreciationAndAmortization": "909400000", "incomeBeforeTax": "539100000", "incomeTaxExpense": "206300000", "interestAndDebtExpense": "None", "netIncomeFromContinuingOperations": "None", "comprehensiveIncomeNetOfTax": "None", "ebit": "934300000", "ebitda": "1843700000", "netIncome": "308500000"}, {"fiscalDateEnding": "2005-12-31", "reportedCurrency": "USD", "grossProfit": "1712600000", "totalRevenue": "12583600000", "costOfRevenue": "10871000000", "costofGoodsAndServicesSold": "10871000000", "operatingIncome": "1232300000", "sellingGeneralAndAdministrative": "480300000", "researchAndDevelopment": "None", "operatingExpenses": "11351300000", "investmentIncomeNet": "None", "netInterestIncome": "None", "interestIncome": "None", "interestExpense": "660000000", "nonInterestIncome": "None", "otherNonOperatingIncome": "None", "depreciation": "None", "depreciationAndAmortization": "752700000", "incomeBeforeTax": "531300000", "incomeTaxExpense": "213900000", "interestAndDebtExpense": "None", "netIncomeFromContinuingOperations": "None", "comprehensiveIncomeNetOfTax": "None", "ebit": "1208800000", "ebitda": "1961500000", "netIncome": "313600000"}], "quarterlyReports": [{"fiscalDateEnding": "2024-12-31", "reportedCurrency": "USD", "grossProfit": "1556000000", "totalRevenue": "2743000000", "costOfRevenue": "1187000000", "costofGoodsAndServicesSold": "1187000000", "operatingIncome": "793000000", "sellingGeneralAndAdministrative": "188000000", "researchAndDevelopment": "None", "operatingExpenses": "763000000", "investmentIncomeNet": "None", "netInterestIncome": "-271000000", "interestIncome": "None", "interestExpense": "338000000", "nonInterestIncome": "None", "otherNonOperatingIncome": "None", "depreciation": "None", "depreciationAndAmortization": "565000000", "incomeBeforeTax": "608000000", "incomeTaxExpense": "91000000", "interestAndDebtExpense": "None", "netIncomeFromContinuingOperations": "517000000", "comprehensiveIncomeNetOfTax": "None", "ebit": "946000000", "ebitda": "1511000000", "netIncome": "486000000"}, {"fiscalDateEnding": "2024-09-30", "reportedCurrency": "USD", "grossProfit": "2136000000", "totalRevenue": "2653000000", "costOfRevenue": "517000000", "costofGoodsAndServicesSold": "517000000", "operatingIncome": "838000000", "sellingGeneralAndAdministrative": "170000000", "researchAndDevelopment": "None", "operatingExpenses": "1298000000", "investmentIncomeNet": "None", "netInterestIncome": "-338000000", "interestIncome": "None", "interestExpense": "338000000", "nonInterestIncome": "None", "otherNonOperatingIncome": "None", "depreciation": "None", "depreciationAndAmortization": "566000000", "incomeBeforeTax": "968000000", "incomeTaxExpense": "227000000", "interestAndDebtExpense": "None", "netIncomeFromContinuingOperations": "741000000", "comprehensiveIncomeNetOfTax": "None", "ebit": "1306000000", "ebitda": "1872000000", "netIncome": "706000000"}, {"fiscalDateEnding": "2024-06-30", "reportedCurrency": "USD", "grossProfit": "949000000", "totalRevenue": "2465000000", "costOfRevenue": "1516000000", "costofGoodsAndServicesSold": "1516000000", "operatingIncome": "778000000", "sellingGeneralAndAdministrative": "164000000", "researchAndDevelopment": "None", "operatingExpenses": "171000000", "investmentIncomeNet": "None", "netInterestIncome": "-339000000", "interestIncome": "None", "interestExpense": "339000000", "nonInterestIncome": "None", "otherNonOperatingIncome": "None", "depreciation": "None", "depreciationAndAmortization": "561000000", "incomeBeforeTax": "555000000", "incomeTaxExpense": "129000000", "interestAndDebtExpense": "None", "netIncomeFromContinuingOperations": "426000000", "comprehensiveIncomeNetOfTax": "None", "ebit": "873000000", "ebitda": "1434000000", "netIncome": "401000000"}, {"fiscalDateEnding": "2024-03-31", "reportedCurrency": "USD", "grossProfit": "1173000000", "totalRevenue": "2780000000", "costOfRevenue": "1607000000", "costofGoodsAndServicesSold": "1607000000", "operatingIncome": "1021000000", "sellingGeneralAndAdministrative": "186000000", "researchAndDevelopment": "None", "operatingExpenses": "152000000", "investmentIncomeNet": "None", "netInterestIncome": "-349000000", "interestIncome": "None", "interestExpense": "349000000", "nonInterestIncome": "None", "otherNonOperatingIncome": "None", "depreciation": "None", "depreciationAndAmortization": "566000000", "incomeBeforeTax": "855000000", "incomeTaxExpense": "193000000", "interestAndDebtExpense": "None", "netIncomeFromContinuingOperations": "662000000", "comprehensiveIncomeNetOfTax": "None", "ebit": "1204000000", "ebitda": "1770000000", "netIncome": "632000000"}, {"fiscalDateEnding": "2023-12-31", "reportedCurrency": "USD", "grossProfit": "1807000000", "totalRevenue": "2784000000", "costOfRevenue": "977000000", "costofGoodsAndServicesSold": "977000000", "operatingIncome": "1087000000", "sellingGeneralAndAdministrative": "182000000", "researchAndDevelopment": "None", "operatingExpenses": "719000000", "investmentIncomeNet": "None", "netInterestIncome": "-243000000", "interestIncome": "None", "interestExpense": "322000000", "nonInterestIncome": "None", "otherNonOperatingIncome": "None", "depreciation": "None", "depreciationAndAmortization": "545000000", "incomeBeforeTax": "1547000000", "incomeTaxExpense": "370000000", "interestAndDebtExpense": "None", "netIncomeFromContinuingOperations": "1177000000", "comprehensiveIncomeNetOfTax": "None", "ebit": "1869000000", "ebitda": "2414000000", "netIncome": "1138000000"}, {"fiscalDateEnding": "2023-09-30", "reportedCurrency": "USD", "grossProfit": "2075000000", "totalRevenue": "2559000000", "costOfRevenue": "484000000", "costofGoodsAndServicesSold": "484000000", "operatingIncome": "994000000", "sellingGeneralAndAdministrative": "666000000", "researchAndDevelopment": "None", "operatingExpenses": "1081000000", "investmentIncomeNet": "None", "netInterestIncome": "-314000000", "interestIncome": "163000000", "interestExpense": "314000000", "nonInterestIncome": "None", "otherNonOperatingIncome": "None", "depreciation": "None", "depreciationAndAmortization": "535000000", "incomeBeforeTax": "861000000", "incomeTaxExpense": "176000000", "interestAndDebtExpense": "None", "netIncomeFromContinuingOperations": "685000000", "comprehensiveIncomeNetOfTax": "None", "ebit": "816000000", "ebitda": "1351000000", "netIncome": "654000000"}, {"fiscalDateEnding": "2023-06-30", "reportedCurrency": "USD", "grossProfit": "2062000000", "totalRevenue": "2483000000", "costOfRevenue": "421000000", "costofGoodsAndServicesSold": "421000000", "operatingIncome": "870000000", "sellingGeneralAndAdministrative": "161000000", "researchAndDevelopment": "None", "operatingExpenses": "1192000000", "investmentIncomeNet": "None", "netInterestIncome": "-306000000", "interestIncome": "133000000", "interestExpense": "306000000", "nonInterestIncome": "None", "otherNonOperatingIncome": "192000000", "depreciation": "None", "depreciationAndAmortization": "529000000", "incomeBeforeTax": "756000000", "incomeTaxExpense": "175000000", "interestAndDebtExpense": "None", "netIncomeFromContinuingOperations": "581000000", "comprehensiveIncomeNetOfTax": "None", "ebit": "621000000", "ebitda": "1150000000", "netIncome": "460000000"}, {"fiscalDateEnding": "2023-03-31", "reportedCurrency": "USD", "grossProfit": "1968000000", "totalRevenue": "3081000000", "costOfRevenue": "1113000000", "costofGoodsAndServicesSold": "1113000000", "operatingIncome": "1360000000", "sellingGeneralAndAdministrative": "176000000", "researchAndDevelopment": "None", "operatingExpenses": "608000000", "investmentIncomeNet": "None", "netInterestIncome": "-294000000", "interestIncome": "139000000", "interestExpense": "294000000", "nonInterestIncome": "None", "otherNonOperatingIncome": "175000000", "depreciation": "None", "depreciationAndAmortization": "506000000", "incomeBeforeTax": "1241000000", "incomeTaxExpense": "284000000", "interestAndDebtExpense": "None", "netIncomeFromContinuingOperations": "957000000", "comprehensiveIncomeNetOfTax": "None", "ebit": "1372000000", "ebitda": "1878000000", "netIncome": "927000000"}, {"fiscalDateEnding": "2022-12-31", "reportedCurrency": "USD", "grossProfit": "1245000000", "totalRevenue": "2930000000", "costOfRevenue": "1685000000", "costofGoodsAndServicesSold": "1685000000", "operatingIncome": "1072000000", "sellingGeneralAndAdministrative": "631000000", "researchAndDevelopment": "None", "operatingExpenses": "173000000", "investmentIncomeNet": "None", "netInterestIncome": "-289000000", "interestIncome": "132000000", "interestExpense": "289000000", "nonInterestIncome": "None", "otherNonOperatingIncome": "None", "depreciation": "None", "depreciationAndAmortization": "520000000", "incomeBeforeTax": "953000000", "incomeTaxExpense": "256000000", "interestAndDebtExpense": "None", "netIncomeFromContinuingOperations": "697000000", "comprehensiveIncomeNetOfTax": "None", "ebit": "1227000000", "ebitda": "1747000000", "netIncome": "669000000"}, {"fiscalDateEnding": "2022-09-30", "reportedCurrency": "USD", "grossProfit": "1016000000", "totalRevenue": "3021000000", "costOfRevenue": "2005000000", "costofGoodsAndServicesSold": "2005000000", "operatingIncome": "820000000", "sellingGeneralAndAdministrative": "163000000", "researchAndDevelopment": "None", "operatingExpenses": "196000000", "investmentIncomeNet": "None", "netInterestIncome": "-291000000", "interestIncome": "97000000", "interestExpense": "291000000", "nonInterestIncome": "None", "otherNonOperatingIncome": "None", "depreciation": "None", "depreciationAndAmortization": "512000000", "incomeBeforeTax": "717000000", "incomeTaxExpense": "96000000", "interestAndDebtExpense": "None", "netIncomeFromContinuingOperations": "621000000", "comprehensiveIncomeNetOfTax": "None", "ebit": "996000000", "ebitda": "1508000000", "netIncome": "599000000"}, {"fiscalDateEnding": "2022-06-30", "reportedCurrency": "USD", "grossProfit": "609000000", "totalRevenue": "2490000000", "costOfRevenue": "1881000000", "costofGoodsAndServicesSold": "1881000000", "operatingIncome": "449000000", "sellingGeneralAndAdministrative": "160000000", "researchAndDevelopment": "None", "operatingExpenses": "160000000", "investmentIncomeNet": "None", "netInterestIncome": "-281000000", "interestIncome": "116000000", "interestExpense": "286000000", "nonInterestIncome": "None", "otherNonOperatingIncome": "171000000", "depreciation": "None", "depreciationAndAmortization": "519000000", "incomeBeforeTax": "362000000", "incomeTaxExpense": "-45000000", "interestAndDebtExpense": "None", "netIncomeFromContinuingOperations": "407000000", "comprehensiveIncomeNetOfTax": "None", "ebit": "630000000", "ebitda": "1149000000", "netIncome": "400000000"}, {"fiscalDateEnding": "2022-03-31", "reportedCurrency": "USD", "grossProfit": "788000000", "totalRevenue": "2524000000", "costOfRevenue": "1736000000", "costofGoodsAndServicesSold": "1736000000", "operatingIncome": "634000000", "sellingGeneralAndAdministrative": "154000000", "researchAndDevelopment": "None", "operatingExpenses": "154000000", "investmentIncomeNet": "None", "netInterestIncome": "-286000000", "interestIncome": "149000000", "interestExpense": "289000000", "nonInterestIncome": "None", "otherNonOperatingIncome": "142000000", "depreciation": "None", "depreciationAndAmortization": "509000000", "incomeBeforeTax": "510000000", "incomeTaxExpense": "118000000", "interestAndDebtExpense": "None", "netIncomeFromContinuingOperations": "392000000", "comprehensiveIncomeNetOfTax": "None", "ebit": "634000000", "ebitda": "1143000000", "netIncome": "379000000"}, {"fiscalDateEnding": "2021-12-31", "reportedCurrency": "USD", "grossProfit": "1217000000", "totalRevenue": "2964000000", "costOfRevenue": "1747000000", "costofGoodsAndServicesSold": "1747000000", "operatingIncome": "937000000", "sellingGeneralAndAdministrative": "169000000", "researchAndDevelopment": "None", "operatingExpenses": "571000000", "investmentIncomeNet": "None", "netInterestIncome": "-295000000", "interestIncome": "109000000", "interestExpense": "295000000", "nonInterestIncome": "None", "otherNonOperatingIncome": "188000000", "depreciation": "None", "depreciationAndAmortization": "466000000", "incomeBeforeTax": "830000000", "incomeTaxExpense": "198000000", "interestAndDebtExpense": "None", "netIncomeFromContinuingOperations": "632000000", "comprehensiveIncomeNetOfTax": "None", "ebit": "1125000000", "ebitda": "1591000000", "netIncome": "621000000"}, {"fiscalDateEnding": "2021-09-30", "reportedCurrency": "USD", "grossProfit": "508000000", "totalRevenue": "2475000000", "costOfRevenue": "1967000000", "costofGoodsAndServicesSold": "1967000000", "operatingIncome": "355000000", "sellingGeneralAndAdministrative": "152000000", "researchAndDevelopment": "None", "operatingExpenses": "153000000", "investmentIncomeNet": "None", "netInterestIncome": "-292000000", "interestIncome": "133000000", "interestExpense": "292000000", "nonInterestIncome": "None", "otherNonOperatingIncome": "163000000", "depreciation": "None", "depreciationAndAmortization": "499000000", "incomeBeforeTax": "226000000", "incomeTaxExpense": "53000000", "interestAndDebtExpense": "None", "netIncomeFromContinuingOperations": "173000000", "comprehensiveIncomeNetOfTax": "None", "ebit": "506000000", "ebitda": "1005000000", "netIncome": "164000000"}, {"fiscalDateEnding": "2021-06-30", "reportedCurrency": "USD", "grossProfit": "726000000", "totalRevenue": "2283000000", "costOfRevenue": "1557000000", "costofGoodsAndServicesSold": "1557000000", "operatingIncome": "600000000", "sellingGeneralAndAdministrative": "114000000", "researchAndDevelopment": "None", "operatingExpenses": "126000000", "investmentIncomeNet": "None", "netInterestIncome": "-298000000", "interestIncome": "161000000", "interestExpense": "298000000", "nonInterestIncome": "None", "otherNonOperatingIncome": "139000000", "depreciation": "None", "depreciationAndAmortization": "474000000", "incomeBeforeTax": "441000000", "incomeTaxExpense": "119000000", "interestAndDebtExpense": "None", "netIncomeFromContinuingOperations": "322000000", "comprehensiveIncomeNetOfTax": "None", "ebit": "728000000", "ebitda": "1202000000", "netIncome": "304000000"}, {"fiscalDateEnding": "2021-03-31", "reportedCurrency": "USD", "grossProfit": "861000000", "totalRevenue": "2612000000", "costOfRevenue": "1751000000", "costofGoodsAndServicesSold": "1751000000", "operatingIncome": "739000000", "sellingGeneralAndAdministrative": "123000000", "researchAndDevelopment": "None", "operatingExpenses": "122000000", "investmentIncomeNet": "None", "netInterestIncome": "-294000000", "interestIncome": "161000000", "interestExpense": "294000000", "nonInterestIncome": "None", "otherNonOperatingIncome": "131000000", "depreciation": "None", "depreciationAndAmortization": "448000000", "incomeBeforeTax": "576000000", "incomeTaxExpense": "141000000", "interestAndDebtExpense": "None", "netIncomeFromContinuingOperations": "435000000", "comprehensiveIncomeNetOfTax": "None", "ebit": "860000000", "ebitda": "1308000000", "netIncome": "425000000"}, {"fiscalDateEnding": "2020-12-31", "reportedCurrency": "USD", "grossProfit": "1139000000", "totalRevenue": "2092000000", "costOfRevenue": "953000000", "costofGoodsAndServicesSold": "953000000", "operatingIncome": "518000000", "sellingGeneralAndAdministrative": "466000000", "researchAndDevelopment": "None", "operatingExpenses": "439000000", "investmentIncomeNet": "None", "netInterestIncome": "-290000000", "interestIncome": "196000000", "interestExpense": "290000000", "nonInterestIncome": "None", "otherNonOperatingIncome": "-43000000", "depreciation": "None", "depreciationAndAmortization": "436000000", "incomeBeforeTax": "185000000", "incomeTaxExpense": "55000000", "interestAndDebtExpense": "None", "netIncomeFromContinuingOperations": "130000000", "comprehensiveIncomeNetOfTax": "None", "ebit": "475000000", "ebitda": "911000000", "netIncome": "115000000"}, {"fiscalDateEnding": "2020-09-30", "reportedCurrency": "USD", "grossProfit": "770000000", "totalRevenue": "1933000000", "costOfRevenue": "1163000000", "costofGoodsAndServicesSold": "1163000000", "operatingIncome": "641000000", "sellingGeneralAndAdministrative": "114000000", "researchAndDevelopment": "None", "operatingExpenses": "129000000", "investmentIncomeNet": "None", "netInterestIncome": "-292000000", "interestIncome": "184000000", "interestExpense": "292000000", "nonInterestIncome": "None", "otherNonOperatingIncome": "85000000", "depreciation": "None", "depreciationAndAmortization": "426000000", "incomeBeforeTax": "434000000", "incomeTaxExpense": "111000000", "interestAndDebtExpense": "None", "netIncomeFromContinuingOperations": "323000000", "comprehensiveIncomeNetOfTax": "None", "ebit": "726000000", "ebitda": "1152000000", "netIncome": "308000000"}, {"fiscalDateEnding": "2020-06-30", "reportedCurrency": "USD", "grossProfit": "745000000", "totalRevenue": "1781000000", "costOfRevenue": "1036000000", "costofGoodsAndServicesSold": "1036000000", "operatingIncome": "612000000", "sellingGeneralAndAdministrative": "127000000", "researchAndDevelopment": "None", "operatingExpenses": "133000000", "investmentIncomeNet": "None", "netInterestIncome": "-294000000", "interestIncome": "185000000", "interestExpense": "294000000", "nonInterestIncome": "None", "otherNonOperatingIncome": "114000000", "depreciation": "None", "depreciationAndAmortization": "430000000", "incomeBeforeTax": "432000000", "incomeTaxExpense": "117000000", "interestAndDebtExpense": "None", "netIncomeFromContinuingOperations": "315000000", "comprehensiveIncomeNetOfTax": "None", "ebit": "726000000", "ebitda": "1156000000", "netIncome": "303000000"}, {"fiscalDateEnding": "2020-03-31", "reportedCurrency": "USD", "grossProfit": "738000000", "totalRevenue": "1913000000", "costOfRevenue": "1175000000", "costofGoodsAndServicesSold": "1175000000", "operatingIncome": "431000000", "sellingGeneralAndAdministrative": "113000000", "researchAndDevelopment": "None", "operatingExpenses": "120000000", "investmentIncomeNet": "None", "netInterestIncome": "-296000000", "interestIncome": "271000000", "interestExpense": "296000000", "nonInterestIncome": "None", "otherNonOperatingIncome": "-909000000", "depreciation": "None", "depreciationAndAmortization": "429000000", "incomeBeforeTax": "-774000000", "incomeTaxExpense": "-204000000", "interestAndDebtExpense": "None", "netIncomeFromContinuingOperations": "-570000000", "comprehensiveIncomeNetOfTax": "None", "ebit": "-468000000", "ebitda": "-39000000", "netIncome": "-517000000"}, {"fiscalDateEnding": "2019-12-31", "reportedCurrency": "USD", "grossProfit": "1127000000", "totalRevenue": "2107000000", "costOfRevenue": "980000000", "costofGoodsAndServicesSold": "980000000", "operatingIncome": "234000000", "sellingGeneralAndAdministrative": "148000000", "researchAndDevelopment": "None", "operatingExpenses": "503000000", "investmentIncomeNet": "None", "netInterestIncome": "-298000000", "interestIncome": "208000000", "interestExpense": "298000000", "nonInterestIncome": "None", "otherNonOperatingIncome": "104000000", "depreciation": "None", "depreciationAndAmortization": "439000000", "incomeBeforeTax": "40000000", "incomeTaxExpense": "91000000", "interestAndDebtExpense": "None", "netIncomeFromContinuingOperations": "-51000000", "comprehensiveIncomeNetOfTax": "None", "ebit": "338000000", "ebitda": "777000000", "netIncome": "123000000"}, {"fiscalDateEnding": "2019-09-30", "reportedCurrency": "USD", "grossProfit": "1111000000", "totalRevenue": "1999000000", "costOfRevenue": "888000000", "costofGoodsAndServicesSold": "888000000", "operatingIncome": "628000000", "sellingGeneralAndAdministrative": "130000000", "researchAndDevelopment": "None", "operatingExpenses": "483000000", "investmentIncomeNet": "None", "netInterestIncome": "-296000000", "interestIncome": "196000000", "interestExpense": "296000000", "nonInterestIncome": "None", "otherNonOperatingIncome": "-13000000", "depreciation": "None", "depreciationAndAmortization": "435000000", "incomeBeforeTax": "319000000", "incomeTaxExpense": "77000000", "interestAndDebtExpense": "None", "netIncomeFromContinuingOperations": "242000000", "comprehensiveIncomeNetOfTax": "None", "ebit": "615000000", "ebitda": "1050000000", "netIncome": "220000000"}, {"fiscalDateEnding": "2019-06-30", "reportedCurrency": "USD", "grossProfit": "1110000000", "totalRevenue": "2041000000", "costOfRevenue": "931000000", "costofGoodsAndServicesSold": "931000000", "operatingIncome": "498000000", "sellingGeneralAndAdministrative": "152000000", "researchAndDevelopment": "None", "operatingExpenses": "548000000", "investmentIncomeNet": "None", "netInterestIncome": "-296000000", "interestIncome": "85000000", "interestExpense": "296000000", "nonInterestIncome": "None", "otherNonOperatingIncome": "220000000", "depreciation": "None", "depreciationAndAmortization": "424000000", "incomeBeforeTax": "422000000", "incomeTaxExpense": "98000000", "interestAndDebtExpense": "None", "netIncomeFromContinuingOperations": "324000000", "comprehensiveIncomeNetOfTax": "None", "ebit": "718000000", "ebitda": "1142000000", "netIncome": "310000000"}, {"fiscalDateEnding": "2019-03-31", "reportedCurrency": "USD", "grossProfit": "1073000000", "totalRevenue": "2054000000", "costOfRevenue": "981000000", "costofGoodsAndServicesSold": "981000000", "operatingIncome": "561000000", "sellingGeneralAndAdministrative": "128000000", "researchAndDevelopment": "None", "operatingExpenses": "512000000", "investmentIncomeNet": "None", "netInterestIncome": "-296000000", "interestIncome": "215000000", "interestExpense": "296000000", "nonInterestIncome": "None", "otherNonOperatingIncome": "18000000", "depreciation": "None", "depreciationAndAmortization": "416000000", "incomeBeforeTax": "283000000", "incomeTaxExpense": "69000000", "interestAndDebtExpense": "None", "netIncomeFromContinuingOperations": "214000000", "comprehensiveIncomeNetOfTax": "None", "ebit": "579000000", "ebitda": "995000000", "netIncome": "194000000"}, {"fiscalDateEnding": "2018-12-31", "reportedCurrency": "USD", "grossProfit": "1055000000", "totalRevenue": "2204000000", "costOfRevenue": "1149000000", "costofGoodsAndServicesSold": "1149000000", "operatingIncome": "-634000000", "sellingGeneralAndAdministrative": "133000000", "researchAndDevelopment": "0", "operatingExpenses": "549000000", "investmentIncomeNet": "None", "netInterestIncome": "None", "interestIncome": "None", "interestExpense": "294000000", "nonInterestIncome": "None", "otherNonOperatingIncome": "223000000", "depreciation": "None", "depreciationAndAmortization": "435000000", "incomeBeforeTax": "-705000000", "incomeTaxExpense": "-159000000", "interestAndDebtExpense": "None", "netIncomeFromContinuingOperations": "-546000000", "comprehensiveIncomeNetOfTax": "None", "ebit": "-402000000", "ebitda": "33000000", "netIncome": "-571000000"}, {"fiscalDateEnding": "2018-09-30", "reportedCurrency": "USD", "grossProfit": "1058000000", "totalRevenue": "2303000000", "costOfRevenue": "1245000000", "costofGoodsAndServicesSold": "1245000000", "operatingIncome": "501000000", "sellingGeneralAndAdministrative": "174000000", "researchAndDevelopment": "0", "operatingExpenses": "557000000", "investmentIncomeNet": "None", "netInterestIncome": "None", "interestIncome": "None", "interestExpense": "270000000", "nonInterestIncome": "None", "otherNonOperatingIncome": "159000000", "depreciation": "None", "depreciationAndAmortization": "425000000", "incomeBeforeTax": "390000000", "incomeTaxExpense": "190000000", "interestAndDebtExpense": "None", "netIncomeFromContinuingOperations": "200000000", "comprehensiveIncomeNetOfTax": "None", "ebit": "233000000", "ebitda": "658000000", "netIncome": "129000000"}, {"fiscalDateEnding": "2018-06-30", "reportedCurrency": "USD", "grossProfit": "995000000", "totalRevenue": "2091000000", "costOfRevenue": "1096000000", "costofGoodsAndServicesSold": "1096000000", "operatingIncome": "410000000", "sellingGeneralAndAdministrative": "130000000", "researchAndDevelopment": "0", "operatingExpenses": "519000000", "investmentIncomeNet": "None", "netInterestIncome": "None", "interestIncome": "None", "interestExpense": "275000000", "nonInterestIncome": "None", "otherNonOperatingIncome": "186000000", "depreciation": "None", "depreciationAndAmortization": "434000000", "incomeBeforeTax": "321000000", "incomeTaxExpense": "52000000", "interestAndDebtExpense": "None", "netIncomeFromContinuingOperations": "269000000", "comprehensiveIncomeNetOfTax": "None", "ebit": "160000000", "ebitda": "594000000", "netIncome": "135000000"}, {"fiscalDateEnding": "2018-03-31", "reportedCurrency": "USD", "grossProfit": "1009000000", "totalRevenue": "2088000000", "costOfRevenue": "1079000000", "costofGoodsAndServicesSold": "1079000000", "operatingIncome": "491000000", "sellingGeneralAndAdministrative": "132000000", "researchAndDevelopment": "0", "operatingExpenses": "518000000", "investmentIncomeNet": "None", "netInterestIncome": "None", "interestIncome": "None", "interestExpense": "273000000", "nonInterestIncome": "None", "otherNonOperatingIncome": "107000000", "depreciation": "None", "depreciationAndAmortization": "431000000", "incomeBeforeTax": "325000000", "incomeTaxExpense": "55000000", "interestAndDebtExpense": "None", "netIncomeFromContinuingOperations": "270000000", "comprehensiveIncomeNetOfTax": "None", "ebit": "598000000", "ebitda": "1029000000", "netIncome": "152000000"}, {"fiscalDateEnding": "2017-12-31", "reportedCurrency": "USD", "grossProfit": "1120000000", "totalRevenue": "2228000000", "costOfRevenue": "1108000000", "costofGoodsAndServicesSold": "1108000000", "operatingIncome": "-187000000", "sellingGeneralAndAdministrative": "156000000", "researchAndDevelopment": "0", "operatingExpenses": "621000000", "investmentIncomeNet": "None", "netInterestIncome": "None", "interestIncome": "None", "interestExpense": "265000000", "nonInterestIncome": "None", "otherNonOperatingIncome": "-26000000", "depreciation": "None", "depreciationAndAmortization": "428000000", "incomeBeforeTax": "-478000000", "incomeTaxExpense": "-2100000000", "interestAndDebtExpense": "None", "netIncomeFromContinuingOperations": "1622000000", "comprehensiveIncomeNetOfTax": "None", "ebit": "-205000000", "ebitda": "223000000", "netIncome": "1687000000"}, {"fiscalDateEnding": "2017-09-30", "reportedCurrency": "USD", "grossProfit": "954000000", "totalRevenue": "1891000000", "costOfRevenue": "937000000", "costofGoodsAndServicesSold": "937000000", "operatingIncome": "277000000", "sellingGeneralAndAdministrative": "138000000", "researchAndDevelopment": "0", "operatingExpenses": "562000000", "investmentIncomeNet": "None", "netInterestIncome": "None", "interestIncome": "None", "interestExpense": "267000000", "nonInterestIncome": "None", "otherNonOperatingIncome": "139000000", "depreciation": "None", "depreciationAndAmortization": "433000000", "incomeBeforeTax": "149000000", "incomeTaxExpense": "24000000", "interestAndDebtExpense": "None", "netIncomeFromContinuingOperations": "125000000", "comprehensiveIncomeNetOfTax": "None", "ebit": "416000000", "ebitda": "849000000", "netIncome": "33000000"}, {"fiscalDateEnding": "2017-06-30", "reportedCurrency": "USD", "grossProfit": "954000000", "totalRevenue": "1924000000", "costOfRevenue": "970000000", "costofGoodsAndServicesSold": "970000000", "operatingIncome": "381000000", "sellingGeneralAndAdministrative": "153000000", "researchAndDevelopment": "0", "operatingExpenses": "546000000", "investmentIncomeNet": "None", "netInterestIncome": "None", "interestIncome": "None", "interestExpense": "271000000", "nonInterestIncome": "None", "otherNonOperatingIncome": "148000000", "depreciation": "None", "depreciationAndAmortization": "433000000", "incomeBeforeTax": "258000000", "incomeTaxExpense": "65000000", "interestAndDebtExpense": "None", "netIncomeFromContinuingOperations": "193000000", "comprehensiveIncomeNetOfTax": "None", "ebit": "121000000", "ebitda": "554000000", "netIncome": "81000000"}, {"fiscalDateEnding": "2017-03-31", "reportedCurrency": "USD", "grossProfit": "599000000", "totalRevenue": "1988000000", "costOfRevenue": "1389000000", "costofGoodsAndServicesSold": "1389000000", "operatingIncome": "433000000", "sellingGeneralAndAdministrative": "161000000", "researchAndDevelopment": "0", "operatingExpenses": "166000000", "investmentIncomeNet": "None", "netInterestIncome": "None", "interestIncome": "None", "interestExpense": "280000000", "nonInterestIncome": "None", "otherNonOperatingIncome": "453000000", "depreciation": "None", "depreciationAndAmortization": "442000000", "incomeBeforeTax": "606000000", "incomeTaxExpense": "37000000", "interestAndDebtExpense": "None", "netIncomeFromContinuingOperations": "569000000", "comprehensiveIncomeNetOfTax": "None", "ebit": "886000000", "ebitda": "1328000000", "netIncome": "373000000"}, {"fiscalDateEnding": "2016-12-31", "reportedCurrency": "USD", "grossProfit": "1216000000", "totalRevenue": "2198000000", "costOfRevenue": "982000000", "costofGoodsAndServicesSold": "982000000", "operatingIncome": "581000000", "sellingGeneralAndAdministrative": "167000000", "researchAndDevelopment": "0", "operatingExpenses": "580000000", "investmentIncomeNet": "None", "netInterestIncome": "None", "interestIncome": "None", "interestExpense": "293000000", "nonInterestIncome": "None", "otherNonOperatingIncome": "-202000000", "depreciation": "None", "depreciationAndAmortization": "437000000", "incomeBeforeTax": "86000000", "incomeTaxExpense": "49000000", "interestAndDebtExpense": "None", "netIncomeFromContinuingOperations": "37000000", "comprehensiveIncomeNetOfTax": "None", "ebit": "379000000", "ebitda": "816000000", "netIncome": "-15000000"}, {"fiscalDateEnding": "2016-09-30", "reportedCurrency": "USD", "grossProfit": "615000000", "totalRevenue": "1905000000", "costOfRevenue": "1290000000", "costofGoodsAndServicesSold": "1290000000", "operatingIncome": "345000000", "sellingGeneralAndAdministrative": "177000000", "researchAndDevelopment": "0", "operatingExpenses": "269000000", "investmentIncomeNet": "None", "netInterestIncome": "None", "interestIncome": "None", "interestExpense": "297000000", "nonInterestIncome": "None", "otherNonOperatingIncome": "152000000", "depreciation": "None", "depreciationAndAmortization": "435000000", "incomeBeforeTax": "200000000", "incomeTaxExpense": "69000000", "interestAndDebtExpense": "None", "netIncomeFromContinuingOperations": "131000000", "comprehensiveIncomeNetOfTax": "None", "ebit": "497000000", "ebitda": "932000000", "netIncome": "61000000"}, {"fiscalDateEnding": "2016-06-30", "reportedCurrency": "USD", "grossProfit": "889000000", "totalRevenue": "1736000000", "costOfRevenue": "847000000", "costofGoodsAndServicesSold": "847000000", "operatingIncome": "-488000000", "sellingGeneralAndAdministrative": "158000000", "researchAndDevelopment": "0", "operatingExpenses": "575000000", "investmentIncomeNet": "None", "netInterestIncome": "None", "interestIncome": "None", "interestExpense": "298000000", "nonInterestIncome": "None", "otherNonOperatingIncome": "136000000", "depreciation": "None", "depreciationAndAmortization": "446000000", "incomeBeforeTax": "-650000000", "incomeTaxExpense": "-145000000", "interestAndDebtExpense": "None", "netIncomeFromContinuingOperations": "-505000000", "comprehensiveIncomeNetOfTax": "None", "ebit": "-550000000", "ebitda": "-104000000", "netIncome": "-405000000"}, {"fiscalDateEnding": "2016-03-31", "reportedCurrency": "USD", "grossProfit": "897000000", "totalRevenue": "1660000000", "costOfRevenue": "763000000", "costofGoodsAndServicesSold": "763000000", "operatingIncome": "262000000", "sellingGeneralAndAdministrative": "221000000", "researchAndDevelopment": "0", "operatingExpenses": "635000000", "investmentIncomeNet": "None", "netInterestIncome": "None", "interestIncome": "None", "interestExpense": "291000000", "nonInterestIncome": "None", "otherNonOperatingIncome": "18000000", "depreciation": "None", "depreciationAndAmortization": "445000000", "incomeBeforeTax": "-11000000", "incomeTaxExpense": "2000000", "interestAndDebtExpense": "None", "netIncomeFromContinuingOperations": "-13000000", "comprehensiveIncomeNetOfTax": "None", "ebit": "280000000", "ebitda": "725000000", "netIncome": "-65000000"}, {"fiscalDateEnding": "2015-12-31", "reportedCurrency": "USD", "grossProfit": "1170000000", "totalRevenue": "2006000000", "costOfRevenue": "836000000", "costofGoodsAndServicesSold": "836000000", "operatingIncome": "-749000000", "sellingGeneralAndAdministrative": "194000000", "researchAndDevelopment": "0", "operatingExpenses": "821000000", "investmentIncomeNet": "None", "netInterestIncome": "None", "interestIncome": "None", "interestExpense": "268000000", "nonInterestIncome": "None", "otherNonOperatingIncome": "-767000000", "depreciation": "None", "depreciationAndAmortization": "451000000", "incomeBeforeTax": "-1745000000", "incomeTaxExpense": "-438000000", "interestAndDebtExpense": "None", "netIncomeFromContinuingOperations": "-1337000000", "comprehensiveIncomeNetOfTax": "None", "ebit": "-1516000000", "ebitda": "-1065000000", "netIncome": "-701000000"}, {"fiscalDateEnding": "2015-09-30", "reportedCurrency": "USD", "grossProfit": "941000000", "totalRevenue": "1799000000", "costOfRevenue": "858000000", "costofGoodsAndServicesSold": "858000000", "operatingIncome": "356000000", "sellingGeneralAndAdministrative": "177000000", "researchAndDevelopment": "0", "operatingExpenses": "585000000", "investmentIncomeNet": "None", "netInterestIncome": "None", "interestIncome": "None", "interestExpense": "263000000", "nonInterestIncome": "None", "otherNonOperatingIncome": "-331000000", "depreciation": "None", "depreciationAndAmortization": "432000000", "incomeBeforeTax": "-238000000", "incomeTaxExpense": "-65000000", "interestAndDebtExpense": "None", "netIncomeFromContinuingOperations": "-173000000", "comprehensiveIncomeNetOfTax": "None", "ebit": "25000000", "ebitda": "457000000", "netIncome": "-40000000"}, {"fiscalDateEnding": "2015-06-30", "reportedCurrency": "USD", "grossProfit": "917000000", "totalRevenue": "1839000000", "costOfRevenue": "922000000", "costofGoodsAndServicesSold": "922000000", "operatingIncome": "392000000", "sellingGeneralAndAdministrative": "174000000", "researchAndDevelopment": "0", "operatingExpenses": "651000000", "investmentIncomeNet": "None", "netInterestIncome": "None", "interestIncome": "None", "interestExpense": "262000000", "nonInterestIncome": "None", "otherNonOperatingIncome": "136000000", "depreciation": "None", "depreciationAndAmortization": "428000000", "incomeBeforeTax": "266000000", "incomeTaxExpense": "83000000", "interestAndDebtExpense": "None", "netIncomeFromContinuingOperations": "183000000", "comprehensiveIncomeNetOfTax": "None", "ebit": "528000000", "ebitda": "956000000", "netIncome": "114000000"}, {"fiscalDateEnding": "2015-03-31", "reportedCurrency": "USD", "grossProfit": "827000000", "totalRevenue": "1716000000", "costOfRevenue": "889000000", "costofGoodsAndServicesSold": "889000000", "operatingIncome": "227000000", "sellingGeneralAndAdministrative": "196000000", "researchAndDevelopment": "0", "operatingExpenses": "600000000", "investmentIncomeNet": "None", "netInterestIncome": "None", "interestIncome": "None", "interestExpense": "251000000", "nonInterestIncome": "None", "otherNonOperatingIncome": "67000000", "depreciation": "None", "depreciationAndAmortization": "427000000", "incomeBeforeTax": "43000000", "incomeTaxExpense": "30000000", "interestAndDebtExpense": "None", "netIncomeFromContinuingOperations": "13000000", "comprehensiveIncomeNetOfTax": "None", "ebit": "294000000", "ebitda": "721000000", "netIncome": "70000000"}, {"fiscalDateEnding": "2014-12-31", "reportedCurrency": "USD", "grossProfit": "1046000000", "totalRevenue": "2141000000", "costOfRevenue": "1095000000", "costofGoodsAndServicesSold": "1095000000", "operatingIncome": "531000000", "sellingGeneralAndAdministrative": "204000000", "researchAndDevelopment": "0", "operatingExpenses": "586000000", "investmentIncomeNet": "None", "netInterestIncome": "None", "interestIncome": "None", "interestExpense": "234000000", "nonInterestIncome": "None", "otherNonOperatingIncome": "127000000", "depreciation": "None", "depreciationAndAmortization": "379000000", "incomeBeforeTax": "424000000", "incomeTaxExpense": "116000000", "interestAndDebtExpense": "None", "netIncomeFromContinuingOperations": "308000000", "comprehensiveIncomeNetOfTax": "None", "ebit": "658000000", "ebitda": "1037000000", "netIncome": "193000000"}, {"fiscalDateEnding": "2014-09-30", "reportedCurrency": "USD", "grossProfit": "893000000", "totalRevenue": "2069000000", "costOfRevenue": "1176000000", "costofGoodsAndServicesSold": "1176000000", "operatingIncome": "307000000", "sellingGeneralAndAdministrative": "171000000", "researchAndDevelopment": "0", "operatingExpenses": "586000000", "investmentIncomeNet": "None", "netInterestIncome": "None", "interestIncome": "None", "interestExpense": "210000000", "nonInterestIncome": "None", "otherNonOperatingIncome": "2609000000", "depreciation": "None", "depreciationAndAmortization": "369000000", "incomeBeforeTax": "2706000000", "incomeTaxExpense": "998000000", "interestAndDebtExpense": "None", "netIncomeFromContinuingOperations": "1708000000", "comprehensiveIncomeNetOfTax": "None", "ebit": "2916000000", "ebitda": "3285000000", "netIncome": "1678000000"}, {"fiscalDateEnding": "2014-06-30", "reportedCurrency": "USD", "grossProfit": "432000000", "totalRevenue": "1678000000", "costOfRevenue": "1246000000", "costofGoodsAndServicesSold": "1246000000", "operatingIncome": "311000000", "sellingGeneralAndAdministrative": "136000000", "researchAndDevelopment": "0", "operatingExpenses": "163000000", "investmentIncomeNet": "None", "netInterestIncome": "None", "interestIncome": "None", "interestExpense": "163000000", "nonInterestIncome": "None", "otherNonOperatingIncome": "59000000", "depreciation": "None", "depreciationAndAmortization": "214000000", "incomeBeforeTax": "207000000", "incomeTaxExpense": "84000000", "interestAndDebtExpense": "None", "netIncomeFromContinuingOperations": "123000000", "comprehensiveIncomeNetOfTax": "None", "ebit": "370000000", "ebitda": "584000000", "netIncome": "103000000"}, {"fiscalDateEnding": "2014-03-31", "reportedCurrency": "USD", "grossProfit": "766000000", "totalRevenue": "1749000000", "costOfRevenue": "983000000", "costofGoodsAndServicesSold": "983000000", "operatingIncome": "420000000", "sellingGeneralAndAdministrative": "150000000", "researchAndDevelopment": "0", "operatingExpenses": "465000000", "investmentIncomeNet": "None", "netInterestIncome": "None", "interestIncome": "None", "interestExpense": "140000000", "nonInterestIncome": "None", "otherNonOperatingIncome": "-33000000", "depreciation": "None", "depreciationAndAmortization": "214000000", "incomeBeforeTax": "247000000", "incomeTaxExpense": "51000000", "interestAndDebtExpense": "None", "netIncomeFromContinuingOperations": "196000000", "comprehensiveIncomeNetOfTax": "None", "ebit": "387000000", "ebitda": "601000000", "netIncome": "140000000"}, {"fiscalDateEnding": "2013-12-31", "reportedCurrency": "USD", "grossProfit": "725000000", "totalRevenue": "1660000000", "costOfRevenue": "935000000", "costofGoodsAndServicesSold": "935000000", "operatingIncome": "263000000", "sellingGeneralAndAdministrative": "127000000", "researchAndDevelopment": "0", "operatingExpenses": "462000000", "investmentIncomeNet": "None", "netInterestIncome": "None", "interestIncome": "None", "interestExpense": "131000000", "nonInterestIncome": "None", "otherNonOperatingIncome": "59000000", "depreciation": "None", "depreciationAndAmortization": "209000000", "incomeBeforeTax": "191000000", "incomeTaxExpense": "141000000", "interestAndDebtExpense": "None", "netIncomeFromContinuingOperations": "50000000", "comprehensiveIncomeNetOfTax": "None", "ebit": "322000000", "ebitda": "531000000", "netIncome": "-14000000"}, {"fiscalDateEnding": "2013-09-30", "reportedCurrency": "USD", "grossProfit": "437000000", "totalRevenue": "1623000000", "costOfRevenue": "1186000000", "costofGoodsAndServicesSold": "1186000000", "operatingIncome": "336000000", "sellingGeneralAndAdministrative": "130000000", "researchAndDevelopment": "0", "operatingExpenses": "101000000", "investmentIncomeNet": "None", "netInterestIncome": "None", "interestIncome": "None", "interestExpense": "124000000", "nonInterestIncome": "None", "otherNonOperatingIncome": "48000000", "depreciation": "None", "depreciationAndAmortization": "207000000", "incomeBeforeTax": "260000000", "incomeTaxExpense": "62000000", "interestAndDebtExpense": "None", "netIncomeFromContinuingOperations": "198000000", "comprehensiveIncomeNetOfTax": "None", "ebit": "384000000", "ebitda": "591000000", "netIncome": "197000000"}, {"fiscalDateEnding": "2013-06-30", "reportedCurrency": "USD", "grossProfit": "768000000", "totalRevenue": "1767000000", "costOfRevenue": "999000000", "costofGoodsAndServicesSold": "999000000", "operatingIncome": "350000000", "sellingGeneralAndAdministrative": "123000000", "researchAndDevelopment": "0", "operatingExpenses": "418000000", "investmentIncomeNet": "None", "netInterestIncome": "None", "interestIncome": "None", "interestExpense": "127000000", "nonInterestIncome": "None", "otherNonOperatingIncome": "79000000", "depreciation": "None", "depreciationAndAmortization": "189000000", "incomeBeforeTax": "302000000", "incomeTaxExpense": "102000000", "interestAndDebtExpense": "None", "netIncomeFromContinuingOperations": "200000000", "comprehensiveIncomeNetOfTax": "None", "ebit": "438000000", "ebitda": "627000000", "netIncome": "142000000"}, {"fiscalDateEnding": "2013-03-31", "reportedCurrency": "USD", "grossProfit": "810000000", "totalRevenue": "1810000000", "costOfRevenue": "1000000000", "costofGoodsAndServicesSold": "1000000000", "operatingIncome": "426000000", "sellingGeneralAndAdministrative": "132000000", "researchAndDevelopment": "0", "operatingExpenses": "384000000", "investmentIncomeNet": "None", "netInterestIncome": "None", "interestIncome": "None", "interestExpense": "128000000", "nonInterestIncome": "None", "otherNonOperatingIncome": "29000000", "depreciation": "None", "depreciationAndAmortization": "210000000", "incomeBeforeTax": "327000000", "incomeTaxExpense": "96000000", "interestAndDebtExpense": "None", "netIncomeFromContinuingOperations": "231000000", "comprehensiveIncomeNetOfTax": "None", "ebit": "446000000", "ebitda": "656000000", "netIncome": "161000000"}, {"fiscalDateEnding": "2012-12-31", "reportedCurrency": "USD", "grossProfit": "790000000", "totalRevenue": "1900000000", "costOfRevenue": "1110000000", "costofGoodsAndServicesSold": "1110000000", "operatingIncome": "380000000", "sellingGeneralAndAdministrative": "144000000", "researchAndDevelopment": "0", "operatingExpenses": "410000000", "investmentIncomeNet": "None", "netInterestIncome": "None", "interestIncome": "None", "interestExpense": "121000000", "nonInterestIncome": "None", "otherNonOperatingIncome": "187000000", "depreciation": "None", "depreciationAndAmortization": "184000000", "incomeBeforeTax": "283000000", "incomeTaxExpense": "79000000", "interestAndDebtExpense": "None", "netIncomeFromContinuingOperations": "204000000", "comprehensiveIncomeNetOfTax": "None", "ebit": "404000000", "ebitda": "588000000", "netIncome": "149000000"}, {"fiscalDateEnding": "2012-09-30", "reportedCurrency": "USD", "grossProfit": "526000000", "totalRevenue": "1752000000", "costOfRevenue": "1226000000", "costofGoodsAndServicesSold": "1226000000", "operatingIncome": "373000000", "sellingGeneralAndAdministrative": "139000000", "researchAndDevelopment": "0", "operatingExpenses": "139000000", "investmentIncomeNet": "None", "netInterestIncome": "None", "interestIncome": "None", "interestExpense": "129000000", "nonInterestIncome": "None", "otherNonOperatingIncome": "None", "depreciation": "None", "depreciationAndAmortization": "205000000", "incomeBeforeTax": "277000000", "incomeTaxExpense": "77000000", "interestAndDebtExpense": "None", "netIncomeFromContinuingOperations": "200000000", "comprehensiveIncomeNetOfTax": "None", "ebit": "397000000", "ebitda": "602000000", "netIncome": "155000000"}, {"fiscalDateEnding": "2012-06-30", "reportedCurrency": "USD", "grossProfit": "496000000", "totalRevenue": "1846000000", "costOfRevenue": "1350000000", "costofGoodsAndServicesSold": "1350000000", "operatingIncome": "350000000", "sellingGeneralAndAdministrative": "155000000", "researchAndDevelopment": "0", "operatingExpenses": "146000000", "investmentIncomeNet": "None", "netInterestIncome": "None", "interestIncome": "None", "interestExpense": "140000000", "nonInterestIncome": "None", "otherNonOperatingIncome": "3000000", "depreciation": "None", "depreciationAndAmortization": "190000000", "incomeBeforeTax": "237000000", "incomeTaxExpense": "71000000", "interestAndDebtExpense": "None", "netIncomeFromContinuingOperations": "166000000", "comprehensiveIncomeNetOfTax": "None", "ebit": "181000000", "ebitda": "371000000", "netIncome": "132000000"}, {"fiscalDateEnding": "2012-03-31", "reportedCurrency": "USD", "grossProfit": "671000000", "totalRevenue": "2019000000", "costOfRevenue": "1348000000", "costofGoodsAndServicesSold": "1348000000", "operatingIncome": "527000000", "sellingGeneralAndAdministrative": "136000000", "researchAndDevelopment": "0", "operatingExpenses": "64000000", "investmentIncomeNet": "None", "netInterestIncome": "None", "interestIncome": "None", "interestExpense": "141000000", "nonInterestIncome": "None", "otherNonOperatingIncome": "-4000000", "depreciation": "None", "depreciationAndAmortization": "177000000", "incomeBeforeTax": "492000000", "incomeTaxExpense": "133000000", "interestAndDebtExpense": "None", "netIncomeFromContinuingOperations": "359000000", "comprehensiveIncomeNetOfTax": "None", "ebit": "360000000", "ebitda": "537000000", "netIncome": "495000000"}, {"fiscalDateEnding": "2011-12-31", "reportedCurrency": "USD", "grossProfit": "304000000", "totalRevenue": "-17000000", "costOfRevenue": "-321000000", "costofGoodsAndServicesSold": "-321000000", "operatingIncome": "346000000", "sellingGeneralAndAdministrative": "41000000", "researchAndDevelopment": "0", "operatingExpenses": "-41000000", "investmentIncomeNet": "None", "netInterestIncome": "None", "interestIncome": "None", "interestExpense": "132000000", "nonInterestIncome": "None", "otherNonOperatingIncome": "-264000000", "depreciation": "None", "depreciationAndAmortization": "412000000", "incomeBeforeTax": "-31000000", "incomeTaxExpense": "-70000000", "interestAndDebtExpense": "None", "netIncomeFromContinuingOperations": "39000000", "comprehensiveIncomeNetOfTax": "None", "ebit": "101000000", "ebitda": "513000000", "netIncome": "-444000000"}, {"fiscalDateEnding": "2011-09-30", "reportedCurrency": "USD", "grossProfit": "678000000", "totalRevenue": "2703000000", "costOfRevenue": "2025000000", "costofGoodsAndServicesSold": "2025000000", "operatingIncome": "494000000", "sellingGeneralAndAdministrative": "184000000", "researchAndDevelopment": "0", "operatingExpenses": "184000000", "investmentIncomeNet": "None", "netInterestIncome": "None", "interestIncome": "None", "interestExpense": "152000000", "nonInterestIncome": "None", "otherNonOperatingIncome": "None", "depreciation": "None", "depreciationAndAmortization": "418000000", "incomeBeforeTax": "402000000", "incomeTaxExpense": "55000000", "interestAndDebtExpense": "None", "netIncomeFromContinuingOperations": "347000000", "comprehensiveIncomeNetOfTax": "None", "ebit": "511000000", "ebitda": "929000000", "netIncome": "272000000"}, {"fiscalDateEnding": "2011-06-30", "reportedCurrency": "USD", "grossProfit": "731000000", "totalRevenue": "2669000000", "costOfRevenue": "1938000000", "costofGoodsAndServicesSold": "1938000000", "operatingIncome": "547000000", "sellingGeneralAndAdministrative": "181000000", "researchAndDevelopment": "0", "operatingExpenses": "181000000", "investmentIncomeNet": "None", "netInterestIncome": "None", "interestIncome": "None", "interestExpense": "156000000", "nonInterestIncome": "None", "otherNonOperatingIncome": "None", "depreciation": "None", "depreciationAndAmortization": "403000000", "incomeBeforeTax": "445000000", "incomeTaxExpense": "145000000", "interestAndDebtExpense": "None", "netIncomeFromContinuingOperations": "300000000", "comprehensiveIncomeNetOfTax": "None", "ebit": "514000000", "ebitda": "917000000", "netIncome": "227000000"}, {"fiscalDateEnding": "2011-03-31", "reportedCurrency": "USD", "grossProfit": "667000000", "totalRevenue": "2575000000", "costOfRevenue": "1908000000", "costofGoodsAndServicesSold": "1908000000", "operatingIncome": "480000000", "sellingGeneralAndAdministrative": "188000000", "researchAndDevelopment": "0", "operatingExpenses": "188000000", "investmentIncomeNet": "None", "netInterestIncome": "None", "interestIncome": "None", "interestExpense": "158000000", "nonInterestIncome": "None", "otherNonOperatingIncome": "4000000", "depreciation": "None", "depreciationAndAmortization": "381000000", "incomeBeforeTax": "386000000", "incomeTaxExpense": "-6000000", "interestAndDebtExpense": "None", "netIncomeFromContinuingOperations": "392000000", "comprehensiveIncomeNetOfTax": "None", "ebit": "508000000", "ebitda": "889000000", "netIncome": "321000000"}, {"fiscalDateEnding": "2010-12-31", "reportedCurrency": "USD", "grossProfit": "636000000", "totalRevenue": "2424000000", "costOfRevenue": "1788000000", "costofGoodsAndServicesSold": "1788000000", "operatingIncome": "442000000", "sellingGeneralAndAdministrative": "190000000", "researchAndDevelopment": "0", "operatingExpenses": "183000000", "investmentIncomeNet": "None", "netInterestIncome": "None", "interestIncome": "None", "interestExpense": "156000000", "nonInterestIncome": "None", "otherNonOperatingIncome": "-606000000", "depreciation": "None", "depreciationAndAmortization": "406000000", "incomeBeforeTax": "341000000", "incomeTaxExpense": "112000000", "interestAndDebtExpense": "None", "netIncomeFromContinuingOperations": "229000000", "comprehensiveIncomeNetOfTax": "None", "ebit": "497000000", "ebitda": "903000000", "netIncome": "174000000"}, {"fiscalDateEnding": "2010-09-30", "reportedCurrency": "USD", "grossProfit": "552000000", "totalRevenue": "2304000000", "costOfRevenue": "1752000000", "costofGoodsAndServicesSold": "1752000000", "operatingIncome": "-1291000000", "sellingGeneralAndAdministrative": "166000000", "researchAndDevelopment": "0", "operatingExpenses": "162000000", "investmentIncomeNet": "None", "netInterestIncome": "None", "interestIncome": "None", "interestExpense": "158000000", "nonInterestIncome": "None", "otherNonOperatingIncome": "-4000000", "depreciation": "None", "depreciationAndAmortization": "374000000", "incomeBeforeTax": "-1372000000", "incomeTaxExpense": "-151000000", "interestAndDebtExpense": "None", "netIncomeFromContinuingOperations": "-1221000000", "comprehensiveIncomeNetOfTax": "None", "ebit": "-1213000000", "ebitda": "-839000000", "netIncome": "-1263000000"}, {"fiscalDateEnding": "2010-06-30", "reportedCurrency": "USD", "grossProfit": "569000000", "totalRevenue": "2292000000", "costOfRevenue": "1723000000", "costofGoodsAndServicesSold": "1723000000", "operatingIncome": "415000000", "sellingGeneralAndAdministrative": "167000000", "researchAndDevelopment": "0", "operatingExpenses": "154000000", "investmentIncomeNet": "None", "netInterestIncome": "None", "interestIncome": "None", "interestExpense": "141000000", "nonInterestIncome": "None", "otherNonOperatingIncome": "-1000000", "depreciation": "None", "depreciationAndAmortization": "366000000", "incomeBeforeTax": "328000000", "incomeTaxExpense": "104000000", "interestAndDebtExpense": "None", "netIncomeFromContinuingOperations": "224000000", "comprehensiveIncomeNetOfTax": "None", "ebit": "483000000", "ebitda": "849000000", "netIncome": "185000000"}, {"fiscalDateEnding": "2010-03-31", "reportedCurrency": "USD", "grossProfit": "674000000", "totalRevenue": "2596000000", "costOfRevenue": "1922000000", "costofGoodsAndServicesSold": "1922000000", "operatingIncome": "478000000", "sellingGeneralAndAdministrative": "196000000", "researchAndDevelopment": "0", "operatingExpenses": "196000000", "investmentIncomeNet": "None", "netInterestIncome": "None", "interestIncome": "None", "interestExpense": "147000000", "nonInterestIncome": "None", "otherNonOperatingIncome": "599000000", "depreciation": "None", "depreciationAndAmortization": "361000000", "incomeBeforeTax": "-243000000", "incomeTaxExpense": "-95000000", "interestAndDebtExpense": "None", "netIncomeFromContinuingOperations": "-148000000", "comprehensiveIncomeNetOfTax": "None", "ebit": "117000000", "ebitda": "478000000", "netIncome": "-193000000"}, {"fiscalDateEnding": "2009-12-31", "reportedCurrency": "USD", "grossProfit": "618000000", "totalRevenue": "2326000000", "costOfRevenue": "1708000000", "costofGoodsAndServicesSold": "1708000000", "operatingIncome": "456000000", "sellingGeneralAndAdministrative": "3038000000", "researchAndDevelopment": "0", "operatingExpenses": "162000000", "investmentIncomeNet": "None", "netInterestIncome": "None", "interestIncome": "None", "interestExpense": "88000000", "nonInterestIncome": "None", "otherNonOperatingIncome": "None", "depreciation": "None", "depreciationAndAmortization": "382000000", "incomeBeforeTax": "358000000", "incomeTaxExpense": "136000000", "interestAndDebtExpense": "None", "netIncomeFromContinuingOperations": "0", "comprehensiveIncomeNetOfTax": "None", "ebit": "446000000", "ebitda": "828000000", "netIncome": "172000000"}, {"fiscalDateEnding": "2009-09-30", "reportedCurrency": "USD", "grossProfit": "561000000", "totalRevenue": "2098000000", "costOfRevenue": "1537000000", "costofGoodsAndServicesSold": "1537000000", "operatingIncome": "394000000", "sellingGeneralAndAdministrative": "531000000", "researchAndDevelopment": "0", "operatingExpenses": "167000000", "investmentIncomeNet": "None", "netInterestIncome": "None", "interestIncome": "None", "interestExpense": "168000000", "nonInterestIncome": "None", "otherNonOperatingIncome": "-1000000", "depreciation": "None", "depreciationAndAmortization": "361000000", "incomeBeforeTax": "279000000", "incomeTaxExpense": "87000000", "interestAndDebtExpense": "None", "netIncomeFromContinuingOperations": "192000000", "comprehensiveIncomeNetOfTax": "None", "ebit": "447000000", "ebitda": "808000000", "netIncome": "143000000"}, {"fiscalDateEnding": "2009-06-30", "reportedCurrency": "USD", "grossProfit": "517000000", "totalRevenue": "1909000000", "costOfRevenue": "1392000000", "costofGoodsAndServicesSold": "1392000000", "operatingIncome": "351000000", "sellingGeneralAndAdministrative": "431000000", "researchAndDevelopment": "0", "operatingExpenses": "166000000", "investmentIncomeNet": "None", "netInterestIncome": "None", "interestIncome": "None", "interestExpense": "167000000", "nonInterestIncome": "None", "otherNonOperatingIncome": "25000000", "depreciation": "None", "depreciationAndAmortization": "359000000", "incomeBeforeTax": "231000000", "incomeTaxExpense": "80000000", "interestAndDebtExpense": "None", "netIncomeFromContinuingOperations": "151000000", "comprehensiveIncomeNetOfTax": "None", "ebit": "376000000", "ebitda": "735000000", "netIncome": "142000000"}, {"fiscalDateEnding": "2009-03-31", "reportedCurrency": "USD", "grossProfit": "460000000", "totalRevenue": "2128000000", "costOfRevenue": "1668000000", "costofGoodsAndServicesSold": "1668000000", "operatingIncome": "-23000000", "sellingGeneralAndAdministrative": "704000000", "researchAndDevelopment": "0", "operatingExpenses": "483000000", "investmentIncomeNet": "None", "netInterestIncome": "None", "interestIncome": "None", "interestExpense": "146000000", "nonInterestIncome": "None", "otherNonOperatingIncome": "None", "depreciation": "None", "depreciationAndAmortization": "367000000", "incomeBeforeTax": "-232000000", "incomeTaxExpense": "-15000000", "interestAndDebtExpense": "None", "netIncomeFromContinuingOperations": "0", "comprehensiveIncomeNetOfTax": "None", "ebit": "217000000", "ebitda": "584000000", "netIncome": "-172000000"}, {"fiscalDateEnding": "2008-12-31", "reportedCurrency": "USD", "grossProfit": "3196000000", "totalRevenue": "2132000000", "costOfRevenue": "-1064000000", "costofGoodsAndServicesSold": "-1064000000", "operatingIncome": "404000000", "sellingGeneralAndAdministrative": "6252000000", "researchAndDevelopment": "0", "operatingExpenses": "-7346000000", "investmentIncomeNet": "None", "netInterestIncome": "None", "interestIncome": "None", "interestExpense": "153000000", "nonInterestIncome": "None", "otherNonOperatingIncome": "None", "depreciation": "None", "depreciationAndAmortization": "324000000", "incomeBeforeTax": "105000000", "incomeTaxExpense": "-25000000", "interestAndDebtExpense": "None", "netIncomeFromContinuingOperations": "0", "comprehensiveIncomeNetOfTax": "None", "ebit": "420000000", "ebitda": "744000000", "netIncome": "115000000"}, {"fiscalDateEnding": "2008-09-30", "reportedCurrency": "USD", "grossProfit": "881000000", "totalRevenue": "3267000000", "costOfRevenue": "2386000000", "costofGoodsAndServicesSold": "2386000000", "operatingIncome": "714000000", "sellingGeneralAndAdministrative": "1549000000", "researchAndDevelopment": "0", "operatingExpenses": "2553000000", "investmentIncomeNet": "None", "netInterestIncome": "None", "interestIncome": "None", "interestExpense": "162000000", "nonInterestIncome": "None", "otherNonOperatingIncome": "None", "depreciation": "None", "depreciationAndAmortization": "332000000", "incomeBeforeTax": "576000000", "incomeTaxExpense": "207000000", "interestAndDebtExpense": "None", "netIncomeFromContinuingOperations": "0", "comprehensiveIncomeNetOfTax": "None", "ebit": "647000000", "ebitda": "979000000", "netIncome": "366000000"}, {"fiscalDateEnding": "2008-06-30", "reportedCurrency": "USD", "grossProfit": "982000000", "totalRevenue": "3729000000", "costOfRevenue": "2747000000", "costofGoodsAndServicesSold": "2747000000", "operatingIncome": "809000000", "sellingGeneralAndAdministrative": "1837000000", "researchAndDevelopment": "0", "operatingExpenses": "2920000000", "investmentIncomeNet": "None", "netInterestIncome": "None", "interestIncome": "None", "interestExpense": "161000000", "nonInterestIncome": "None", "otherNonOperatingIncome": "None", "depreciation": "None", "depreciationAndAmortization": "367000000", "incomeBeforeTax": "687000000", "incomeTaxExpense": "268000000", "interestAndDebtExpense": "None", "netIncomeFromContinuingOperations": "0", "comprehensiveIncomeNetOfTax": "None", "ebit": "794000000", "ebitda": "1161000000", "netIncome": "437000000"}, {"fiscalDateEnding": "2008-03-31", "reportedCurrency": "USD", "grossProfit": "851000000", "totalRevenue": "3224000000", "costOfRevenue": "2373000000", "costofGoodsAndServicesSold": "2373000000", "operatingIncome": "698000000", "sellingGeneralAndAdministrative": "1497000000", "researchAndDevelopment": "0", "operatingExpenses": "2526000000", "investmentIncomeNet": "None", "netInterestIncome": "None", "interestIncome": "None", "interestExpense": "157000000", "nonInterestIncome": "None", "otherNonOperatingIncome": "None", "depreciation": "None", "depreciationAndAmortization": "287000000", "incomeBeforeTax": "679000000", "incomeTaxExpense": "263000000", "interestAndDebtExpense": "None", "netIncomeFromContinuingOperations": "0", "comprehensiveIncomeNetOfTax": "None", "ebit": "521000000", "ebitda": "808000000", "netIncome": "500000000"}, {"fiscalDateEnding": "2007-12-31", "reportedCurrency": "USD", "grossProfit": "2962800000", "totalRevenue": "2506200000", "costOfRevenue": "-456600000", "costofGoodsAndServicesSold": "-456600000", "operatingIncome": "491100000", "sellingGeneralAndAdministrative": "4434100000", "researchAndDevelopment": "0", "operatingExpenses": "-6045900000", "investmentIncomeNet": "None", "netInterestIncome": "None", "interestIncome": "None", "interestExpense": "170100000", "nonInterestIncome": "None", "otherNonOperatingIncome": "None", "depreciation": "None", "depreciationAndAmortization": "231700000", "incomeBeforeTax": "312600000", "incomeTaxExpense": "107100000", "interestAndDebtExpense": "None", "netIncomeFromContinuingOperations": "0", "comprehensiveIncomeNetOfTax": "None", "ebit": "650100000", "ebitda": "881800000", "netIncome": "224900000"}, {"fiscalDateEnding": "2007-09-30", "reportedCurrency": "USD", "grossProfit": "638800000", "totalRevenue": "2860100000", "costOfRevenue": "2221300000", "costofGoodsAndServicesSold": "2221300000", "operatingIncome": "490800000", "sellingGeneralAndAdministrative": "1098900000", "researchAndDevelopment": "0", "operatingExpenses": "2369300000", "investmentIncomeNet": "None", "netInterestIncome": "None", "interestIncome": "None", "interestExpense": "170800000", "nonInterestIncome": "None", "otherNonOperatingIncome": "None", "depreciation": "None", "depreciationAndAmortization": "333300000", "incomeBeforeTax": "388100000", "incomeTaxExpense": "160200000", "interestAndDebtExpense": "None", "netIncomeFromContinuingOperations": "0", "comprehensiveIncomeNetOfTax": "None", "ebit": "490700000", "ebitda": "824000000", "netIncome": "198000000"}, {"fiscalDateEnding": "2007-06-30", "reportedCurrency": "USD", "grossProfit": "643200000", "totalRevenue": "2823400000", "costOfRevenue": "2180200000", "costofGoodsAndServicesSold": "2180200000", "operatingIncome": "500000000", "sellingGeneralAndAdministrative": "1250200000", "researchAndDevelopment": "0", "operatingExpenses": "2323400000", "investmentIncomeNet": "None", "netInterestIncome": "None", "interestIncome": "None", "interestExpense": "172100000", "nonInterestIncome": "None", "otherNonOperatingIncome": "None", "depreciation": "None", "depreciationAndAmortization": "252000000", "incomeBeforeTax": "396000000", "incomeTaxExpense": "152100000", "interestAndDebtExpense": "None", "netIncomeFromContinuingOperations": "0", "comprehensiveIncomeNetOfTax": "None", "ebit": "501000000", "ebitda": "753000000", "netIncome": "433000000"}, {"fiscalDateEnding": "2007-03-31", "reportedCurrency": "USD", "grossProfit": "489400000", "totalRevenue": "2852100000", "costOfRevenue": "2362700000", "costofGoodsAndServicesSold": "2362700000", "operatingIncome": "332500000", "sellingGeneralAndAdministrative": "156900000", "researchAndDevelopment": "0", "operatingExpenses": "2519600000", "investmentIncomeNet": "None", "netInterestIncome": "None", "interestIncome": "None", "interestExpense": "172000000", "nonInterestIncome": "None", "otherNonOperatingIncome": "None", "depreciation": "None", "depreciationAndAmortization": "265000000", "incomeBeforeTax": "213900000", "incomeTaxExpense": "82100000", "interestAndDebtExpense": "None", "netIncomeFromContinuingOperations": "0", "comprehensiveIncomeNetOfTax": "None", "ebit": "383000000", "ebitda": "648000000", "netIncome": "134000000"}, {"fiscalDateEnding": "2006-12-31", "reportedCurrency": "USD", "grossProfit": "1839300000", "totalRevenue": "2770300000", "costOfRevenue": "931000000", "costofGoodsAndServicesSold": "931000000", "operatingIncome": "186200000", "sellingGeneralAndAdministrative": "273000000", "researchAndDevelopment": "0", "operatingExpenses": "2584100000", "investmentIncomeNet": "None", "netInterestIncome": "None", "interestIncome": "None", "interestExpense": "166300000", "nonInterestIncome": "None", "otherNonOperatingIncome": "None", "depreciation": "None", "depreciationAndAmortization": "249000000", "incomeBeforeTax": "172200000", "incomeTaxExpense": "16700000", "interestAndDebtExpense": "None", "netIncomeFromContinuingOperations": "0", "comprehensiveIncomeNetOfTax": "None", "ebit": "186200000", "ebitda": "435200000", "netIncome": "146400000"}, {"fiscalDateEnding": "2006-09-30", "reportedCurrency": "USD", "grossProfit": "477600000", "totalRevenue": "3300000000", "costOfRevenue": "2822400000", "costofGoodsAndServicesSold": "2822400000", "operatingIncome": "346200000", "sellingGeneralAndAdministrative": "128000000", "researchAndDevelopment": "0", "operatingExpenses": "2953800000", "investmentIncomeNet": "None", "netInterestIncome": "None", "interestIncome": "None", "interestExpense": "160400000", "nonInterestIncome": "None", "otherNonOperatingIncome": "None", "depreciation": "None", "depreciationAndAmortization": "252900000", "incomeBeforeTax": "210500000", "incomeTaxExpense": "100400000", "interestAndDebtExpense": "None", "netIncomeFromContinuingOperations": "0", "comprehensiveIncomeNetOfTax": "None", "ebit": "288300000", "ebitda": "541200000", "netIncome": "106200000"}, {"fiscalDateEnding": "2006-06-30", "reportedCurrency": "USD", "grossProfit": "441300000", "totalRevenue": "2715100000", "costOfRevenue": "2273800000", "costofGoodsAndServicesSold": "2273800000", "operatingIncome": "133200000", "sellingGeneralAndAdministrative": "143000000", "researchAndDevelopment": "0", "operatingExpenses": "2581900000", "investmentIncomeNet": "None", "netInterestIncome": "None", "interestIncome": "None", "interestExpense": "159900000", "nonInterestIncome": "None", "otherNonOperatingIncome": "None", "depreciation": "None", "depreciationAndAmortization": "210500000", "incomeBeforeTax": "-63000000", "incomeTaxExpense": "900000", "interestAndDebtExpense": "None", "netIncomeFromContinuingOperations": "0", "comprehensiveIncomeNetOfTax": "None", "ebit": "148500000", "ebitda": "359000000", "netIncome": "-76000000"}, {"fiscalDateEnding": "2006-03-31", "reportedCurrency": "USD", "grossProfit": "438800000", "totalRevenue": "3027500000", "costOfRevenue": "2588700000", "costofGoodsAndServicesSold": "2588700000", "operatingIncome": "358300000", "sellingGeneralAndAdministrative": "80500000", "researchAndDevelopment": "0", "operatingExpenses": "2669200000", "investmentIncomeNet": "None", "netInterestIncome": "None", "interestIncome": "None", "interestExpense": "166300000", "nonInterestIncome": "None", "otherNonOperatingIncome": "None", "depreciation": "None", "depreciationAndAmortization": "197000000", "incomeBeforeTax": "219400000", "incomeTaxExpense": "88300000", "interestAndDebtExpense": "None", "netIncomeFromContinuingOperations": "0", "comprehensiveIncomeNetOfTax": "None", "ebit": "161300000", "ebitda": "358300000", "netIncome": "131900000"}, {"fiscalDateEnding": "2005-12-31", "reportedCurrency": "USD", "grossProfit": "1712600000", "totalRevenue": "3676100000", "costOfRevenue": "1963500000", "costofGoodsAndServicesSold": "1963500000", "operatingIncome": "366000000", "sellingGeneralAndAdministrative": "147200000", "researchAndDevelopment": "0", "operatingExpenses": "3310100000", "investmentIncomeNet": "None", "netInterestIncome": "None", "interestIncome": "None", "interestExpense": "176400000", "nonInterestIncome": "None", "otherNonOperatingIncome": "None", "depreciation": "None", "depreciationAndAmortization": "206800000", "incomeBeforeTax": "114100000", "incomeTaxExpense": "45300000", "interestAndDebtExpense": "None", "netIncomeFromContinuingOperations": "0", "comprehensiveIncomeNetOfTax": "None", "ebit": "366000000", "ebitda": "572800000", "netIncome": "66800000"}, {"fiscalDateEnding": "2005-09-30", "reportedCurrency": "USD", "grossProfit": "256100000", "totalRevenue": "3082300000", "costOfRevenue": "2826200000", "costofGoodsAndServicesSold": "2826200000", "operatingIncome": "122700000", "sellingGeneralAndAdministrative": "133400000", "researchAndDevelopment": "0", "operatingExpenses": "2959600000", "investmentIncomeNet": "None", "netInterestIncome": "None", "interestIncome": "None", "interestExpense": "166000000", "nonInterestIncome": "None", "otherNonOperatingIncome": "None", "depreciation": "None", "depreciationAndAmortization": "189600000", "incomeBeforeTax": "3100000", "incomeTaxExpense": "-2600000", "interestAndDebtExpense": "None", "netIncomeFromContinuingOperations": "0", "comprehensiveIncomeNetOfTax": "None", "ebit": "132600000", "ebitda": "322200000", "netIncome": "4400000"}, {"fiscalDateEnding": "2005-06-30", "reportedCurrency": "USD", "grossProfit": "379600000", "totalRevenue": "2871200000", "costOfRevenue": "2491600000", "costofGoodsAndServicesSold": "2491600000", "operatingIncome": "281400000", "sellingGeneralAndAdministrative": "98200000", "researchAndDevelopment": "0", "operatingExpenses": "2589800000", "investmentIncomeNet": "None", "netInterestIncome": "None", "interestIncome": "None", "interestExpense": "164600000", "nonInterestIncome": "None", "otherNonOperatingIncome": "None", "depreciation": "None", "depreciationAndAmortization": "178100000", "incomeBeforeTax": "82400000", "incomeTaxExpense": "41700000", "interestAndDebtExpense": "None", "netIncomeFromContinuingOperations": "0", "comprehensiveIncomeNetOfTax": "None", "ebit": "281400000", "ebitda": "459500000", "netIncome": "41300000"}, {"fiscalDateEnding": "2005-03-31", "reportedCurrency": "USD", "grossProfit": "563700000", "totalRevenue": "2954000000", "costOfRevenue": "2390300000", "costofGoodsAndServicesSold": "2390300000", "operatingIncome": "462200000", "sellingGeneralAndAdministrative": "101500000", "researchAndDevelopment": "0", "operatingExpenses": "2491800000", "investmentIncomeNet": "None", "netInterestIncome": "None", "interestIncome": "None", "interestExpense": "164700000", "nonInterestIncome": "None", "otherNonOperatingIncome": "None", "depreciation": "None", "depreciationAndAmortization": "178200000", "incomeBeforeTax": "331700000", "incomeTaxExpense": "129500000", "interestAndDebtExpense": "None", "netIncomeFromContinuingOperations": "0", "comprehensiveIncomeNetOfTax": "None", "ebit": "462200000", "ebitda": "640400000", "netIncome": "201100000"}, {"fiscalDateEnding": "2004-12-31", "reportedCurrency": "USD", "grossProfit": "1758300000", "totalRevenue": "2974300000", "costOfRevenue": "1216000000", "costofGoodsAndServicesSold": "1216000000", "operatingIncome": "288700000", "sellingGeneralAndAdministrative": "136600000", "researchAndDevelopment": "0", "operatingExpenses": "2685600000", "investmentIncomeNet": "None", "netInterestIncome": "None", "interestIncome": "None", "interestExpense": "171500000", "nonInterestIncome": "None", "otherNonOperatingIncome": "None", "depreciation": "None", "depreciationAndAmortization": "173700000", "incomeBeforeTax": "185500000", "incomeTaxExpense": "88900000", "interestAndDebtExpense": "None", "netIncomeFromContinuingOperations": "0", "comprehensiveIncomeNetOfTax": "None", "ebit": "288700000", "ebitda": "462400000", "netIncome": "73400000"}]}