{"symbol": "EMN", "annualReports": [{"fiscalDateEnding": "2024-12-31", "reportedCurrency": "USD", "grossProfit": "2290000000", "totalRevenue": "9382000000", "costOfRevenue": "7092000000", "costofGoodsAndServicesSold": "7092000000", "operatingIncome": "1304000000", "sellingGeneralAndAdministrative": "664000000", "researchAndDevelopment": "250000000", "operatingExpenses": "914000000", "investmentIncomeNet": "None", "netInterestIncome": "-200000000", "interestIncome": "16000000", "interestExpense": "200000000", "nonInterestIncome": "None", "otherNonOperatingIncome": "None", "depreciation": "None", "depreciationAndAmortization": "509000000", "incomeBeforeTax": "1078000000", "incomeTaxExpense": "170000000", "interestAndDebtExpense": "None", "netIncomeFromContinuingOperations": "908000000", "comprehensiveIncomeNetOfTax": "None", "ebit": "1294000000", "ebitda": "1803000000", "netIncome": "905000000"}, {"fiscalDateEnding": "2023-12-31", "reportedCurrency": "USD", "grossProfit": "2061000000", "totalRevenue": "9210000000", "costOfRevenue": "7149000000", "costofGoodsAndServicesSold": "7149000000", "operatingIncome": "1096000000", "sellingGeneralAndAdministrative": "768000000", "researchAndDevelopment": "239000000", "operatingExpenses": "966000000", "investmentIncomeNet": "None", "netInterestIncome": "-215000000", "interestIncome": "10000000", "interestExpense": "240000000", "nonInterestIncome": "None", "otherNonOperatingIncome": "None", "depreciation": "None", "depreciationAndAmortization": "498000000", "incomeBeforeTax": "1087000000", "incomeTaxExpense": "191000000", "interestAndDebtExpense": "None", "netIncomeFromContinuingOperations": "896000000", "comprehensiveIncomeNetOfTax": "None", "ebit": "1096000000", "ebitda": "1594000000", "netIncome": "894000000"}, {"fiscalDateEnding": "2022-12-31", "reportedCurrency": "USD", "grossProfit": "2137000000", "totalRevenue": "10580000000", "costOfRevenue": "8443000000", "costofGoodsAndServicesSold": "8443000000", "operatingIncome": "1254000000", "sellingGeneralAndAdministrative": "625000000", "researchAndDevelopment": "264000000", "operatingExpenses": "990000000", "investmentIncomeNet": "None", "netInterestIncome": "-182000000", "interestIncome": "182000000", "interestExpense": "182000000", "nonInterestIncome": "None", "otherNonOperatingIncome": "-37000000", "depreciation": "None", "depreciationAndAmortization": "477000000", "incomeBeforeTax": "977000000", "incomeTaxExpense": "181000000", "interestAndDebtExpense": "None", "netIncomeFromContinuingOperations": "796000000", "comprehensiveIncomeNetOfTax": "None", "ebit": "1254000000", "ebitda": "1731000000", "netIncome": "793000000"}, {"fiscalDateEnding": "2021-12-31", "reportedCurrency": "USD", "grossProfit": "2500000000", "totalRevenue": "10476000000", "costOfRevenue": "7976000000", "costofGoodsAndServicesSold": "7976000000", "operatingIncome": "1880000000", "sellingGeneralAndAdministrative": "383000000", "researchAndDevelopment": "254000000", "operatingExpenses": "1049000000", "investmentIncomeNet": "None", "netInterestIncome": "-198000000", "interestIncome": "198000000", "interestExpense": "198000000", "nonInterestIncome": "None", "otherNonOperatingIncome": "-536000000", "depreciation": "None", "depreciationAndAmortization": "538000000", "incomeBeforeTax": "1082000000", "incomeTaxExpense": "215000000", "interestAndDebtExpense": "None", "netIncomeFromContinuingOperations": "867000000", "comprehensiveIncomeNetOfTax": "None", "ebit": "1880000000", "ebitda": "2418000000", "netIncome": "857000000"}, {"fiscalDateEnding": "2020-12-31", "reportedCurrency": "USD", "grossProfit": "1975000000", "totalRevenue": "8473000000", "costOfRevenue": "6498000000", "costofGoodsAndServicesSold": "6498000000", "operatingIncome": "968000000", "sellingGeneralAndAdministrative": "654000000", "researchAndDevelopment": "226000000", "operatingExpenses": "880000000", "investmentIncomeNet": "None", "netInterestIncome": "-210000000", "interestIncome": "210000000", "interestExpense": "210000000", "nonInterestIncome": "None", "otherNonOperatingIncome": "-9000000", "depreciation": "None", "depreciationAndAmortization": "574000000", "incomeBeforeTax": "530000000", "incomeTaxExpense": "41000000", "interestAndDebtExpense": "None", "netIncomeFromContinuingOperations": "489000000", "comprehensiveIncomeNetOfTax": "None", "ebit": "968000000", "ebitda": "1542000000", "netIncome": "478000000"}, {"fiscalDateEnding": "2019-12-31", "reportedCurrency": "USD", "grossProfit": "2234000000", "totalRevenue": "9273000000", "costOfRevenue": "7039000000", "costofGoodsAndServicesSold": "7039000000", "operatingIncome": "1246000000", "sellingGeneralAndAdministrative": "691000000", "researchAndDevelopment": "234000000", "operatingExpenses": "925000000", "investmentIncomeNet": "None", "netInterestIncome": "-218000000", "interestIncome": "3000000", "interestExpense": "218000000", "nonInterestIncome": "None", "otherNonOperatingIncome": "-3000000", "depreciation": "None", "depreciationAndAmortization": "610000000", "incomeBeforeTax": "902000000", "incomeTaxExpense": "140000000", "interestAndDebtExpense": "None", "netIncomeFromContinuingOperations": "762000000", "comprehensiveIncomeNetOfTax": "None", "ebit": "1247000000", "ebitda": "1857000000", "netIncome": "759000000"}, {"fiscalDateEnding": "2018-12-31", "reportedCurrency": "USD", "grossProfit": "2479000000", "totalRevenue": "10151000000", "costOfRevenue": "7672000000", "costofGoodsAndServicesSold": "7672000000", "operatingIncome": "1523000000", "sellingGeneralAndAdministrative": "721000000", "researchAndDevelopment": "235000000", "operatingExpenses": "956000000", "investmentIncomeNet": "None", "netInterestIncome": "-235000000", "interestIncome": "3000000", "interestExpense": "235000000", "nonInterestIncome": "None", "otherNonOperatingIncome": "46000000", "depreciation": "None", "depreciationAndAmortization": "601000000", "incomeBeforeTax": "1310000000", "incomeTaxExpense": "226000000", "interestAndDebtExpense": "None", "netIncomeFromContinuingOperations": "1084000000", "comprehensiveIncomeNetOfTax": "None", "ebit": "1543000000", "ebitda": "2144000000", "netIncome": "1080000000"}, {"fiscalDateEnding": "2017-12-31", "reportedCurrency": "USD", "grossProfit": "2463000000", "totalRevenue": "9549000000", "costOfRevenue": "7086000000", "costofGoodsAndServicesSold": "7086000000", "operatingIncome": "1545000000", "sellingGeneralAndAdministrative": "699000000", "researchAndDevelopment": "214000000", "operatingExpenses": "910000000", "investmentIncomeNet": "None", "netInterestIncome": "-241000000", "interestIncome": "3000000", "interestExpense": "241000000", "nonInterestIncome": "None", "otherNonOperatingIncome": "-2000000", "depreciation": "None", "depreciationAndAmortization": "584000000", "incomeBeforeTax": "1302000000", "incomeTaxExpense": "-177000000", "interestAndDebtExpense": "None", "netIncomeFromContinuingOperations": "1388000000", "comprehensiveIncomeNetOfTax": "None", "ebit": "1528000000", "ebitda": "2112000000", "netIncome": "1474000000"}, {"fiscalDateEnding": "2016-12-31", "reportedCurrency": "USD", "grossProfit": "2365000000", "totalRevenue": "9008000000", "costOfRevenue": "6643000000", "costofGoodsAndServicesSold": "6643000000", "operatingIncome": "1404000000", "sellingGeneralAndAdministrative": "703000000", "researchAndDevelopment": "217000000", "operatingExpenses": "916000000", "investmentIncomeNet": "None", "netInterestIncome": "-255000000", "interestIncome": "26000000", "interestExpense": "255000000", "nonInterestIncome": "None", "otherNonOperatingIncome": "-79000000", "depreciation": "None", "depreciationAndAmortization": "580000000", "incomeBeforeTax": "1070000000", "incomeTaxExpense": "199000000", "interestAndDebtExpense": "None", "netIncomeFromContinuingOperations": "859000000", "comprehensiveIncomeNetOfTax": "None", "ebit": "1439000000", "ebitda": "2019000000", "netIncome": "866000000"}, {"fiscalDateEnding": "2015-12-31", "reportedCurrency": "USD", "grossProfit": "2580000000", "totalRevenue": "9648000000", "costOfRevenue": "7068000000", "costofGoodsAndServicesSold": "7068000000", "operatingIncome": "1384000000", "sellingGeneralAndAdministrative": "762000000", "researchAndDevelopment": "251000000", "operatingExpenses": "1013000000", "investmentIncomeNet": "None", "netInterestIncome": "None", "interestIncome": "254000000", "interestExpense": "263000000", "nonInterestIncome": "None", "otherNonOperatingIncome": "8000000", "depreciation": "None", "depreciationAndAmortization": "571000000", "incomeBeforeTax": "1129000000", "incomeTaxExpense": "275000000", "interestAndDebtExpense": "None", "netIncomeFromContinuingOperations": "854000000", "comprehensiveIncomeNetOfTax": "None", "ebit": "1602000000", "ebitda": "2173000000", "netIncome": "848000000"}, {"fiscalDateEnding": "2014-12-31", "reportedCurrency": "USD", "grossProfit": "2221000000", "totalRevenue": "9527000000", "costOfRevenue": "7306000000", "costofGoodsAndServicesSold": "7306000000", "operatingIncome": "1162000000", "sellingGeneralAndAdministrative": "755000000", "researchAndDevelopment": "227000000", "operatingExpenses": "982000000", "investmentIncomeNet": "None", "netInterestIncome": "None", "interestIncome": "None", "interestExpense": "187000000", "nonInterestIncome": "None", "otherNonOperatingIncome": "15000000", "depreciation": "None", "depreciationAndAmortization": "450000000", "incomeBeforeTax": "990000000", "incomeTaxExpense": "235000000", "interestAndDebtExpense": "None", "netIncomeFromContinuingOperations": "755000000", "comprehensiveIncomeNetOfTax": "None", "ebit": "1309000000", "ebitda": "1759000000", "netIncome": "751000000"}, {"fiscalDateEnding": "2013-12-31", "reportedCurrency": "USD", "grossProfit": "2776000000", "totalRevenue": "9350000000", "costOfRevenue": "6574000000", "costofGoodsAndServicesSold": "6574000000", "operatingIncome": "1862000000", "sellingGeneralAndAdministrative": "645000000", "researchAndDevelopment": "193000000", "operatingExpenses": "838000000", "investmentIncomeNet": "None", "netInterestIncome": "None", "interestIncome": "None", "interestExpense": "180000000", "nonInterestIncome": "None", "otherNonOperatingIncome": "-3000000", "depreciation": "None", "depreciationAndAmortization": "433000000", "incomeBeforeTax": "1679000000", "incomeTaxExpense": "507000000", "interestAndDebtExpense": "None", "netIncomeFromContinuingOperations": "1172000000", "comprehensiveIncomeNetOfTax": "None", "ebit": "1857000000", "ebitda": "2290000000", "netIncome": "1165000000"}, {"fiscalDateEnding": "2012-12-31", "reportedCurrency": "USD", "grossProfit": "1762000000", "totalRevenue": "8102000000", "costOfRevenue": "6340000000", "costofGoodsAndServicesSold": "6340000000", "operatingIncome": "800000000", "sellingGeneralAndAdministrative": "644000000", "researchAndDevelopment": "198000000", "operatingExpenses": "842000000", "investmentIncomeNet": "None", "netInterestIncome": "None", "interestIncome": "None", "interestExpense": "143000000", "nonInterestIncome": "None", "otherNonOperatingIncome": "-8000000", "depreciation": "None", "depreciationAndAmortization": "360000000", "incomeBeforeTax": "649000000", "incomeTaxExpense": "206000000", "interestAndDebtExpense": "None", "netIncomeFromContinuingOperations": "443000000", "comprehensiveIncomeNetOfTax": "None", "ebit": "815000000", "ebitda": "1175000000", "netIncome": "437000000"}, {"fiscalDateEnding": "2011-12-31", "reportedCurrency": "USD", "grossProfit": "1640000000", "totalRevenue": "7178000000", "costOfRevenue": "5538000000", "costofGoodsAndServicesSold": "5538000000", "operatingIncome": "1021000000", "sellingGeneralAndAdministrative": "469000000", "researchAndDevelopment": "158000000", "operatingExpenses": "627000000", "investmentIncomeNet": "None", "netInterestIncome": "None", "interestIncome": "None", "interestExpense": "76000000", "nonInterestIncome": "None", "otherNonOperatingIncome": "19000000", "depreciation": "None", "depreciationAndAmortization": "273000000", "incomeBeforeTax": "964000000", "incomeTaxExpense": "307000000", "interestAndDebtExpense": "None", "netIncomeFromContinuingOperations": "657000000", "comprehensiveIncomeNetOfTax": "None", "ebit": "1048000000", "ebitda": "1321000000", "netIncome": "696000000"}, {"fiscalDateEnding": "2010-12-31", "reportedCurrency": "USD", "grossProfit": "1474000000", "totalRevenue": "5842000000", "costOfRevenue": "4368000000", "costofGoodsAndServicesSold": "4368000000", "operatingIncome": "862000000", "sellingGeneralAndAdministrative": "431000000", "researchAndDevelopment": "152000000", "operatingExpenses": "583000000", "investmentIncomeNet": "None", "netInterestIncome": "None", "interestIncome": "None", "interestExpense": "99000000", "nonInterestIncome": "None", "otherNonOperatingIncome": "-127000000", "depreciation": "None", "depreciationAndAmortization": "280000000", "incomeBeforeTax": "636000000", "incomeTaxExpense": "211000000", "interestAndDebtExpense": "None", "netIncomeFromContinuingOperations": "425000000", "comprehensiveIncomeNetOfTax": "None", "ebit": "742000000", "ebitda": "1022000000", "netIncome": "438000000"}, {"fiscalDateEnding": "2009-12-31", "reportedCurrency": "USD", "grossProfit": "1053000000", "totalRevenue": "5047000000", "costOfRevenue": "3994000000", "costofGoodsAndServicesSold": "3994000000", "operatingIncome": "317000000", "sellingGeneralAndAdministrative": "399000000", "researchAndDevelopment": "137000000", "operatingExpenses": "536000000", "investmentIncomeNet": "None", "netInterestIncome": "None", "interestIncome": "None", "interestExpense": "78000000", "nonInterestIncome": "None", "otherNonOperatingIncome": "-13000000", "depreciation": "None", "depreciationAndAmortization": "274000000", "incomeBeforeTax": "226000000", "incomeTaxExpense": "90000000", "interestAndDebtExpense": "None", "netIncomeFromContinuingOperations": "136000000", "comprehensiveIncomeNetOfTax": "None", "ebit": "311000000", "ebitda": "585000000", "netIncome": "136000000"}, {"fiscalDateEnding": "2008-12-31", "reportedCurrency": "USD", "grossProfit": "1126000000", "totalRevenue": "6726000000", "costOfRevenue": "5600000000", "costofGoodsAndServicesSold": "5600000000", "operatingIncome": "519000000", "sellingGeneralAndAdministrative": "419000000", "researchAndDevelopment": "158000000", "operatingExpenses": "607000000", "investmentIncomeNet": "None", "netInterestIncome": "None", "interestIncome": "None", "interestExpense": "70000000", "nonInterestIncome": "None", "otherNonOperatingIncome": "None", "depreciation": "None", "depreciationAndAmortization": "267000000", "incomeBeforeTax": "429000000", "incomeTaxExpense": "101000000", "interestAndDebtExpense": "None", "netIncomeFromContinuingOperations": "None", "comprehensiveIncomeNetOfTax": "None", "ebit": "523000000", "ebitda": "790000000", "netIncome": "346000000"}, {"fiscalDateEnding": "2007-12-31", "reportedCurrency": "USD", "grossProfit": "1192000000", "totalRevenue": "6830000000", "costOfRevenue": "5638000000", "costofGoodsAndServicesSold": "5638000000", "operatingIncome": "504000000", "sellingGeneralAndAdministrative": "420000000", "researchAndDevelopment": "156000000", "operatingExpenses": "698000000", "investmentIncomeNet": "None", "netInterestIncome": "None", "interestIncome": "None", "interestExpense": "62000000", "nonInterestIncome": "None", "otherNonOperatingIncome": "None", "depreciation": "None", "depreciationAndAmortization": "327000000", "incomeBeforeTax": "470000000", "incomeTaxExpense": "149000000", "interestAndDebtExpense": "None", "netIncomeFromContinuingOperations": "None", "comprehensiveIncomeNetOfTax": "None", "ebit": "573000000", "ebitda": "900000000", "netIncome": "300000000"}, {"fiscalDateEnding": "2006-12-31", "reportedCurrency": "USD", "grossProfit": "1277000000", "totalRevenue": "7450000000", "costOfRevenue": "6173000000", "costofGoodsAndServicesSold": "6173000000", "operatingIncome": "640000000", "sellingGeneralAndAdministrative": "437000000", "researchAndDevelopment": "167000000", "operatingExpenses": "637000000", "investmentIncomeNet": "None", "netInterestIncome": "None", "interestIncome": "None", "interestExpense": "80000000", "nonInterestIncome": "None", "otherNonOperatingIncome": "None", "depreciation": "None", "depreciationAndAmortization": "308000000", "incomeBeforeTax": "576000000", "incomeTaxExpense": "167000000", "interestAndDebtExpense": "None", "netIncomeFromContinuingOperations": "None", "comprehensiveIncomeNetOfTax": "None", "ebit": "654000000", "ebitda": "962000000", "netIncome": "409000000"}, {"fiscalDateEnding": "2005-12-31", "reportedCurrency": "USD", "grossProfit": "1404000000", "totalRevenue": "7059000000", "costOfRevenue": "5655000000", "costofGoodsAndServicesSold": "5655000000", "operatingIncome": "757000000", "sellingGeneralAndAdministrative": "454000000", "researchAndDevelopment": "162000000", "operatingExpenses": "647000000", "investmentIncomeNet": "None", "netInterestIncome": "None", "interestIncome": "None", "interestExpense": "100000000", "nonInterestIncome": "None", "otherNonOperatingIncome": "None", "depreciation": "None", "depreciationAndAmortization": "304000000", "incomeBeforeTax": "783000000", "incomeTaxExpense": "226000000", "interestAndDebtExpense": "None", "netIncomeFromContinuingOperations": "None", "comprehensiveIncomeNetOfTax": "None", "ebit": "740000000", "ebitda": "1044000000", "netIncome": "557000000"}], "quarterlyReports": [{"fiscalDateEnding": "2024-12-31", "reportedCurrency": "USD", "grossProfit": "554000000", "totalRevenue": "2245000000", "costOfRevenue": "1691000000", "costofGoodsAndServicesSold": "1691000000", "operatingIncome": "378000000", "sellingGeneralAndAdministrative": "110000000", "researchAndDevelopment": "66000000", "operatingExpenses": "176000000", "investmentIncomeNet": "None", "netInterestIncome": "-52000000", "interestIncome": "4000000", "interestExpense": "56000000", "nonInterestIncome": "None", "otherNonOperatingIncome": "None", "depreciation": "None", "depreciationAndAmortization": "129000000", "incomeBeforeTax": "297000000", "incomeTaxExpense": "-34000000", "interestAndDebtExpense": "None", "netIncomeFromContinuingOperations": "331000000", "comprehensiveIncomeNetOfTax": "None", "ebit": "353000000", "ebitda": "482000000", "netIncome": "330000000"}, {"fiscalDateEnding": "2024-09-30", "reportedCurrency": "USD", "grossProfit": "605000000", "totalRevenue": "2464000000", "costOfRevenue": "1859000000", "costofGoodsAndServicesSold": "1859000000", "operatingIncome": "357000000", "sellingGeneralAndAdministrative": "183000000", "researchAndDevelopment": "65000000", "operatingExpenses": "248000000", "investmentIncomeNet": "None", "netInterestIncome": "-49000000", "interestIncome": "4000000", "interestExpense": "53000000", "nonInterestIncome": "None", "otherNonOperatingIncome": "None", "depreciation": "None", "depreciationAndAmortization": "127000000", "incomeBeforeTax": "280000000", "incomeTaxExpense": "99000000", "interestAndDebtExpense": "None", "netIncomeFromContinuingOperations": "181000000", "comprehensiveIncomeNetOfTax": "None", "ebit": "332000000", "ebitda": "459000000", "netIncome": "180000000"}, {"fiscalDateEnding": "2024-06-30", "reportedCurrency": "USD", "grossProfit": "619000000", "totalRevenue": "2360000000", "costOfRevenue": "1741000000", "costofGoodsAndServicesSold": "1741000000", "operatingIncome": "379000000", "sellingGeneralAndAdministrative": "176000000", "researchAndDevelopment": "60000000", "operatingExpenses": "240000000", "investmentIncomeNet": "None", "netInterestIncome": "-50000000", "interestIncome": "4000000", "interestExpense": "54000000", "nonInterestIncome": "None", "otherNonOperatingIncome": "None", "depreciation": "None", "depreciationAndAmortization": "126000000", "incomeBeforeTax": "287000000", "incomeTaxExpense": "56000000", "interestAndDebtExpense": "None", "netIncomeFromContinuingOperations": "231000000", "comprehensiveIncomeNetOfTax": "None", "ebit": "379000000", "ebitda": "505000000", "netIncome": "230000000"}, {"fiscalDateEnding": "2024-03-31", "reportedCurrency": "USD", "grossProfit": "530000000", "totalRevenue": "2308000000", "costOfRevenue": "1778000000", "costofGoodsAndServicesSold": "1778000000", "operatingIncome": "280000000", "sellingGeneralAndAdministrative": "186000000", "researchAndDevelopment": "59000000", "operatingExpenses": "250000000", "investmentIncomeNet": "None", "netInterestIncome": "-49000000", "interestIncome": "4000000", "interestExpense": "53000000", "nonInterestIncome": "None", "otherNonOperatingIncome": "None", "depreciation": "None", "depreciationAndAmortization": "127000000", "incomeBeforeTax": "214000000", "incomeTaxExpense": "49000000", "interestAndDebtExpense": "None", "netIncomeFromContinuingOperations": "165000000", "comprehensiveIncomeNetOfTax": "None", "ebit": "280000000", "ebitda": "407000000", "netIncome": "165000000"}, {"fiscalDateEnding": "2023-12-31", "reportedCurrency": "USD", "grossProfit": "449000000", "totalRevenue": "2205000000", "costOfRevenue": "1756000000", "costofGoodsAndServicesSold": "1756000000", "operatingIncome": "201000000", "sellingGeneralAndAdministrative": "182000000", "researchAndDevelopment": "57000000", "operatingExpenses": "248000000", "investmentIncomeNet": "None", "netInterestIncome": "-52000000", "interestIncome": "2000000", "interestExpense": "59000000", "nonInterestIncome": "None", "otherNonOperatingIncome": "None", "depreciation": "None", "depreciationAndAmortization": "118000000", "incomeBeforeTax": "425000000", "incomeTaxExpense": "114000000", "interestAndDebtExpense": "None", "netIncomeFromContinuingOperations": "311000000", "comprehensiveIncomeNetOfTax": "None", "ebit": "201000000", "ebitda": "319000000", "netIncome": "310000000"}, {"fiscalDateEnding": "2023-09-30", "reportedCurrency": "USD", "grossProfit": "484000000", "totalRevenue": "4050000000", "costOfRevenue": "3566000000", "costofGoodsAndServicesSold": "3566000000", "operatingIncome": "264000000", "sellingGeneralAndAdministrative": "160000000", "researchAndDevelopment": "60000000", "operatingExpenses": "220000000", "investmentIncomeNet": "None", "netInterestIncome": "-57000000", "interestIncome": "57000000", "interestExpense": "57000000", "nonInterestIncome": "None", "otherNonOperatingIncome": "None", "depreciation": "None", "depreciationAndAmortization": "120000000", "incomeBeforeTax": "199000000", "incomeTaxExpense": "20000000", "interestAndDebtExpense": "None", "netIncomeFromContinuingOperations": "179000000", "comprehensiveIncomeNetOfTax": "None", "ebit": "266000000", "ebitda": "386000000", "netIncome": "178000000"}, {"fiscalDateEnding": "2023-06-30", "reportedCurrency": "USD", "grossProfit": "584000000", "totalRevenue": "2324000000", "costOfRevenue": "1740000000", "costofGoodsAndServicesSold": "1740000000", "operatingIncome": "323000000", "sellingGeneralAndAdministrative": "182000000", "researchAndDevelopment": "60000000", "operatingExpenses": "245000000", "investmentIncomeNet": "None", "netInterestIncome": "-54000000", "interestIncome": "54000000", "interestExpense": "54000000", "nonInterestIncome": "None", "otherNonOperatingIncome": "-19000000", "depreciation": "None", "depreciationAndAmortization": "119000000", "incomeBeforeTax": "269000000", "incomeTaxExpense": "-3000000", "interestAndDebtExpense": "None", "netIncomeFromContinuingOperations": "272000000", "comprehensiveIncomeNetOfTax": "None", "ebit": "323000000", "ebitda": "442000000", "netIncome": "272000000"}, {"fiscalDateEnding": "2023-03-31", "reportedCurrency": "USD", "grossProfit": "529000000", "totalRevenue": "2412000000", "costOfRevenue": "1883000000", "costofGoodsAndServicesSold": "1883000000", "operatingIncome": "268000000", "sellingGeneralAndAdministrative": "188000000", "researchAndDevelopment": "62000000", "operatingExpenses": "253000000", "investmentIncomeNet": "None", "netInterestIncome": "-52000000", "interestIncome": "52000000", "interestExpense": "52000000", "nonInterestIncome": "None", "otherNonOperatingIncome": "-11000000", "depreciation": "None", "depreciationAndAmortization": "141000000", "incomeBeforeTax": "194000000", "incomeTaxExpense": "60000000", "interestAndDebtExpense": "None", "netIncomeFromContinuingOperations": "254000000", "comprehensiveIncomeNetOfTax": "None", "ebit": "268000000", "ebitda": "409000000", "netIncome": "134000000"}, {"fiscalDateEnding": "2022-12-31", "reportedCurrency": "USD", "grossProfit": "376000000", "totalRevenue": "2373000000", "costOfRevenue": "1997000000", "costofGoodsAndServicesSold": "1997000000", "operatingIncome": "155000000", "sellingGeneralAndAdministrative": "172000000", "researchAndDevelopment": "64000000", "operatingExpenses": "236000000", "investmentIncomeNet": "None", "netInterestIncome": "-48000000", "interestIncome": "48000000", "interestExpense": "48000000", "nonInterestIncome": "None", "otherNonOperatingIncome": "-41000000", "depreciation": "None", "depreciationAndAmortization": "117000000", "incomeBeforeTax": "28000000", "incomeTaxExpense": "26000000", "interestAndDebtExpense": "None", "netIncomeFromContinuingOperations": "2000000", "comprehensiveIncomeNetOfTax": "None", "ebit": "155000000", "ebitda": "272000000", "netIncome": "2000000"}, {"fiscalDateEnding": "2022-09-30", "reportedCurrency": "USD", "grossProfit": "541000000", "totalRevenue": "2709000000", "costOfRevenue": "2168000000", "costofGoodsAndServicesSold": "2168000000", "operatingIncome": "329000000", "sellingGeneralAndAdministrative": "143000000", "researchAndDevelopment": "68000000", "operatingExpenses": "241000000", "investmentIncomeNet": "None", "netInterestIncome": "-43000000", "interestIncome": "2000000", "interestExpense": "43000000", "nonInterestIncome": "None", "otherNonOperatingIncome": "-4000000", "depreciation": "None", "depreciationAndAmortization": "117000000", "incomeBeforeTax": "281000000", "incomeTaxExpense": "-20000000", "interestAndDebtExpense": "None", "netIncomeFromContinuingOperations": "261000000", "comprehensiveIncomeNetOfTax": "None", "ebit": "329000000", "ebitda": "446000000", "netIncome": "301000000"}, {"fiscalDateEnding": "2022-06-30", "reportedCurrency": "USD", "grossProfit": "670000000", "totalRevenue": "2784000000", "costOfRevenue": "2114000000", "costofGoodsAndServicesSold": "2114000000", "operatingIncome": "469000000", "sellingGeneralAndAdministrative": "185000000", "researchAndDevelopment": "67000000", "operatingExpenses": "252000000", "investmentIncomeNet": "None", "netInterestIncome": "-45000000", "interestIncome": "45000000", "interestExpense": "45000000", "nonInterestIncome": "None", "otherNonOperatingIncome": "-7000000", "depreciation": "None", "depreciationAndAmortization": "122000000", "incomeBeforeTax": "381000000", "incomeTaxExpense": "124000000", "interestAndDebtExpense": "None", "netIncomeFromContinuingOperations": "257000000", "comprehensiveIncomeNetOfTax": "None", "ebit": "469000000", "ebitda": "591000000", "netIncome": "256000000"}, {"fiscalDateEnding": "2022-03-31", "reportedCurrency": "USD", "grossProfit": "550000000", "totalRevenue": "2714000000", "costOfRevenue": "2164000000", "costofGoodsAndServicesSold": "2164000000", "operatingIncome": "332000000", "sellingGeneralAndAdministrative": "165000000", "researchAndDevelopment": "65000000", "operatingExpenses": "261000000", "investmentIncomeNet": "None", "netInterestIncome": "-46000000", "interestIncome": "1000000", "interestExpense": "46000000", "nonInterestIncome": "None", "otherNonOperatingIncome": "15000000", "depreciation": "None", "depreciationAndAmortization": "121000000", "incomeBeforeTax": "287000000", "incomeTaxExpense": "51000000", "interestAndDebtExpense": "None", "netIncomeFromContinuingOperations": "236000000", "comprehensiveIncomeNetOfTax": "None", "ebit": "332000000", "ebitda": "453000000", "netIncome": "235000000"}, {"fiscalDateEnding": "2021-12-31", "reportedCurrency": "USD", "grossProfit": "559000000", "totalRevenue": "2694000000", "costOfRevenue": "2135000000", "costofGoodsAndServicesSold": "2135000000", "operatingIncome": "575000000", "sellingGeneralAndAdministrative": "208000000", "researchAndDevelopment": "67000000", "operatingExpenses": "275000000", "investmentIncomeNet": "None", "netInterestIncome": "-48000000", "interestIncome": "48000000", "interestExpense": "48000000", "nonInterestIncome": "None", "otherNonOperatingIncome": "8000000", "depreciation": "None", "depreciationAndAmortization": "122000000", "incomeBeforeTax": "529000000", "incomeTaxExpense": "149000000", "interestAndDebtExpense": "None", "netIncomeFromContinuingOperations": "380000000", "comprehensiveIncomeNetOfTax": "None", "ebit": "576000000", "ebitda": "698000000", "netIncome": "378000000"}, {"fiscalDateEnding": "2021-09-30", "reportedCurrency": "USD", "grossProfit": "662000000", "totalRevenue": "2720000000", "costOfRevenue": "2058000000", "costofGoodsAndServicesSold": "2058000000", "operatingIncome": "395000000", "sellingGeneralAndAdministrative": "201000000", "researchAndDevelopment": "66000000", "operatingExpenses": "267000000", "investmentIncomeNet": "None", "netInterestIncome": "-49000000", "interestIncome": "49000000", "interestExpense": "49000000", "nonInterestIncome": "None", "otherNonOperatingIncome": "-54000000", "depreciation": "None", "depreciationAndAmortization": "127000000", "incomeBeforeTax": "321000000", "incomeTaxExpense": "-33000000", "interestAndDebtExpense": "None", "netIncomeFromContinuingOperations": "354000000", "comprehensiveIncomeNetOfTax": "None", "ebit": "431000000", "ebitda": "558000000", "netIncome": "351000000"}, {"fiscalDateEnding": "2021-06-30", "reportedCurrency": "USD", "grossProfit": "681000000", "totalRevenue": "2653000000", "costOfRevenue": "1972000000", "costofGoodsAndServicesSold": "1972000000", "operatingIncome": "416000000", "sellingGeneralAndAdministrative": "202000000", "researchAndDevelopment": "63000000", "operatingExpenses": "265000000", "investmentIncomeNet": "None", "netInterestIncome": "-51000000", "interestIncome": "51000000", "interestExpense": "51000000", "nonInterestIncome": "None", "otherNonOperatingIncome": "-494000000", "depreciation": "None", "depreciationAndAmortization": "140000000", "incomeBeforeTax": "-107000000", "incomeTaxExpense": "37000000", "interestAndDebtExpense": "None", "netIncomeFromContinuingOperations": "-144000000", "comprehensiveIncomeNetOfTax": "None", "ebit": "-59000000", "ebitda": "81000000", "netIncome": "-146000000"}, {"fiscalDateEnding": "2021-03-31", "reportedCurrency": "USD", "grossProfit": "598000000", "totalRevenue": "2409000000", "costOfRevenue": "1811000000", "costofGoodsAndServicesSold": "1811000000", "operatingIncome": "356000000", "sellingGeneralAndAdministrative": "184000000", "researchAndDevelopment": "58000000", "operatingExpenses": "242000000", "investmentIncomeNet": "None", "netInterestIncome": "-50000000", "interestIncome": "1000000", "interestExpense": "50000000", "nonInterestIncome": "None", "otherNonOperatingIncome": "4000000", "depreciation": "None", "depreciationAndAmortization": "149000000", "incomeBeforeTax": "339000000", "incomeTaxExpense": "62000000", "interestAndDebtExpense": "None", "netIncomeFromContinuingOperations": "277000000", "comprehensiveIncomeNetOfTax": "None", "ebit": "388000000", "ebitda": "537000000", "netIncome": "274000000"}, {"fiscalDateEnding": "2020-12-31", "reportedCurrency": "USD", "grossProfit": "526000000", "totalRevenue": "2186000000", "costOfRevenue": "1660000000", "costofGoodsAndServicesSold": "1660000000", "operatingIncome": "295000000", "sellingGeneralAndAdministrative": "160000000", "researchAndDevelopment": "57000000", "operatingExpenses": "231000000", "investmentIncomeNet": "None", "netInterestIncome": "-51000000", "interestIncome": "51000000", "interestExpense": "51000000", "nonInterestIncome": "None", "otherNonOperatingIncome": "1000000", "depreciation": "None", "depreciationAndAmortization": "145000000", "incomeBeforeTax": "25000000", "incomeTaxExpense": "-9000000", "interestAndDebtExpense": "None", "netIncomeFromContinuingOperations": "34000000", "comprehensiveIncomeNetOfTax": "None", "ebit": "75000000", "ebitda": "220000000", "netIncome": "32000000"}, {"fiscalDateEnding": "2020-09-30", "reportedCurrency": "USD", "grossProfit": "501000000", "totalRevenue": "2122000000", "costOfRevenue": "1621000000", "costofGoodsAndServicesSold": "1621000000", "operatingIncome": "280000000", "sellingGeneralAndAdministrative": "165000000", "researchAndDevelopment": "56000000", "operatingExpenses": "221000000", "investmentIncomeNet": "None", "netInterestIncome": "-52000000", "interestIncome": "52000000", "interestExpense": "52000000", "nonInterestIncome": "None", "otherNonOperatingIncome": "-7000000", "depreciation": "None", "depreciationAndAmortization": "149000000", "incomeBeforeTax": "190000000", "incomeTaxExpense": "25000000", "interestAndDebtExpense": "None", "netIncomeFromContinuingOperations": "165000000", "comprehensiveIncomeNetOfTax": "None", "ebit": "242000000", "ebitda": "391000000", "netIncome": "161000000"}, {"fiscalDateEnding": "2020-06-30", "reportedCurrency": "USD", "grossProfit": "371000000", "totalRevenue": "1924000000", "costOfRevenue": "1553000000", "costofGoodsAndServicesSold": "1553000000", "operatingIncome": "164000000", "sellingGeneralAndAdministrative": "155000000", "researchAndDevelopment": "52000000", "operatingExpenses": "207000000", "investmentIncomeNet": "None", "netInterestIncome": "-55000000", "interestIncome": "55000000", "interestExpense": "55000000", "nonInterestIncome": "None", "otherNonOperatingIncome": "1000000", "depreciation": "None", "depreciationAndAmortization": "141000000", "incomeBeforeTax": "-1000000", "incomeTaxExpense": "-31000000", "interestAndDebtExpense": "None", "netIncomeFromContinuingOperations": "30000000", "comprehensiveIncomeNetOfTax": "None", "ebit": "194000000", "ebitda": "335000000", "netIncome": "27000000"}, {"fiscalDateEnding": "2020-03-31", "reportedCurrency": "USD", "grossProfit": "577000000", "totalRevenue": "2241000000", "costOfRevenue": "1664000000", "costofGoodsAndServicesSold": "1664000000", "operatingIncome": "356000000", "sellingGeneralAndAdministrative": "160000000", "researchAndDevelopment": "61000000", "operatingExpenses": "221000000", "investmentIncomeNet": "None", "netInterestIncome": "-52000000", "interestIncome": "1000000", "interestExpense": "52000000", "nonInterestIncome": "None", "otherNonOperatingIncome": "-4000000", "depreciation": "None", "depreciationAndAmortization": "139000000", "incomeBeforeTax": "316000000", "incomeTaxExpense": "56000000", "interestAndDebtExpense": "None", "netIncomeFromContinuingOperations": "260000000", "comprehensiveIncomeNetOfTax": "None", "ebit": "386000000", "ebitda": "525000000", "netIncome": "258000000"}, {"fiscalDateEnding": "2019-12-31", "reportedCurrency": "USD", "grossProfit": "497000000", "totalRevenue": "2205000000", "costOfRevenue": "1708000000", "costofGoodsAndServicesSold": "1708000000", "operatingIncome": "261000000", "sellingGeneralAndAdministrative": "176000000", "researchAndDevelopment": "60000000", "operatingExpenses": "236000000", "investmentIncomeNet": "None", "netInterestIncome": "-53000000", "interestIncome": "1000000", "interestExpense": "53000000", "nonInterestIncome": "None", "otherNonOperatingIncome": "-3000000", "depreciation": "None", "depreciationAndAmortization": "149000000", "incomeBeforeTax": "9000000", "incomeTaxExpense": "-18000000", "interestAndDebtExpense": "None", "netIncomeFromContinuingOperations": "27000000", "comprehensiveIncomeNetOfTax": "None", "ebit": "139000000", "ebitda": "288000000", "netIncome": "26000000"}, {"fiscalDateEnding": "2019-09-30", "reportedCurrency": "USD", "grossProfit": "574000000", "totalRevenue": "2325000000", "costOfRevenue": "1751000000", "costofGoodsAndServicesSold": "1751000000", "operatingIncome": "352000000", "sellingGeneralAndAdministrative": "163000000", "researchAndDevelopment": "59000000", "operatingExpenses": "222000000", "investmentIncomeNet": "None", "netInterestIncome": "-54000000", "interestIncome": "1000000", "interestExpense": "54000000", "nonInterestIncome": "None", "otherNonOperatingIncome": "-3000000", "depreciation": "None", "depreciationAndAmortization": "151000000", "incomeBeforeTax": "313000000", "incomeTaxExpense": "46000000", "interestAndDebtExpense": "None", "netIncomeFromContinuingOperations": "267000000", "comprehensiveIncomeNetOfTax": "None", "ebit": "372000000", "ebitda": "523000000", "netIncome": "266000000"}, {"fiscalDateEnding": "2019-06-30", "reportedCurrency": "USD", "grossProfit": "589000000", "totalRevenue": "2363000000", "costOfRevenue": "1774000000", "costofGoodsAndServicesSold": "1774000000", "operatingIncome": "367000000", "sellingGeneralAndAdministrative": "165000000", "researchAndDevelopment": "57000000", "operatingExpenses": "222000000", "investmentIncomeNet": "None", "netInterestIncome": "-55000000", "interestIncome": "55000000", "interestExpense": "55000000", "nonInterestIncome": "None", "otherNonOperatingIncome": "1000000", "depreciation": "None", "depreciationAndAmortization": "156000000", "incomeBeforeTax": "316000000", "incomeTaxExpense": "57000000", "interestAndDebtExpense": "None", "netIncomeFromContinuingOperations": "259000000", "comprehensiveIncomeNetOfTax": "None", "ebit": "388000000", "ebitda": "544000000", "netIncome": "258000000"}, {"fiscalDateEnding": "2019-03-31", "reportedCurrency": "USD", "grossProfit": "574000000", "totalRevenue": "2380000000", "costOfRevenue": "1806000000", "costofGoodsAndServicesSold": "1806000000", "operatingIncome": "329000000", "sellingGeneralAndAdministrative": "187000000", "researchAndDevelopment": "58000000", "operatingExpenses": "245000000", "investmentIncomeNet": "None", "netInterestIncome": "-56000000", "interestIncome": "56000000", "interestExpense": "56000000", "nonInterestIncome": "None", "otherNonOperatingIncome": "2000000", "depreciation": "None", "depreciationAndAmortization": "155000000", "incomeBeforeTax": "264000000", "incomeTaxExpense": "55000000", "interestAndDebtExpense": "None", "netIncomeFromContinuingOperations": "209000000", "comprehensiveIncomeNetOfTax": "None", "ebit": "350000000", "ebitda": "505000000", "netIncome": "209000000"}, {"fiscalDateEnding": "2018-12-31", "reportedCurrency": "USD", "grossProfit": "466000000", "totalRevenue": "2376000000", "costOfRevenue": "1910000000", "costofGoodsAndServicesSold": "1910000000", "operatingIncome": "240000000", "sellingGeneralAndAdministrative": "167000000", "researchAndDevelopment": "59000000", "operatingExpenses": "226000000", "investmentIncomeNet": "None", "netInterestIncome": "None", "interestIncome": "None", "interestExpense": "57000000", "nonInterestIncome": "None", "otherNonOperatingIncome": "-4000000", "depreciation": "None", "depreciationAndAmortization": "153000000", "incomeBeforeTax": "71000000", "incomeTaxExpense": "36000000", "interestAndDebtExpense": "None", "netIncomeFromContinuingOperations": "35000000", "comprehensiveIncomeNetOfTax": "None", "ebit": "192000000", "ebitda": "345000000", "netIncome": "34000000"}, {"fiscalDateEnding": "2018-09-30", "reportedCurrency": "USD", "grossProfit": "728000000", "totalRevenue": "2547000000", "costOfRevenue": "1819000000", "costofGoodsAndServicesSold": "1819000000", "operatingIncome": "493000000", "sellingGeneralAndAdministrative": "175000000", "researchAndDevelopment": "60000000", "operatingExpenses": "235000000", "investmentIncomeNet": "None", "netInterestIncome": "None", "interestIncome": "None", "interestExpense": "58000000", "nonInterestIncome": "None", "otherNonOperatingIncome": "-6000000", "depreciation": "None", "depreciationAndAmortization": "151000000", "incomeBeforeTax": "459000000", "incomeTaxExpense": "46000000", "interestAndDebtExpense": "None", "netIncomeFromContinuingOperations": "413000000", "comprehensiveIncomeNetOfTax": "None", "ebit": "457000000", "ebitda": "608000000", "netIncome": "412000000"}, {"fiscalDateEnding": "2018-06-30", "reportedCurrency": "USD", "grossProfit": "704000000", "totalRevenue": "2621000000", "costOfRevenue": "1917000000", "costofGoodsAndServicesSold": "1917000000", "operatingIncome": "455000000", "sellingGeneralAndAdministrative": "189000000", "researchAndDevelopment": "60000000", "operatingExpenses": "249000000", "investmentIncomeNet": "None", "netInterestIncome": "None", "interestIncome": "None", "interestExpense": "61000000", "nonInterestIncome": "None", "otherNonOperatingIncome": "10000000", "depreciation": "None", "depreciationAndAmortization": "148000000", "incomeBeforeTax": "430000000", "incomeTaxExpense": "84000000", "interestAndDebtExpense": "None", "netIncomeFromContinuingOperations": "346000000", "comprehensiveIncomeNetOfTax": "None", "ebit": "447000000", "ebitda": "595000000", "netIncome": "344000000"}, {"fiscalDateEnding": "2018-03-31", "reportedCurrency": "USD", "grossProfit": "581000000", "totalRevenue": "2607000000", "costOfRevenue": "2026000000", "costofGoodsAndServicesSold": "2026000000", "operatingIncome": "335000000", "sellingGeneralAndAdministrative": "190000000", "researchAndDevelopment": "56000000", "operatingExpenses": "246000000", "investmentIncomeNet": "None", "netInterestIncome": "None", "interestIncome": "None", "interestExpense": "59000000", "nonInterestIncome": "None", "otherNonOperatingIncome": "46000000", "depreciation": "None", "depreciationAndAmortization": "152000000", "incomeBeforeTax": "350000000", "incomeTaxExpense": "60000000", "interestAndDebtExpense": "None", "netIncomeFromContinuingOperations": "290000000", "comprehensiveIncomeNetOfTax": "None", "ebit": "455000000", "ebitda": "607000000", "netIncome": "290000000"}, {"fiscalDateEnding": "2017-12-31", "reportedCurrency": "USD", "grossProfit": "496000000", "totalRevenue": "2362000000", "costOfRevenue": "1866000000", "costofGoodsAndServicesSold": "1866000000", "operatingIncome": "268000000", "sellingGeneralAndAdministrative": "174000000", "researchAndDevelopment": "49000000", "operatingExpenses": "220000000", "investmentIncomeNet": "None", "netInterestIncome": "None", "interestIncome": "None", "interestExpense": "59000000", "nonInterestIncome": "None", "otherNonOperatingIncome": "-10000000", "depreciation": "None", "depreciationAndAmortization": "147000000", "incomeBeforeTax": "199000000", "incomeTaxExpense": "-383000000", "interestAndDebtExpense": "None", "netIncomeFromContinuingOperations": "491000000", "comprehensiveIncomeNetOfTax": "None", "ebit": "376000000", "ebitda": "523000000", "netIncome": "581000000"}, {"fiscalDateEnding": "2017-09-30", "reportedCurrency": "USD", "grossProfit": "691000000", "totalRevenue": "2465000000", "costOfRevenue": "1774000000", "costofGoodsAndServicesSold": "1774000000", "operatingIncome": "460000000", "sellingGeneralAndAdministrative": "175000000", "researchAndDevelopment": "56000000", "operatingExpenses": "231000000", "investmentIncomeNet": "None", "netInterestIncome": "None", "interestIncome": "None", "interestExpense": "61000000", "nonInterestIncome": "None", "otherNonOperatingIncome": "4000000", "depreciation": "None", "depreciationAndAmortization": "148000000", "incomeBeforeTax": "403000000", "incomeTaxExpense": "79000000", "interestAndDebtExpense": "None", "netIncomeFromContinuingOperations": "324000000", "comprehensiveIncomeNetOfTax": "None", "ebit": "460000000", "ebitda": "608000000", "netIncome": "323000000"}, {"fiscalDateEnding": "2017-06-30", "reportedCurrency": "USD", "grossProfit": "651000000", "totalRevenue": "2419000000", "costOfRevenue": "1768000000", "costofGoodsAndServicesSold": "1768000000", "operatingIncome": "420000000", "sellingGeneralAndAdministrative": "176000000", "researchAndDevelopment": "55000000", "operatingExpenses": "231000000", "investmentIncomeNet": "None", "netInterestIncome": "None", "interestIncome": "None", "interestExpense": "61000000", "nonInterestIncome": "None", "otherNonOperatingIncome": "None", "depreciation": "None", "depreciationAndAmortization": "147000000", "incomeBeforeTax": "359000000", "incomeTaxExpense": "65000000", "interestAndDebtExpense": "None", "netIncomeFromContinuingOperations": "294000000", "comprehensiveIncomeNetOfTax": "None", "ebit": "420000000", "ebitda": "567000000", "netIncome": "292000000"}, {"fiscalDateEnding": "2017-03-31", "reportedCurrency": "USD", "grossProfit": "625000000", "totalRevenue": "2303000000", "costOfRevenue": "1678000000", "costofGoodsAndServicesSold": "1678000000", "operatingIncome": "397000000", "sellingGeneralAndAdministrative": "174000000", "researchAndDevelopment": "54000000", "operatingExpenses": "228000000", "investmentIncomeNet": "None", "netInterestIncome": "None", "interestIncome": "None", "interestExpense": "60000000", "nonInterestIncome": "None", "otherNonOperatingIncome": "4000000", "depreciation": "None", "depreciationAndAmortization": "145000000", "incomeBeforeTax": "341000000", "incomeTaxExpense": "62000000", "interestAndDebtExpense": "None", "netIncomeFromContinuingOperations": "279000000", "comprehensiveIncomeNetOfTax": "None", "ebit": "397000000", "ebitda": "542000000", "netIncome": "278000000"}, {"fiscalDateEnding": "2016-12-31", "reportedCurrency": "USD", "grossProfit": "505000000", "totalRevenue": "2188000000", "costOfRevenue": "1683000000", "costofGoodsAndServicesSold": "1683000000", "operatingIncome": "273000000", "sellingGeneralAndAdministrative": "165000000", "researchAndDevelopment": "54000000", "operatingExpenses": "215000000", "investmentIncomeNet": "None", "netInterestIncome": "None", "interestIncome": "None", "interestExpense": "64000000", "nonInterestIncome": "None", "otherNonOperatingIncome": "-75000000", "depreciation": "None", "depreciationAndAmortization": "144000000", "incomeBeforeTax": "134000000", "incomeTaxExpense": "4000000", "interestAndDebtExpense": "None", "netIncomeFromContinuingOperations": "-26000000", "comprehensiveIncomeNetOfTax": "None", "ebit": "269000000", "ebitda": "413000000", "netIncome": "128000000"}, {"fiscalDateEnding": "2016-09-30", "reportedCurrency": "USD", "grossProfit": "621000000", "totalRevenue": "2287000000", "costOfRevenue": "1666000000", "costofGoodsAndServicesSold": "1666000000", "operatingIncome": "356000000", "sellingGeneralAndAdministrative": "181000000", "researchAndDevelopment": "54000000", "operatingExpenses": "235000000", "investmentIncomeNet": "None", "netInterestIncome": "None", "interestIncome": "None", "interestExpense": "64000000", "nonInterestIncome": "None", "otherNonOperatingIncome": "-3000000", "depreciation": "None", "depreciationAndAmortization": "145000000", "incomeBeforeTax": "289000000", "incomeTaxExpense": "56000000", "interestAndDebtExpense": "None", "netIncomeFromContinuingOperations": "233000000", "comprehensiveIncomeNetOfTax": "None", "ebit": "386000000", "ebitda": "531000000", "netIncome": "232000000"}, {"fiscalDateEnding": "2016-06-30", "reportedCurrency": "USD", "grossProfit": "605000000", "totalRevenue": "2297000000", "costOfRevenue": "1692000000", "costofGoodsAndServicesSold": "1692000000", "operatingIncome": "376000000", "sellingGeneralAndAdministrative": "174000000", "researchAndDevelopment": "55000000", "operatingExpenses": "229000000", "investmentIncomeNet": "None", "netInterestIncome": "None", "interestIncome": "None", "interestExpense": "63000000", "nonInterestIncome": "None", "otherNonOperatingIncome": "11000000", "depreciation": "None", "depreciationAndAmortization": "144000000", "incomeBeforeTax": "324000000", "incomeTaxExpense": "67000000", "interestAndDebtExpense": "None", "netIncomeFromContinuingOperations": "257000000", "comprehensiveIncomeNetOfTax": "None", "ebit": "376000000", "ebitda": "520000000", "netIncome": "255000000"}, {"fiscalDateEnding": "2016-03-31", "reportedCurrency": "USD", "grossProfit": "634000000", "totalRevenue": "2236000000", "costOfRevenue": "1602000000", "costofGoodsAndServicesSold": "1602000000", "operatingIncome": "399000000", "sellingGeneralAndAdministrative": "183000000", "researchAndDevelopment": "54000000", "operatingExpenses": "237000000", "investmentIncomeNet": "None", "netInterestIncome": "None", "interestIncome": "None", "interestExpense": "64000000", "nonInterestIncome": "None", "otherNonOperatingIncome": "-12000000", "depreciation": "None", "depreciationAndAmortization": "147000000", "incomeBeforeTax": "323000000", "incomeTaxExpense": "72000000", "interestAndDebtExpense": "None", "netIncomeFromContinuingOperations": "395000000", "comprehensiveIncomeNetOfTax": "None", "ebit": "406000000", "ebitda": "553000000", "netIncome": "251000000"}, {"fiscalDateEnding": "2015-12-31", "reportedCurrency": "USD", "grossProfit": "509000000", "totalRevenue": "2225000000", "costOfRevenue": "1716000000", "costofGoodsAndServicesSold": "1716000000", "operatingIncome": "172000000", "sellingGeneralAndAdministrative": "210000000", "researchAndDevelopment": "74000000", "operatingExpenses": "284000000", "investmentIncomeNet": "None", "netInterestIncome": "None", "interestIncome": "None", "interestExpense": "65000000", "nonInterestIncome": "None", "otherNonOperatingIncome": "10000000", "depreciation": "None", "depreciationAndAmortization": "142000000", "incomeBeforeTax": "117000000", "incomeTaxExpense": "-8000000", "interestAndDebtExpense": "None", "netIncomeFromContinuingOperations": "-43000000", "comprehensiveIncomeNetOfTax": "None", "ebit": "228000000", "ebitda": "370000000", "netIncome": "124000000"}, {"fiscalDateEnding": "2015-09-30", "reportedCurrency": "USD", "grossProfit": "695000000", "totalRevenue": "2447000000", "costOfRevenue": "1752000000", "costofGoodsAndServicesSold": "1752000000", "operatingIncome": "432000000", "sellingGeneralAndAdministrative": "178000000", "researchAndDevelopment": "64000000", "operatingExpenses": "242000000", "investmentIncomeNet": "None", "netInterestIncome": "None", "interestIncome": "None", "interestExpense": "66000000", "nonInterestIncome": "None", "otherNonOperatingIncome": "-13000000", "depreciation": "None", "depreciationAndAmortization": "142000000", "incomeBeforeTax": "353000000", "incomeTaxExpense": "95000000", "interestAndDebtExpense": "None", "netIncomeFromContinuingOperations": "258000000", "comprehensiveIncomeNetOfTax": "None", "ebit": "459000000", "ebitda": "601000000", "netIncome": "256000000"}, {"fiscalDateEnding": "2015-06-30", "reportedCurrency": "USD", "grossProfit": "720000000", "totalRevenue": "2533000000", "costOfRevenue": "1813000000", "costofGoodsAndServicesSold": "1813000000", "operatingIncome": "469000000", "sellingGeneralAndAdministrative": "194000000", "researchAndDevelopment": "57000000", "operatingExpenses": "251000000", "investmentIncomeNet": "None", "netInterestIncome": "None", "interestIncome": "None", "interestExpense": "66000000", "nonInterestIncome": "None", "otherNonOperatingIncome": "None", "depreciation": "None", "depreciationAndAmortization": "142000000", "incomeBeforeTax": "403000000", "incomeTaxExpense": "104000000", "interestAndDebtExpense": "None", "netIncomeFromContinuingOperations": "299000000", "comprehensiveIncomeNetOfTax": "None", "ebit": "480000000", "ebitda": "622000000", "netIncome": "297000000"}, {"fiscalDateEnding": "2015-03-31", "reportedCurrency": "USD", "grossProfit": "656000000", "totalRevenue": "2443000000", "costOfRevenue": "1787000000", "costofGoodsAndServicesSold": "1787000000", "operatingIncome": "311000000", "sellingGeneralAndAdministrative": "180000000", "researchAndDevelopment": "56000000", "operatingExpenses": "236000000", "investmentIncomeNet": "None", "netInterestIncome": "None", "interestIncome": "None", "interestExpense": "66000000", "nonInterestIncome": "None", "otherNonOperatingIncome": "11000000", "depreciation": "None", "depreciationAndAmortization": "145000000", "incomeBeforeTax": "256000000", "incomeTaxExpense": "84000000", "interestAndDebtExpense": "None", "netIncomeFromContinuingOperations": "340000000", "comprehensiveIncomeNetOfTax": "None", "ebit": "435000000", "ebitda": "580000000", "netIncome": "171000000"}, {"fiscalDateEnding": "2014-12-31", "reportedCurrency": "USD", "grossProfit": "333000000", "totalRevenue": "2349000000", "costOfRevenue": "2016000000", "costofGoodsAndServicesSold": "2016000000", "operatingIncome": "27000000", "sellingGeneralAndAdministrative": "244000000", "researchAndDevelopment": "62000000", "operatingExpenses": "306000000", "investmentIncomeNet": "None", "netInterestIncome": "None", "interestIncome": "None", "interestExpense": "55000000", "nonInterestIncome": "None", "otherNonOperatingIncome": "-1000000", "depreciation": "None", "depreciationAndAmortization": "122000000", "incomeBeforeTax": "-29000000", "incomeTaxExpense": "-46000000", "interestAndDebtExpense": "None", "netIncomeFromContinuingOperations": "-159000000", "comprehensiveIncomeNetOfTax": "None", "ebit": "31000000", "ebitda": "153000000", "netIncome": "16000000"}, {"fiscalDateEnding": "2014-09-30", "reportedCurrency": "USD", "grossProfit": "636000000", "totalRevenue": "2413000000", "costOfRevenue": "1777000000", "costofGoodsAndServicesSold": "1777000000", "operatingIncome": "338000000", "sellingGeneralAndAdministrative": "171000000", "researchAndDevelopment": "56000000", "operatingExpenses": "227000000", "investmentIncomeNet": "None", "netInterestIncome": "None", "interestIncome": "None", "interestExpense": "45000000", "nonInterestIncome": "None", "otherNonOperatingIncome": "5000000", "depreciation": "None", "depreciationAndAmortization": "111000000", "incomeBeforeTax": "298000000", "incomeTaxExpense": "86000000", "interestAndDebtExpense": "None", "netIncomeFromContinuingOperations": "212000000", "comprehensiveIncomeNetOfTax": "None", "ebit": "427000000", "ebitda": "538000000", "netIncome": "210000000"}, {"fiscalDateEnding": "2014-06-30", "reportedCurrency": "USD", "grossProfit": "657000000", "totalRevenue": "2460000000", "costOfRevenue": "1803000000", "costofGoodsAndServicesSold": "1803000000", "operatingIncome": "436000000", "sellingGeneralAndAdministrative": "172000000", "researchAndDevelopment": "56000000", "operatingExpenses": "228000000", "investmentIncomeNet": "None", "netInterestIncome": "None", "interestIncome": "None", "interestExpense": "45000000", "nonInterestIncome": "None", "otherNonOperatingIncome": "8000000", "depreciation": "None", "depreciationAndAmortization": "110000000", "incomeBeforeTax": "399000000", "incomeTaxExpense": "107000000", "interestAndDebtExpense": "None", "netIncomeFromContinuingOperations": "292000000", "comprehensiveIncomeNetOfTax": "None", "ebit": "441000000", "ebitda": "551000000", "netIncome": "292000000"}, {"fiscalDateEnding": "2014-03-31", "reportedCurrency": "USD", "grossProfit": "595000000", "totalRevenue": "2305000000", "costOfRevenue": "1710000000", "costofGoodsAndServicesSold": "1710000000", "operatingIncome": "361000000", "sellingGeneralAndAdministrative": "168000000", "researchAndDevelopment": "53000000", "operatingExpenses": "221000000", "investmentIncomeNet": "None", "netInterestIncome": "None", "interestIncome": "None", "interestExpense": "42000000", "nonInterestIncome": "None", "otherNonOperatingIncome": "3000000", "depreciation": "None", "depreciationAndAmortization": "107000000", "incomeBeforeTax": "322000000", "incomeTaxExpense": "88000000", "interestAndDebtExpense": "None", "netIncomeFromContinuingOperations": "410000000", "comprehensiveIncomeNetOfTax": "None", "ebit": "383000000", "ebitda": "490000000", "netIncome": "233000000"}, {"fiscalDateEnding": "2013-12-31", "reportedCurrency": "USD", "grossProfit": "794000000", "totalRevenue": "2265000000", "costOfRevenue": "1471000000", "costofGoodsAndServicesSold": "1471000000", "operatingIncome": "562000000", "sellingGeneralAndAdministrative": "135000000", "researchAndDevelopment": "45000000", "operatingExpenses": "180000000", "investmentIncomeNet": "None", "netInterestIncome": "None", "interestIncome": "None", "interestExpense": "43000000", "nonInterestIncome": "None", "otherNonOperatingIncome": "-1000000", "depreciation": "None", "depreciationAndAmortization": "107000000", "incomeBeforeTax": "518000000", "incomeTaxExpense": "169000000", "interestAndDebtExpense": "None", "netIncomeFromContinuingOperations": "349000000", "comprehensiveIncomeNetOfTax": "None", "ebit": "563000000", "ebitda": "670000000", "netIncome": "346000000"}, {"fiscalDateEnding": "2013-09-30", "reportedCurrency": "USD", "grossProfit": "689000000", "totalRevenue": "2338000000", "costOfRevenue": "1649000000", "costofGoodsAndServicesSold": "1649000000", "operatingIncome": "479000000", "sellingGeneralAndAdministrative": "159000000", "researchAndDevelopment": "48000000", "operatingExpenses": "207000000", "investmentIncomeNet": "None", "netInterestIncome": "None", "interestIncome": "None", "interestExpense": "44000000", "nonInterestIncome": "None", "otherNonOperatingIncome": "-1000000", "depreciation": "None", "depreciationAndAmortization": "108000000", "incomeBeforeTax": "434000000", "incomeTaxExpense": "125000000", "interestAndDebtExpense": "None", "netIncomeFromContinuingOperations": "309000000", "comprehensiveIncomeNetOfTax": "None", "ebit": "491000000", "ebitda": "599000000", "netIncome": "308000000"}, {"fiscalDateEnding": "2013-06-30", "reportedCurrency": "USD", "grossProfit": "677000000", "totalRevenue": "2440000000", "costOfRevenue": "1763000000", "costofGoodsAndServicesSold": "1763000000", "operatingIncome": "428000000", "sellingGeneralAndAdministrative": "180000000", "researchAndDevelopment": "51000000", "operatingExpenses": "231000000", "investmentIncomeNet": "None", "netInterestIncome": "None", "interestIncome": "None", "interestExpense": "46000000", "nonInterestIncome": "None", "otherNonOperatingIncome": "None", "depreciation": "None", "depreciationAndAmortization": "108000000", "incomeBeforeTax": "382000000", "incomeTaxExpense": "116000000", "interestAndDebtExpense": "None", "netIncomeFromContinuingOperations": "266000000", "comprehensiveIncomeNetOfTax": "None", "ebit": "429000000", "ebitda": "537000000", "netIncome": "264000000"}, {"fiscalDateEnding": "2013-03-31", "reportedCurrency": "USD", "grossProfit": "616000000", "totalRevenue": "2307000000", "costOfRevenue": "1691000000", "costofGoodsAndServicesSold": "1691000000", "operatingIncome": "393000000", "sellingGeneralAndAdministrative": "171000000", "researchAndDevelopment": "49000000", "operatingExpenses": "220000000", "investmentIncomeNet": "None", "netInterestIncome": "None", "interestIncome": "None", "interestExpense": "47000000", "nonInterestIncome": "None", "otherNonOperatingIncome": "-1000000", "depreciation": "None", "depreciationAndAmortization": "110000000", "incomeBeforeTax": "345000000", "incomeTaxExpense": "97000000", "interestAndDebtExpense": "None", "netIncomeFromContinuingOperations": "248000000", "comprehensiveIncomeNetOfTax": "None", "ebit": "403000000", "ebitda": "513000000", "netIncome": "247000000"}, {"fiscalDateEnding": "2012-12-31", "reportedCurrency": "USD", "grossProfit": "325000000", "totalRevenue": "2169000000", "costOfRevenue": "1844000000", "costofGoodsAndServicesSold": "1844000000", "operatingIncome": "-44000000", "sellingGeneralAndAdministrative": "224000000", "researchAndDevelopment": "62000000", "operatingExpenses": "286000000", "investmentIncomeNet": "None", "netInterestIncome": "None", "interestIncome": "None", "interestExpense": "48000000", "nonInterestIncome": "None", "otherNonOperatingIncome": "11000000", "depreciation": "None", "depreciationAndAmortization": "108000000", "incomeBeforeTax": "-86000000", "incomeTaxExpense": "-34000000", "interestAndDebtExpense": "None", "netIncomeFromContinuingOperations": "-47000000", "comprehensiveIncomeNetOfTax": "None", "ebit": "-33000000", "ebitda": "75000000", "netIncome": "-54000000"}, {"fiscalDateEnding": "2012-09-30", "reportedCurrency": "USD", "grossProfit": "525000000", "totalRevenue": "2259000000", "costOfRevenue": "1734000000", "costofGoodsAndServicesSold": "1734000000", "operatingIncome": "263000000", "sellingGeneralAndAdministrative": "173000000", "researchAndDevelopment": "52000000", "operatingExpenses": "262000000", "investmentIncomeNet": "None", "netInterestIncome": "None", "interestIncome": "None", "interestExpense": "48000000", "nonInterestIncome": "None", "otherNonOperatingIncome": "3000000", "depreciation": "None", "depreciationAndAmortization": "112000000", "incomeBeforeTax": "218000000", "incomeTaxExpense": "64000000", "interestAndDebtExpense": "None", "netIncomeFromContinuingOperations": "154000000", "comprehensiveIncomeNetOfTax": "None", "ebit": "271000000", "ebitda": "383000000", "netIncome": "154000000"}, {"fiscalDateEnding": "2012-06-30", "reportedCurrency": "USD", "grossProfit": "481000000", "totalRevenue": "1853000000", "costOfRevenue": "1372000000", "costofGoodsAndServicesSold": "1372000000", "operatingIncome": "317000000", "sellingGeneralAndAdministrative": "121000000", "researchAndDevelopment": "43000000", "operatingExpenses": "164000000", "investmentIncomeNet": "None", "netInterestIncome": "None", "interestIncome": "None", "interestExpense": "28000000", "nonInterestIncome": "None", "otherNonOperatingIncome": "-21000000", "depreciation": "None", "depreciationAndAmortization": "71000000", "incomeBeforeTax": "268000000", "incomeTaxExpense": "91000000", "interestAndDebtExpense": "None", "netIncomeFromContinuingOperations": "177000000", "comprehensiveIncomeNetOfTax": "None", "ebit": "227000000", "ebitda": "298000000", "netIncome": "179000000"}, {"fiscalDateEnding": "2012-03-31", "reportedCurrency": "USD", "grossProfit": "431000000", "totalRevenue": "1821000000", "costOfRevenue": "1390000000", "costofGoodsAndServicesSold": "1390000000", "operatingIncome": "264000000", "sellingGeneralAndAdministrative": "126000000", "researchAndDevelopment": "41000000", "operatingExpenses": "167000000", "investmentIncomeNet": "None", "netInterestIncome": "None", "interestIncome": "None", "interestExpense": "19000000", "nonInterestIncome": "None", "otherNonOperatingIncome": "-1000000", "depreciation": "None", "depreciationAndAmortization": "69000000", "incomeBeforeTax": "244000000", "incomeTaxExpense": "85000000", "interestAndDebtExpense": "None", "netIncomeFromContinuingOperations": "159000000", "comprehensiveIncomeNetOfTax": "None", "ebit": "266000000", "ebitda": "335000000", "netIncome": "158000000"}, {"fiscalDateEnding": "2011-12-31", "reportedCurrency": "USD", "grossProfit": "324000000", "totalRevenue": "1723000000", "costOfRevenue": "1399000000", "costofGoodsAndServicesSold": "1399000000", "operatingIncome": "163000000", "sellingGeneralAndAdministrative": "119000000", "researchAndDevelopment": "42000000", "operatingExpenses": "169000000", "investmentIncomeNet": "None", "netInterestIncome": "None", "interestIncome": "None", "interestExpense": "14000000", "nonInterestIncome": "None", "otherNonOperatingIncome": "5000000", "depreciation": "None", "depreciationAndAmortization": "69000000", "incomeBeforeTax": "149000000", "incomeTaxExpense": "49000000", "interestAndDebtExpense": "None", "netIncomeFromContinuingOperations": "100000000", "comprehensiveIncomeNetOfTax": "None", "ebit": "-110000000", "ebitda": "-41000000", "netIncome": "100000000"}, {"fiscalDateEnding": "2011-09-30", "reportedCurrency": "USD", "grossProfit": "420000000", "totalRevenue": "1812000000", "costOfRevenue": "1392000000", "costofGoodsAndServicesSold": "1392000000", "operatingIncome": "256000000", "sellingGeneralAndAdministrative": "116000000", "researchAndDevelopment": "41000000", "operatingExpenses": "164000000", "investmentIncomeNet": "None", "netInterestIncome": "None", "interestIncome": "None", "interestExpense": "20000000", "nonInterestIncome": "None", "otherNonOperatingIncome": "2000000", "depreciation": "None", "depreciationAndAmortization": "69000000", "incomeBeforeTax": "238000000", "incomeTaxExpense": "73000000", "interestAndDebtExpense": "None", "netIncomeFromContinuingOperations": "165000000", "comprehensiveIncomeNetOfTax": "None", "ebit": "275000000", "ebitda": "344000000", "netIncome": "165000000"}, {"fiscalDateEnding": "2011-06-30", "reportedCurrency": "USD", "grossProfit": "463000000", "totalRevenue": "1885000000", "costOfRevenue": "1422000000", "costofGoodsAndServicesSold": "1422000000", "operatingIncome": "318000000", "sellingGeneralAndAdministrative": "121000000", "researchAndDevelopment": "39000000", "operatingExpenses": "145000000", "investmentIncomeNet": "None", "netInterestIncome": "None", "interestIncome": "None", "interestExpense": "18000000", "nonInterestIncome": "None", "otherNonOperatingIncome": "6000000", "depreciation": "None", "depreciationAndAmortization": "67000000", "incomeBeforeTax": "306000000", "incomeTaxExpense": "96000000", "interestAndDebtExpense": "None", "netIncomeFromContinuingOperations": "210000000", "comprehensiveIncomeNetOfTax": "None", "ebit": "318000000", "ebitda": "385000000", "netIncome": "211000000"}, {"fiscalDateEnding": "2011-03-31", "reportedCurrency": "USD", "grossProfit": "433000000", "totalRevenue": "1758000000", "costOfRevenue": "1325000000", "costofGoodsAndServicesSold": "1325000000", "operatingIncome": "284000000", "sellingGeneralAndAdministrative": "113000000", "researchAndDevelopment": "36000000", "operatingExpenses": "149000000", "investmentIncomeNet": "None", "netInterestIncome": "None", "interestIncome": "None", "interestExpense": "19000000", "nonInterestIncome": "None", "otherNonOperatingIncome": "6000000", "depreciation": "None", "depreciationAndAmortization": "68000000", "incomeBeforeTax": "271000000", "incomeTaxExpense": "89000000", "interestAndDebtExpense": "None", "netIncomeFromContinuingOperations": "182000000", "comprehensiveIncomeNetOfTax": "None", "ebit": "322000000", "ebitda": "390000000", "netIncome": "220000000"}, {"fiscalDateEnding": "2010-12-31", "reportedCurrency": "USD", "grossProfit": "304000000", "totalRevenue": "825000000", "costOfRevenue": "521000000", "costofGoodsAndServicesSold": "521000000", "operatingIncome": "143000000", "sellingGeneralAndAdministrative": "98000000", "researchAndDevelopment": "37000000", "operatingExpenses": "135000000", "investmentIncomeNet": "None", "netInterestIncome": "None", "interestIncome": "None", "interestExpense": "24000000", "nonInterestIncome": "None", "otherNonOperatingIncome": "-116000000", "depreciation": "None", "depreciationAndAmortization": "68000000", "incomeBeforeTax": "3000000", "incomeTaxExpense": "-3000000", "interestAndDebtExpense": "None", "netIncomeFromContinuingOperations": "6000000", "comprehensiveIncomeNetOfTax": "None", "ebit": "27000000", "ebitda": "95000000", "netIncome": "19000000"}, {"fiscalDateEnding": "2010-09-30", "reportedCurrency": "USD", "grossProfit": "445000000", "totalRevenue": "1729000000", "costOfRevenue": "1284000000", "costofGoodsAndServicesSold": "1284000000", "operatingIncome": "280000000", "sellingGeneralAndAdministrative": "122000000", "researchAndDevelopment": "43000000", "operatingExpenses": "165000000", "investmentIncomeNet": "None", "netInterestIncome": "None", "interestIncome": "None", "interestExpense": "25000000", "nonInterestIncome": "None", "otherNonOperatingIncome": "3000000", "depreciation": "None", "depreciationAndAmortization": "73000000", "incomeBeforeTax": "258000000", "incomeTaxExpense": "88000000", "interestAndDebtExpense": "None", "netIncomeFromContinuingOperations": "170000000", "comprehensiveIncomeNetOfTax": "None", "ebit": "270000000", "ebitda": "343000000", "netIncome": "170000000"}, {"fiscalDateEnding": "2010-06-30", "reportedCurrency": "USD", "grossProfit": "404000000", "totalRevenue": "1724000000", "costOfRevenue": "1320000000", "costofGoodsAndServicesSold": "1320000000", "operatingIncome": "257000000", "sellingGeneralAndAdministrative": "108000000", "researchAndDevelopment": "36000000", "operatingExpenses": "144000000", "investmentIncomeNet": "None", "netInterestIncome": "None", "interestIncome": "None", "interestExpense": "25000000", "nonInterestIncome": "None", "otherNonOperatingIncome": "-8000000", "depreciation": "None", "depreciationAndAmortization": "70000000", "incomeBeforeTax": "224000000", "incomeTaxExpense": "76000000", "interestAndDebtExpense": "None", "netIncomeFromContinuingOperations": "148000000", "comprehensiveIncomeNetOfTax": "None", "ebit": "241000000", "ebitda": "311000000", "netIncome": "148000000"}, {"fiscalDateEnding": "2010-03-31", "reportedCurrency": "USD", "grossProfit": "321000000", "totalRevenue": "1564000000", "costOfRevenue": "1243000000", "costofGoodsAndServicesSold": "1243000000", "operatingIncome": "182000000", "sellingGeneralAndAdministrative": "103000000", "researchAndDevelopment": "36000000", "operatingExpenses": "139000000", "investmentIncomeNet": "None", "netInterestIncome": "None", "interestIncome": "None", "interestExpense": "25000000", "nonInterestIncome": "None", "otherNonOperatingIncome": "-6000000", "depreciation": "None", "depreciationAndAmortization": "69000000", "incomeBeforeTax": "151000000", "incomeTaxExpense": "50000000", "interestAndDebtExpense": "None", "netIncomeFromContinuingOperations": "101000000", "comprehensiveIncomeNetOfTax": "None", "ebit": "183000000", "ebitda": "252000000", "netIncome": "101000000"}, {"fiscalDateEnding": "2009-12-31", "reportedCurrency": "USD", "grossProfit": "286000000", "totalRevenue": "1328000000", "costOfRevenue": "1042000000", "costofGoodsAndServicesSold": "1042000000", "operatingIncome": "-30000000", "sellingGeneralAndAdministrative": "103000000", "researchAndDevelopment": "36000000", "operatingExpenses": "139000000", "investmentIncomeNet": "None", "netInterestIncome": "None", "interestIncome": "None", "interestExpense": "20000000", "nonInterestIncome": "None", "otherNonOperatingIncome": "None", "depreciation": "None", "depreciationAndAmortization": "71000000", "incomeBeforeTax": "-52000000", "incomeTaxExpense": "-20000000", "interestAndDebtExpense": "None", "netIncomeFromContinuingOperations": "0", "comprehensiveIncomeNetOfTax": "None", "ebit": "-32000000", "ebitda": "39000000", "netIncome": "-32000000"}, {"fiscalDateEnding": "2009-09-30", "reportedCurrency": "USD", "grossProfit": "328000000", "totalRevenue": "1337000000", "costOfRevenue": "1009000000", "costofGoodsAndServicesSold": "1009000000", "operatingIncome": "191000000", "sellingGeneralAndAdministrative": "104000000", "researchAndDevelopment": "33000000", "operatingExpenses": "137000000", "investmentIncomeNet": "None", "netInterestIncome": "None", "interestIncome": "None", "interestExpense": "19000000", "nonInterestIncome": "None", "otherNonOperatingIncome": "-2000000", "depreciation": "None", "depreciationAndAmortization": "69000000", "incomeBeforeTax": "170000000", "incomeTaxExpense": "69000000", "interestAndDebtExpense": "None", "netIncomeFromContinuingOperations": "101000000", "comprehensiveIncomeNetOfTax": "None", "ebit": "189000000", "ebitda": "258000000", "netIncome": "101000000"}, {"fiscalDateEnding": "2009-06-30", "reportedCurrency": "USD", "grossProfit": "260000000", "totalRevenue": "1253000000", "costOfRevenue": "993000000", "costofGoodsAndServicesSold": "993000000", "operatingIncome": "131000000", "sellingGeneralAndAdministrative": "98000000", "researchAndDevelopment": "34000000", "operatingExpenses": "132000000", "investmentIncomeNet": "None", "netInterestIncome": "None", "interestIncome": "None", "interestExpense": "22000000", "nonInterestIncome": "None", "otherNonOperatingIncome": "None", "depreciation": "None", "depreciationAndAmortization": "67000000", "incomeBeforeTax": "106000000", "incomeTaxExpense": "41000000", "interestAndDebtExpense": "None", "netIncomeFromContinuingOperations": "0", "comprehensiveIncomeNetOfTax": "None", "ebit": "128000000", "ebitda": "195000000", "netIncome": "65000000"}, {"fiscalDateEnding": "2009-03-31", "reportedCurrency": "USD", "grossProfit": "179000000", "totalRevenue": "1129000000", "costOfRevenue": "950000000", "costofGoodsAndServicesSold": "950000000", "operatingIncome": "25000000", "sellingGeneralAndAdministrative": "94000000", "researchAndDevelopment": "34000000", "operatingExpenses": "128000000", "investmentIncomeNet": "None", "netInterestIncome": "None", "interestIncome": "None", "interestExpense": "19000000", "nonInterestIncome": "None", "otherNonOperatingIncome": "None", "depreciation": "None", "depreciationAndAmortization": "67000000", "incomeBeforeTax": "2000000", "incomeTaxExpense": "19000000", "interestAndDebtExpense": "None", "netIncomeFromContinuingOperations": "0", "comprehensiveIncomeNetOfTax": "None", "ebit": "21000000", "ebitda": "88000000", "netIncome": "2000000"}, {"fiscalDateEnding": "2008-12-31", "reportedCurrency": "USD", "grossProfit": "146000000", "totalRevenue": "1346000000", "costOfRevenue": "1200000000", "costofGoodsAndServicesSold": "1200000000", "operatingIncome": "5000000", "sellingGeneralAndAdministrative": "95000000", "researchAndDevelopment": "38000000", "operatingExpenses": "163000000", "investmentIncomeNet": "None", "netInterestIncome": "None", "interestIncome": "None", "interestExpense": "70000000", "nonInterestIncome": "None", "otherNonOperatingIncome": "None", "depreciation": "None", "depreciationAndAmortization": "68000000", "incomeBeforeTax": "-25000000", "incomeTaxExpense": "-23000000", "interestAndDebtExpense": "None", "netIncomeFromContinuingOperations": "0", "comprehensiveIncomeNetOfTax": "None", "ebit": "-17000000", "ebitda": "51000000", "netIncome": "-2000000"}, {"fiscalDateEnding": "2008-09-30", "reportedCurrency": "USD", "grossProfit": "322000000", "totalRevenue": "1819000000", "costOfRevenue": "1497000000", "costofGoodsAndServicesSold": "1497000000", "operatingIncome": "174000000", "sellingGeneralAndAdministrative": "107000000", "researchAndDevelopment": "39000000", "operatingExpenses": "148000000", "investmentIncomeNet": "None", "netInterestIncome": "None", "interestIncome": "None", "interestExpense": "19000000", "nonInterestIncome": "None", "otherNonOperatingIncome": "None", "depreciation": "None", "depreciationAndAmortization": "67000000", "incomeBeforeTax": "148000000", "incomeTaxExpense": "48000000", "interestAndDebtExpense": "None", "netIncomeFromContinuingOperations": "0", "comprehensiveIncomeNetOfTax": "None", "ebit": "167000000", "ebitda": "234000000", "netIncome": "100000000"}, {"fiscalDateEnding": "2008-06-30", "reportedCurrency": "USD", "grossProfit": "321000000", "totalRevenue": "1834000000", "costOfRevenue": "1513000000", "costofGoodsAndServicesSold": "1513000000", "operatingIncome": "172000000", "sellingGeneralAndAdministrative": "107000000", "researchAndDevelopment": "39000000", "operatingExpenses": "149000000", "investmentIncomeNet": "None", "netInterestIncome": "None", "interestIncome": "None", "interestExpense": "28000000", "nonInterestIncome": "None", "otherNonOperatingIncome": "None", "depreciation": "None", "depreciationAndAmortization": "67000000", "incomeBeforeTax": "153000000", "incomeTaxExpense": "38000000", "interestAndDebtExpense": "None", "netIncomeFromContinuingOperations": "0", "comprehensiveIncomeNetOfTax": "None", "ebit": "105000000", "ebitda": "172000000", "netIncome": "115000000"}, {"fiscalDateEnding": "2008-03-31", "reportedCurrency": "USD", "grossProfit": "337000000", "totalRevenue": "1727000000", "costOfRevenue": "1390000000", "costofGoodsAndServicesSold": "1390000000", "operatingIncome": "168000000", "sellingGeneralAndAdministrative": "110000000", "researchAndDevelopment": "42000000", "operatingExpenses": "152000000", "investmentIncomeNet": "None", "netInterestIncome": "None", "interestIncome": "None", "interestExpense": "16000000", "nonInterestIncome": "None", "otherNonOperatingIncome": "None", "depreciation": "None", "depreciationAndAmortization": "65000000", "incomeBeforeTax": "153000000", "incomeTaxExpense": "38000000", "interestAndDebtExpense": "None", "netIncomeFromContinuingOperations": "0", "comprehensiveIncomeNetOfTax": "None", "ebit": "185000000", "ebitda": "250000000", "netIncome": "133000000"}, {"fiscalDateEnding": "2007-12-31", "reportedCurrency": "USD", "grossProfit": "269000000", "totalRevenue": "1327000000", "costOfRevenue": "1058000000", "costofGoodsAndServicesSold": "1058000000", "operatingIncome": "161000000", "sellingGeneralAndAdministrative": "99000000", "researchAndDevelopment": "40000000", "operatingExpenses": "118000000", "investmentIncomeNet": "None", "netInterestIncome": "None", "interestIncome": "None", "interestExpense": "62000000", "nonInterestIncome": "None", "otherNonOperatingIncome": "None", "depreciation": "None", "depreciationAndAmortization": "80000000", "incomeBeforeTax": "162000000", "incomeTaxExpense": "43000000", "interestAndDebtExpense": "None", "netIncomeFromContinuingOperations": "0", "comprehensiveIncomeNetOfTax": "None", "ebit": "151000000", "ebitda": "231000000", "netIncome": "98000000"}, {"fiscalDateEnding": "2007-09-30", "reportedCurrency": "USD", "grossProfit": "310000000", "totalRevenue": "1813000000", "costOfRevenue": "1503000000", "costofGoodsAndServicesSold": "1503000000", "operatingIncome": "40000000", "sellingGeneralAndAdministrative": "107000000", "researchAndDevelopment": "43000000", "operatingExpenses": "270000000", "investmentIncomeNet": "None", "netInterestIncome": "None", "interestIncome": "None", "interestExpense": "30000000", "nonInterestIncome": "None", "otherNonOperatingIncome": "None", "depreciation": "None", "depreciationAndAmortization": "78000000", "incomeBeforeTax": "32000000", "incomeTaxExpense": "12000000", "interestAndDebtExpense": "None", "netIncomeFromContinuingOperations": "0", "comprehensiveIncomeNetOfTax": "None", "ebit": "46000000", "ebitda": "124000000", "netIncome": "20000000"}, {"fiscalDateEnding": "2007-06-30", "reportedCurrency": "USD", "grossProfit": "320000000", "totalRevenue": "1895000000", "costOfRevenue": "1575000000", "costofGoodsAndServicesSold": "1575000000", "operatingIncome": "168000000", "sellingGeneralAndAdministrative": "113000000", "researchAndDevelopment": "37000000", "operatingExpenses": "152000000", "investmentIncomeNet": "None", "netInterestIncome": "None", "interestIncome": "None", "interestExpense": "28000000", "nonInterestIncome": "None", "otherNonOperatingIncome": "None", "depreciation": "None", "depreciationAndAmortization": "85000000", "incomeBeforeTax": "156000000", "incomeTaxExpense": "51000000", "interestAndDebtExpense": "None", "netIncomeFromContinuingOperations": "0", "comprehensiveIncomeNetOfTax": "None", "ebit": "83000000", "ebitda": "168000000", "netIncome": "105000000"}, {"fiscalDateEnding": "2007-03-31", "reportedCurrency": "USD", "grossProfit": "293000000", "totalRevenue": "1795000000", "costOfRevenue": "1502000000", "costofGoodsAndServicesSold": "1502000000", "operatingIncome": "135000000", "sellingGeneralAndAdministrative": "101000000", "researchAndDevelopment": "36000000", "operatingExpenses": "137000000", "investmentIncomeNet": "None", "netInterestIncome": "None", "interestIncome": "None", "interestExpense": "18000000", "nonInterestIncome": "None", "otherNonOperatingIncome": "None", "depreciation": "None", "depreciationAndAmortization": "84000000", "incomeBeforeTax": "120000000", "incomeTaxExpense": "43000000", "interestAndDebtExpense": "None", "netIncomeFromContinuingOperations": "0", "comprehensiveIncomeNetOfTax": "None", "ebit": "154000000", "ebitda": "238000000", "netIncome": "77000000"}, {"fiscalDateEnding": "2006-12-31", "reportedCurrency": "USD", "grossProfit": "280000000", "totalRevenue": "1752000000", "costOfRevenue": "1472000000", "costofGoodsAndServicesSold": "1472000000", "operatingIncome": "108000000", "sellingGeneralAndAdministrative": "121000000", "researchAndDevelopment": "41000000", "operatingExpenses": "195000000", "investmentIncomeNet": "None", "netInterestIncome": "None", "interestIncome": "None", "interestExpense": "80000000", "nonInterestIncome": "None", "otherNonOperatingIncome": "None", "depreciation": "None", "depreciationAndAmortization": "82000000", "incomeBeforeTax": "104000000", "incomeTaxExpense": "9000000", "interestAndDebtExpense": "None", "netIncomeFromContinuingOperations": "0", "comprehensiveIncomeNetOfTax": "None", "ebit": "85000000", "ebitda": "167000000", "netIncome": "95000000"}, {"fiscalDateEnding": "2006-09-30", "reportedCurrency": "USD", "grossProfit": "316000000", "totalRevenue": "1966000000", "costOfRevenue": "1650000000", "costofGoodsAndServicesSold": "1650000000", "operatingIncome": "158000000", "sellingGeneralAndAdministrative": "105000000", "researchAndDevelopment": "40000000", "operatingExpenses": "145000000", "investmentIncomeNet": "None", "netInterestIncome": "None", "interestIncome": "None", "interestExpense": "28000000", "nonInterestIncome": "None", "otherNonOperatingIncome": "None", "depreciation": "None", "depreciationAndAmortization": "76000000", "incomeBeforeTax": "136000000", "incomeTaxExpense": "41000000", "interestAndDebtExpense": "None", "netIncomeFromContinuingOperations": "0", "comprehensiveIncomeNetOfTax": "None", "ebit": "82000000", "ebitda": "158000000", "netIncome": "95000000"}, {"fiscalDateEnding": "2006-06-30", "reportedCurrency": "USD", "grossProfit": "350000000", "totalRevenue": "1929000000", "costOfRevenue": "1579000000", "costofGoodsAndServicesSold": "1579000000", "operatingIncome": "190000000", "sellingGeneralAndAdministrative": "113000000", "researchAndDevelopment": "44000000", "operatingExpenses": "157000000", "investmentIncomeNet": "None", "netInterestIncome": "None", "interestIncome": "None", "interestExpense": "28000000", "nonInterestIncome": "None", "otherNonOperatingIncome": "None", "depreciation": "None", "depreciationAndAmortization": "76000000", "incomeBeforeTax": "171000000", "incomeTaxExpense": "57000000", "interestAndDebtExpense": "None", "netIncomeFromContinuingOperations": "0", "comprehensiveIncomeNetOfTax": "None", "ebit": "193000000", "ebitda": "269000000", "netIncome": "114000000"}, {"fiscalDateEnding": "2006-03-31", "reportedCurrency": "USD", "grossProfit": "331000000", "totalRevenue": "1803000000", "costOfRevenue": "1472000000", "costofGoodsAndServicesSold": "1472000000", "operatingIncome": "184000000", "sellingGeneralAndAdministrative": "98000000", "researchAndDevelopment": "42000000", "operatingExpenses": "147000000", "investmentIncomeNet": "None", "netInterestIncome": "None", "interestIncome": "None", "interestExpense": "28000000", "nonInterestIncome": "None", "otherNonOperatingIncome": "None", "depreciation": "None", "depreciationAndAmortization": "74000000", "incomeBeforeTax": "165000000", "incomeTaxExpense": "60000000", "interestAndDebtExpense": "None", "netIncomeFromContinuingOperations": "0", "comprehensiveIncomeNetOfTax": "None", "ebit": "191000000", "ebitda": "265000000", "netIncome": "105000000"}, {"fiscalDateEnding": "2005-12-31", "reportedCurrency": "USD", "grossProfit": "279000000", "totalRevenue": "1729000000", "costOfRevenue": "1450000000", "costofGoodsAndServicesSold": "1450000000", "operatingIncome": "112000000", "sellingGeneralAndAdministrative": "115000000", "researchAndDevelopment": "42000000", "operatingExpenses": "188000000", "investmentIncomeNet": "None", "netInterestIncome": "None", "interestIncome": "None", "interestExpense": "100000000", "nonInterestIncome": "None", "otherNonOperatingIncome": "None", "depreciation": "None", "depreciationAndAmortization": "75000000", "incomeBeforeTax": "85000000", "incomeTaxExpense": "19000000", "interestAndDebtExpense": "None", "netIncomeFromContinuingOperations": "0", "comprehensiveIncomeNetOfTax": "None", "ebit": "91000000", "ebitda": "166000000", "netIncome": "66000000"}, {"fiscalDateEnding": "2005-09-30", "reportedCurrency": "USD", "grossProfit": "352000000", "totalRevenue": "1816000000", "costOfRevenue": "1464000000", "costofGoodsAndServicesSold": "1464000000", "operatingIncome": "198000000", "sellingGeneralAndAdministrative": "108000000", "researchAndDevelopment": "42000000", "operatingExpenses": "150000000", "investmentIncomeNet": "None", "netInterestIncome": "None", "interestIncome": "None", "interestExpense": "27000000", "nonInterestIncome": "None", "otherNonOperatingIncome": "None", "depreciation": "None", "depreciationAndAmortization": "76000000", "incomeBeforeTax": "177000000", "incomeTaxExpense": "54000000", "interestAndDebtExpense": "None", "netIncomeFromContinuingOperations": "0", "comprehensiveIncomeNetOfTax": "None", "ebit": "202000000", "ebitda": "278000000", "netIncome": "123000000"}, {"fiscalDateEnding": "2005-06-30", "reportedCurrency": "USD", "grossProfit": "374000000", "totalRevenue": "1752000000", "costOfRevenue": "1378000000", "costofGoodsAndServicesSold": "1378000000", "operatingIncome": "203000000", "sellingGeneralAndAdministrative": "122000000", "researchAndDevelopment": "39000000", "operatingExpenses": "161000000", "investmentIncomeNet": "None", "netInterestIncome": "None", "interestIncome": "None", "interestExpense": "30000000", "nonInterestIncome": "None", "otherNonOperatingIncome": "None", "depreciation": "None", "depreciationAndAmortization": "77000000", "incomeBeforeTax": "304000000", "incomeTaxExpense": "98000000", "interestAndDebtExpense": "None", "netIncomeFromContinuingOperations": "0", "comprehensiveIncomeNetOfTax": "None", "ebit": "213000000", "ebitda": "290000000", "netIncome": "206000000"}, {"fiscalDateEnding": "2005-03-31", "reportedCurrency": "USD", "grossProfit": "399000000", "totalRevenue": "1762000000", "costOfRevenue": "1363000000", "costofGoodsAndServicesSold": "1363000000", "operatingIncome": "244000000", "sellingGeneralAndAdministrative": "109000000", "researchAndDevelopment": "39000000", "operatingExpenses": "146000000", "investmentIncomeNet": "None", "netInterestIncome": "None", "interestIncome": "None", "interestExpense": "34000000", "nonInterestIncome": "None", "otherNonOperatingIncome": "None", "depreciation": "None", "depreciationAndAmortization": "76000000", "incomeBeforeTax": "217000000", "incomeTaxExpense": "55000000", "interestAndDebtExpense": "None", "netIncomeFromContinuingOperations": "0", "comprehensiveIncomeNetOfTax": "None", "ebit": "244000000", "ebitda": "320000000", "netIncome": "162000000"}, {"fiscalDateEnding": "2004-12-31", "reportedCurrency": "USD", "grossProfit": "216000000", "totalRevenue": "1658000000", "costOfRevenue": "1442000000", "costofGoodsAndServicesSold": "1442000000", "operatingIncome": "46000000", "sellingGeneralAndAdministrative": "121000000", "researchAndDevelopment": "38000000", "operatingExpenses": "152000000", "investmentIncomeNet": "None", "netInterestIncome": "None", "interestIncome": "None", "interestExpense": "115000000", "nonInterestIncome": "None", "otherNonOperatingIncome": "None", "depreciation": "None", "depreciationAndAmortization": "79000000", "incomeBeforeTax": "19000000", "incomeTaxExpense": "-35000000", "interestAndDebtExpense": "None", "netIncomeFromContinuingOperations": "0", "comprehensiveIncomeNetOfTax": "None", "ebit": "64000000", "ebitda": "143000000", "netIncome": "54000000"}]}