{"symbol": "SHW", "annualReports": [{"fiscalDateEnding": "2024-12-31", "reportedCurrency": "USD", "grossProfit": "11195100000", "totalRevenue": "23098500000", "costOfRevenue": "11903400000", "costofGoodsAndServicesSold": "11903400000", "operatingIncome": "3773000000", "sellingGeneralAndAdministrative": "7434500000", "researchAndDevelopment": "None", "operatingExpenses": "7422100000", "investmentIncomeNet": "None", "netInterestIncome": "-420400000", "interestIncome": "11000000", "interestExpense": "415700000", "nonInterestIncome": "None", "otherNonOperatingIncome": "None", "depreciation": "None", "depreciationAndAmortization": "11100000", "incomeBeforeTax": "3451800000", "incomeTaxExpense": "770400000", "interestAndDebtExpense": "None", "netIncomeFromContinuingOperations": "2681400000", "comprehensiveIncomeNetOfTax": "None", "ebit": "3761900000", "ebitda": "3773000000", "netIncome": "2681400000"}, {"fiscalDateEnding": "2023-12-31", "reportedCurrency": "USD", "grossProfit": "10758100000", "totalRevenue": "23051900000", "costOfRevenue": "12293800000", "costofGoodsAndServicesSold": "12293800000", "operatingIncome": "3692700000", "sellingGeneralAndAdministrative": "7049900000", "researchAndDevelopment": "196600000", "operatingExpenses": "7065400000", "investmentIncomeNet": "None", "netInterestIncome": "-407300000", "interestIncome": "25200000", "interestExpense": "417500000", "nonInterestIncome": "None", "otherNonOperatingIncome": "None", "depreciation": "None", "depreciationAndAmortization": "622500000", "incomeBeforeTax": "3109900000", "incomeTaxExpense": "721100000", "interestAndDebtExpense": "None", "netIncomeFromContinuingOperations": "2388800000", "comprehensiveIncomeNetOfTax": "None", "ebit": "3692700000", "ebitda": "3692700000", "netIncome": "2388800000"}, {"fiscalDateEnding": "2022-12-31", "reportedCurrency": "USD", "grossProfit": "9325100000", "totalRevenue": "22148900000", "costOfRevenue": "12823800000", "costofGoodsAndServicesSold": "12823800000", "operatingIncome": "2979400000", "sellingGeneralAndAdministrative": "5989600000", "researchAndDevelopment": "119300000", "operatingExpenses": "6331600000", "investmentIncomeNet": "None", "netInterestIncome": "-382800000", "interestIncome": "55500000", "interestExpense": "390800000", "nonInterestIncome": "None", "otherNonOperatingIncome": "-39000000", "depreciation": "None", "depreciationAndAmortization": "998000000", "incomeBeforeTax": "2573100000", "incomeTaxExpense": "553000000", "interestAndDebtExpense": "None", "netIncomeFromContinuingOperations": "2020100000", "comprehensiveIncomeNetOfTax": "None", "ebit": "2976100000", "ebitda": "3974100000", "netIncome": "2020100000"}, {"fiscalDateEnding": "2021-12-31", "reportedCurrency": "USD", "grossProfit": "8542700000", "totalRevenue": "19944600000", "costOfRevenue": "11401900000", "costofGoodsAndServicesSold": "11401900000", "operatingIncome": "2583300000", "sellingGeneralAndAdministrative": "5674300000", "researchAndDevelopment": "115900000", "operatingExpenses": "5882000000", "investmentIncomeNet": "None", "netInterestIncome": "-329800000", "interestIncome": "8100000", "interestExpense": "334700000", "nonInterestIncome": "None", "otherNonOperatingIncome": "24400000", "depreciation": "None", "depreciationAndAmortization": "973300000", "incomeBeforeTax": "2248600000", "incomeTaxExpense": "384200000", "interestAndDebtExpense": "None", "netIncomeFromContinuingOperations": "1864400000", "comprehensiveIncomeNetOfTax": "None", "ebit": "2593600000", "ebitda": "3566900000", "netIncome": "1864400000"}, {"fiscalDateEnding": "2020-12-31", "reportedCurrency": "USD", "grossProfit": "8682600000", "totalRevenue": "18361700000", "costOfRevenue": "9679100000", "costofGoodsAndServicesSold": "9679100000", "operatingIncome": "2858300000", "sellingGeneralAndAdministrative": "5505600000", "researchAndDevelopment": "97100000", "operatingExpenses": "5791300000", "investmentIncomeNet": "None", "netInterestIncome": "-336800000", "interestIncome": "1200000", "interestExpense": "336800000", "nonInterestIncome": "None", "otherNonOperatingIncome": "-1700000", "depreciation": "None", "depreciationAndAmortization": "999800000", "incomeBeforeTax": "2519200000", "incomeTaxExpense": "488800000", "interestAndDebtExpense": "None", "netIncomeFromContinuingOperations": "2030400000", "comprehensiveIncomeNetOfTax": "None", "ebit": "2870000000", "ebitda": "3869800000", "netIncome": "2030400000"}, {"fiscalDateEnding": "2019-12-31", "reportedCurrency": "USD", "grossProfit": "8036100000", "totalRevenue": "17900800000", "costOfRevenue": "9864700000", "costofGoodsAndServicesSold": "9864700000", "operatingIncome": "2418500000", "sellingGeneralAndAdministrative": "5314000000", "researchAndDevelopment": "103100000", "operatingExpenses": "5587700000", "investmentIncomeNet": "None", "netInterestIncome": "-334100000", "interestIncome": "25900000", "interestExpense": "349300000", "nonInterestIncome": "None", "otherNonOperatingIncome": "9200000", "depreciation": "None", "depreciationAndAmortization": "968700000", "incomeBeforeTax": "1981800000", "incomeTaxExpense": "440500000", "interestAndDebtExpense": "None", "netIncomeFromContinuingOperations": "1541300000", "comprehensiveIncomeNetOfTax": "None", "ebit": "2341800000", "ebitda": "3310500000", "netIncome": "1541300000"}, {"fiscalDateEnding": "2018-12-31", "reportedCurrency": "USD", "grossProfit": "7418562000", "totalRevenue": "17534493000", "costOfRevenue": "10115931000", "costofGoodsAndServicesSold": "10115931000", "operatingIncome": "1862717000", "sellingGeneralAndAdministrative": "4675980000", "researchAndDevelopment": "51922000", "operatingExpenses": "5351892000", "investmentIncomeNet": "None", "netInterestIncome": "-371106000", "interestIncome": "5286000", "interestExpense": "366734000", "nonInterestIncome": "None", "otherNonOperatingIncome": "-14831000", "depreciation": "None", "depreciationAndAmortization": "772578000", "incomeBeforeTax": "1359650000", "incomeTaxExpense": "250904000", "interestAndDebtExpense": "None", "netIncomeFromContinuingOperations": "1108746000", "comprehensiveIncomeNetOfTax": "None", "ebit": "1736042000", "ebitda": "2508620000", "netIncome": "1108746000"}, {"fiscalDateEnding": "2017-12-31", "reportedCurrency": "USD", "grossProfit": "6781211000", "totalRevenue": "14983788000", "costOfRevenue": "8202577000", "costofGoodsAndServicesSold": "8202577000", "operatingIncome": "1793712000", "sellingGeneralAndAdministrative": "4411315000", "researchAndDevelopment": "58474000", "operatingExpenses": "4992179000", "investmentIncomeNet": "None", "netInterestIncome": "-264743000", "interestIncome": "8571000", "interestExpense": "263471000", "nonInterestIncome": "None", "otherNonOperatingIncome": "25545000", "depreciation": "None", "depreciationAndAmortization": "507204000", "incomeBeforeTax": "1528219000", "incomeTaxExpense": "-285583000", "interestAndDebtExpense": "None", "netIncomeFromContinuingOperations": "1813802000", "comprehensiveIncomeNetOfTax": "None", "ebit": "1742624000", "ebitda": "2249828000", "netIncome": "1772262000"}, {"fiscalDateEnding": "2016-12-31", "reportedCurrency": "USD", "grossProfit": "5922265000", "totalRevenue": "11855602000", "costOfRevenue": "5933337000", "costofGoodsAndServicesSold": "5933337000", "operatingIncome": "1562298000", "sellingGeneralAndAdministrative": "3808433000", "researchAndDevelopment": "58041000", "operatingExpenses": "4159435000", "investmentIncomeNet": "None", "netInterestIncome": "-157795000", "interestIncome": "4960000", "interestExpense": "154088000", "nonInterestIncome": "None", "otherNonOperatingIncome": "9547000", "depreciation": "None", "depreciationAndAmortization": "197711000", "incomeBeforeTax": "1595233000", "incomeTaxExpense": "462530000", "interestAndDebtExpense": "None", "netIncomeFromContinuingOperations": "1132703000", "comprehensiveIncomeNetOfTax": "None", "ebit": "1685144000", "ebitda": "1882855000", "netIncome": "1132703000"}, {"fiscalDateEnding": "2015-12-31", "reportedCurrency": "USD", "grossProfit": "5559226000", "totalRevenue": "11339304000", "costOfRevenue": "5780078000", "costofGoodsAndServicesSold": "5780078000", "operatingIncome": "1412195000", "sellingGeneralAndAdministrative": "3575330000", "researchAndDevelopment": "57667000", "operatingExpenses": "3913518000", "investmentIncomeNet": "None", "netInterestIncome": "None", "interestIncome": "16926000", "interestExpense": "61791000", "nonInterestIncome": "None", "otherNonOperatingIncome": "-4683000", "depreciation": "None", "depreciationAndAmortization": "198562000", "incomeBeforeTax": "1548966000", "incomeTaxExpense": "495117000", "interestAndDebtExpense": "None", "netIncomeFromContinuingOperations": "1053849000", "comprehensiveIncomeNetOfTax": "None", "ebit": "1621848000", "ebitda": "1820410000", "netIncome": "1053849000"}, {"fiscalDateEnding": "2014-12-31", "reportedCurrency": "USD", "grossProfit": "5164484000", "totalRevenue": "11129533000", "costOfRevenue": "5965049000", "costofGoodsAndServicesSold": "5965049000", "operatingIncome": "1123486000", "sellingGeneralAndAdministrative": "3523765000", "researchAndDevelopment": "50019000", "operatingExpenses": "3822966000", "investmentIncomeNet": "None", "netInterestIncome": "None", "interestIncome": "None", "interestExpense": "64205000", "nonInterestIncome": "None", "otherNonOperatingIncome": "18395000", "depreciation": "None", "depreciationAndAmortization": "198945000", "incomeBeforeTax": "1258226000", "incomeTaxExpense": "392339000", "interestAndDebtExpense": "None", "netIncomeFromContinuingOperations": "865887000", "comprehensiveIncomeNetOfTax": "None", "ebit": "1284052000", "ebitda": "1482997000", "netIncome": "865887000"}, {"fiscalDateEnding": "2013-12-31", "reportedCurrency": "USD", "grossProfit": "4616566000", "totalRevenue": "10185532000", "costOfRevenue": "5568966000", "costofGoodsAndServicesSold": "5568966000", "operatingIncome": "960878000", "sellingGeneralAndAdministrative": "3205189000", "researchAndDevelopment": "47042000", "operatingExpenses": "3467681000", "investmentIncomeNet": "None", "netInterestIncome": "None", "interestIncome": "None", "interestExpense": "62714000", "nonInterestIncome": "None", "otherNonOperatingIncome": "2306000", "depreciation": "None", "depreciationAndAmortization": "187794000", "incomeBeforeTax": "1085958000", "incomeTaxExpense": "333397000", "interestAndDebtExpense": "None", "netIncomeFromContinuingOperations": "752561000", "comprehensiveIncomeNetOfTax": "None", "ebit": "1151636000", "ebitda": "1339430000", "netIncome": "752561000"}, {"fiscalDateEnding": "2012-12-31", "reportedCurrency": "USD", "grossProfit": "4222226000", "totalRevenue": "9534462000", "costOfRevenue": "5312236000", "costofGoodsAndServicesSold": "5312236000", "operatingIncome": "854981000", "sellingGeneralAndAdministrative": "2948179000", "researchAndDevelopment": "44648000", "operatingExpenses": "3195648000", "investmentIncomeNet": "None", "netInterestIncome": "None", "interestIncome": "None", "interestExpense": "42788000", "nonInterestIncome": "None", "otherNonOperatingIncome": "12853000", "depreciation": "None", "depreciationAndAmortization": "179202000", "incomeBeforeTax": "987309000", "incomeTaxExpense": "307112000", "interestAndDebtExpense": "None", "netIncomeFromContinuingOperations": "631034000", "comprehensiveIncomeNetOfTax": "None", "ebit": "950097000", "ebitda": "1129299000", "netIncome": "680197000"}, {"fiscalDateEnding": "2011-12-31", "reportedCurrency": "USD", "grossProfit": "3744562000", "totalRevenue": "8765699000", "costOfRevenue": "5021137000", "costofGoodsAndServicesSold": "5021137000", "operatingIncome": "606555000", "sellingGeneralAndAdministrative": "2963545000", "researchAndDevelopment": "41719000", "operatingExpenses": "2960814000", "investmentIncomeNet": "None", "netInterestIncome": "None", "interestIncome": "None", "interestExpense": "42497000", "nonInterestIncome": "None", "otherNonOperatingIncome": "8520000", "depreciation": "None", "depreciationAndAmortization": "180904000", "incomeBeforeTax": "741548000", "incomeTaxExpense": "299688000", "interestAndDebtExpense": "None", "netIncomeFromContinuingOperations": "441860000", "comprehensiveIncomeNetOfTax": "None", "ebit": "784045000", "ebitda": "964949000", "netIncome": "441860000"}, {"fiscalDateEnding": "2010-12-31", "reportedCurrency": "USD", "grossProfit": "3481078000", "totalRevenue": "7776424000", "costOfRevenue": "4295346000", "costofGoodsAndServicesSold": "4295346000", "operatingIncome": "576771000", "sellingGeneralAndAdministrative": "2728122000", "researchAndDevelopment": "39883000", "operatingExpenses": "2731925000", "investmentIncomeNet": "None", "netInterestIncome": "None", "interestIncome": "None", "interestExpense": "70595000", "nonInterestIncome": "None", "otherNonOperatingIncome": "3710000", "depreciation": "None", "depreciationAndAmortization": "175311000", "incomeBeforeTax": "677784000", "incomeTaxExpense": "215299000", "interestAndDebtExpense": "None", "netIncomeFromContinuingOperations": "462485000", "comprehensiveIncomeNetOfTax": "None", "ebit": "748379000", "ebitda": "923690000", "netIncome": "462485000"}, {"fiscalDateEnding": "2009-12-31", "reportedCurrency": "USD", "grossProfit": "3263169000", "totalRevenue": "7094249000", "costOfRevenue": "3831080000", "costofGoodsAndServicesSold": "3831080000", "operatingIncome": "480201000", "sellingGeneralAndAdministrative": "2568395000", "researchAndDevelopment": "40425000", "operatingExpenses": "2626208000", "investmentIncomeNet": "None", "netInterestIncome": "None", "interestIncome": "None", "interestExpense": "40026000", "nonInterestIncome": "None", "otherNonOperatingIncome": "2393000", "depreciation": "None", "depreciationAndAmortization": "170904000", "incomeBeforeTax": "622817000", "incomeTaxExpense": "186969000", "interestAndDebtExpense": "None", "netIncomeFromContinuingOperations": "435848000", "comprehensiveIncomeNetOfTax": "None", "ebit": "662843000", "ebitda": "833747000", "netIncome": "435848000"}, {"fiscalDateEnding": "2008-12-31", "reportedCurrency": "USD", "grossProfit": "3498800000", "totalRevenue": "7979727000", "costOfRevenue": "4480927000", "costofGoodsAndServicesSold": "4480927000", "operatingIncome": "614648000", "sellingGeneralAndAdministrative": "2643580000", "researchAndDevelopment": "37469000", "operatingExpenses": "2643580000", "investmentIncomeNet": "None", "netInterestIncome": "None", "interestIncome": "None", "interestExpense": "65684000", "nonInterestIncome": "None", "otherNonOperatingIncome": "None", "depreciation": "None", "depreciationAndAmortization": "165511000", "incomeBeforeTax": "714475000", "incomeTaxExpense": "237599000", "interestAndDebtExpense": "None", "netIncomeFromContinuingOperations": "None", "comprehensiveIncomeNetOfTax": "None", "ebit": "780159000", "ebitda": "945670000", "netIncome": "476876000"}, {"fiscalDateEnding": "2007-12-31", "reportedCurrency": "USD", "grossProfit": "3598327000", "totalRevenue": "8005292000", "costOfRevenue": "4406965000", "costofGoodsAndServicesSold": "4406965000", "operatingIncome": "1031244000", "sellingGeneralAndAdministrative": "2597468000", "researchAndDevelopment": "37266000", "operatingExpenses": "2597468000", "investmentIncomeNet": "None", "netInterestIncome": "None", "interestIncome": "None", "interestExpense": "71630000", "nonInterestIncome": "None", "otherNonOperatingIncome": "None", "depreciation": "None", "depreciationAndAmortization": "163479000", "incomeBeforeTax": "912943000", "incomeTaxExpense": "297365000", "interestAndDebtExpense": "None", "netIncomeFromContinuingOperations": "None", "comprehensiveIncomeNetOfTax": "None", "ebit": "984573000", "ebitda": "1148052000", "netIncome": "615578000"}, {"fiscalDateEnding": "2006-12-31", "reportedCurrency": "USD", "grossProfit": "3414640000", "totalRevenue": "7809759000", "costOfRevenue": "4395119000", "costofGoodsAndServicesSold": "4395119000", "operatingIncome": "926563000", "sellingGeneralAndAdministrative": "2512927000", "researchAndDevelopment": "36883000", "operatingExpenses": "2512927000", "investmentIncomeNet": "None", "netInterestIncome": "None", "interestIncome": "None", "interestExpense": "0", "nonInterestIncome": "None", "otherNonOperatingIncome": "None", "depreciation": "None", "depreciationAndAmortization": "145917000", "incomeBeforeTax": "834312000", "incomeTaxExpense": "258254000", "interestAndDebtExpense": "None", "netIncomeFromContinuingOperations": "None", "comprehensiveIncomeNetOfTax": "None", "ebit": "926563000", "ebitda": "1072480000", "netIncome": "576058000"}, {"fiscalDateEnding": "2005-12-31", "reportedCurrency": "USD", "grossProfit": "3080365000", "totalRevenue": "7190661000", "costOfRevenue": "4110296000", "costofGoodsAndServicesSold": "4110296000", "operatingIncome": "807084000", "sellingGeneralAndAdministrative": "2326220000", "researchAndDevelopment": "32338000", "operatingExpenses": "2326220000", "investmentIncomeNet": "None", "netInterestIncome": "None", "interestIncome": "None", "interestExpense": "0", "nonInterestIncome": "None", "otherNonOperatingIncome": "None", "depreciation": "None", "depreciationAndAmortization": "152240000", "incomeBeforeTax": "656215000", "incomeTaxExpense": "191601000", "interestAndDebtExpense": "None", "netIncomeFromContinuingOperations": "None", "comprehensiveIncomeNetOfTax": "None", "ebit": "807084000", "ebitda": "959324000", "netIncome": "463258000"}], "quarterlyReports": [{"fiscalDateEnding": "2024-12-31", "reportedCurrency": "USD", "grossProfit": "2573200000", "totalRevenue": "5297200000", "costOfRevenue": "2724000000", "costofGoodsAndServicesSold": "2724000000", "operatingIncome": "690300000", "sellingGeneralAndAdministrative": "1893300000", "researchAndDevelopment": "None", "operatingExpenses": "1882900000", "investmentIncomeNet": "None", "netInterestIncome": "-101500000", "interestIncome": "1400000", "interestExpense": "98500000", "nonInterestIncome": "None", "otherNonOperatingIncome": "None", "depreciation": "None", "depreciationAndAmortization": "161900000", "incomeBeforeTax": "615600000", "incomeTaxExpense": "135500000", "interestAndDebtExpense": "None", "netIncomeFromContinuingOperations": "480100000", "comprehensiveIncomeNetOfTax": "None", "ebit": "714100000", "ebitda": "876000000", "netIncome": "480100000"}, {"fiscalDateEnding": "2024-09-30", "reportedCurrency": "USD", "grossProfit": "3027500000", "totalRevenue": "6162500000", "costOfRevenue": "3135000000", "costofGoodsAndServicesSold": "3135000000", "operatingIncome": "1131100000", "sellingGeneralAndAdministrative": "1893600000", "researchAndDevelopment": "None", "operatingExpenses": "3027500000", "investmentIncomeNet": "None", "netInterestIncome": "-104400000", "interestIncome": "2600000", "interestExpense": "103400000", "nonInterestIncome": "None", "otherNonOperatingIncome": "None", "depreciation": "None", "depreciationAndAmortization": "155600000", "incomeBeforeTax": "1022800000", "incomeTaxExpense": "216600000", "interestAndDebtExpense": "None", "netIncomeFromContinuingOperations": "806200000", "comprehensiveIncomeNetOfTax": "None", "ebit": "1129800000", "ebitda": "1285400000", "netIncome": "806200000"}, {"fiscalDateEnding": "2024-06-30", "reportedCurrency": "USD", "grossProfit": "3063400000", "totalRevenue": "6271500000", "costOfRevenue": "3208100000", "costofGoodsAndServicesSold": "3208100000", "operatingIncome": "1231800000", "sellingGeneralAndAdministrative": "1841100000", "researchAndDevelopment": "None", "operatingExpenses": "1831600000", "investmentIncomeNet": "None", "netInterestIncome": "-114300000", "interestIncome": "900000", "interestExpense": "110800000", "nonInterestIncome": "None", "otherNonOperatingIncome": "None", "depreciation": "None", "depreciationAndAmortization": "153300000", "incomeBeforeTax": "1173400000", "incomeTaxExpense": "283500000", "interestAndDebtExpense": "None", "netIncomeFromContinuingOperations": "889900000", "comprehensiveIncomeNetOfTax": "None", "ebit": "1236400000", "ebitda": "1389700000", "netIncome": "889900000"}, {"fiscalDateEnding": "2024-03-31", "reportedCurrency": "USD", "grossProfit": "2531000000", "totalRevenue": "5367300000", "costOfRevenue": "2836300000", "costofGoodsAndServicesSold": "2836300000", "operatingIncome": "731200000", "sellingGeneralAndAdministrative": "1796700000", "researchAndDevelopment": "None", "operatingExpenses": "1799800000", "investmentIncomeNet": "None", "netInterestIncome": "-100200000", "interestIncome": "6100000", "interestExpense": "103000000", "nonInterestIncome": "None", "otherNonOperatingIncome": "None", "depreciation": "None", "depreciationAndAmortization": "153200000", "incomeBeforeTax": "640000000", "incomeTaxExpense": "134800000", "interestAndDebtExpense": "None", "netIncomeFromContinuingOperations": "505200000", "comprehensiveIncomeNetOfTax": "None", "ebit": "730700000", "ebitda": "883900000", "netIncome": "505200000"}, {"fiscalDateEnding": "2023-12-31", "reportedCurrency": "USD", "grossProfit": "2548700000", "totalRevenue": "5252200000", "costOfRevenue": "2703500000", "costofGoodsAndServicesSold": "2703500000", "operatingIncome": "692800000", "sellingGeneralAndAdministrative": "1840400000", "researchAndDevelopment": "196600000", "operatingExpenses": "1855900000", "investmentIncomeNet": "None", "netInterestIncome": "-89300000", "interestIncome": "9400000", "interestExpense": "94600000", "nonInterestIncome": "None", "otherNonOperatingIncome": "None", "depreciation": "None", "depreciationAndAmortization": "154300000", "incomeBeforeTax": "474000000", "incomeTaxExpense": "117800000", "interestAndDebtExpense": "None", "netIncomeFromContinuingOperations": "356200000", "comprehensiveIncomeNetOfTax": "None", "ebit": "665000000", "ebitda": "819300000", "netIncome": "356200000"}, {"fiscalDateEnding": "2023-09-30", "reportedCurrency": "USD", "grossProfit": "2916200000", "totalRevenue": "6116700000", "costOfRevenue": "3200500000", "costofGoodsAndServicesSold": "3200500000", "operatingIncome": "1159700000", "sellingGeneralAndAdministrative": "1818400000", "researchAndDevelopment": "None", "operatingExpenses": "1818400000", "investmentIncomeNet": "None", "netInterestIncome": "-96800000", "interestIncome": "5100000", "interestExpense": "101900000", "nonInterestIncome": "None", "otherNonOperatingIncome": "None", "depreciation": "None", "depreciationAndAmortization": "155400000", "incomeBeforeTax": "1009000000", "incomeTaxExpense": "247500000", "interestAndDebtExpense": "None", "netIncomeFromContinuingOperations": "761500000", "comprehensiveIncomeNetOfTax": "None", "ebit": "1115700000", "ebitda": "1271100000", "netIncome": "761500000"}, {"fiscalDateEnding": "2023-06-30", "reportedCurrency": "USD", "grossProfit": "2872300000", "totalRevenue": "6240600000", "costOfRevenue": "3368300000", "costofGoodsAndServicesSold": "3368300000", "operatingIncome": "1112300000", "sellingGeneralAndAdministrative": "1727500000", "researchAndDevelopment": "None", "operatingExpenses": "1760000000", "investmentIncomeNet": "None", "netInterestIncome": "-104500000", "interestIncome": "7200000", "interestExpense": "111700000", "nonInterestIncome": "None", "otherNonOperatingIncome": "13000000", "depreciation": "None", "depreciationAndAmortization": "274700000", "incomeBeforeTax": "1012100000", "incomeTaxExpense": "218400000", "interestAndDebtExpense": "None", "netIncomeFromContinuingOperations": "793700000", "comprehensiveIncomeNetOfTax": "None", "ebit": "1127700000", "ebitda": "1402400000", "netIncome": "793700000"}, {"fiscalDateEnding": "2023-03-31", "reportedCurrency": "USD", "grossProfit": "2420900000", "totalRevenue": "5442400000", "costOfRevenue": "3021500000", "costofGoodsAndServicesSold": "3021500000", "operatingIncome": "570000000", "sellingGeneralAndAdministrative": "1703500000", "researchAndDevelopment": "None", "operatingExpenses": "1693000000", "investmentIncomeNet": "None", "netInterestIncome": "-105800000", "interestIncome": "3500000", "interestExpense": "109300000", "nonInterestIncome": "None", "otherNonOperatingIncome": "6700000", "depreciation": "None", "depreciationAndAmortization": "263100000", "incomeBeforeTax": "614800000", "incomeTaxExpense": "137400000", "interestAndDebtExpense": "None", "netIncomeFromContinuingOperations": "477400000", "comprehensiveIncomeNetOfTax": "None", "ebit": "728000000", "ebitda": "991100000", "netIncome": "477400000"}, {"fiscalDateEnding": "2022-12-31", "reportedCurrency": "USD", "grossProfit": "2233800000", "totalRevenue": "5230500000", "costOfRevenue": "2996700000", "costofGoodsAndServicesSold": "2996700000", "operatingIncome": "618700000", "sellingGeneralAndAdministrative": "1541900000", "researchAndDevelopment": "119300000", "operatingExpenses": "1638600000", "investmentIncomeNet": "None", "netInterestIncome": "-105100000", "interestIncome": "1000000", "interestExpense": "108300000", "nonInterestIncome": "None", "otherNonOperatingIncome": "6100000", "depreciation": "None", "depreciationAndAmortization": "254900000", "incomeBeforeTax": "494900000", "incomeTaxExpense": "108600000", "interestAndDebtExpense": "None", "netIncomeFromContinuingOperations": "386300000", "comprehensiveIncomeNetOfTax": "None", "ebit": "-84300000", "ebitda": "170600000", "netIncome": "386300000"}, {"fiscalDateEnding": "2022-09-30", "reportedCurrency": "USD", "grossProfit": "2589400000", "totalRevenue": "6047400000", "costOfRevenue": "3458000000", "costofGoodsAndServicesSold": "3458000000", "operatingIncome": "977900000", "sellingGeneralAndAdministrative": "1529400000", "researchAndDevelopment": "None", "operatingExpenses": "1616300000", "investmentIncomeNet": "None", "netInterestIncome": "-101700000", "interestIncome": "2600000", "interestExpense": "101200000", "nonInterestIncome": "None", "otherNonOperatingIncome": "-15500000", "depreciation": "None", "depreciationAndAmortization": "247900000", "incomeBeforeTax": "877200000", "incomeTaxExpense": "192100000", "interestAndDebtExpense": "None", "netIncomeFromContinuingOperations": "685100000", "comprehensiveIncomeNetOfTax": "None", "ebit": "981500000", "ebitda": "1229400000", "netIncome": "685100000"}, {"fiscalDateEnding": "2022-06-30", "reportedCurrency": "USD", "grossProfit": "2449000000", "totalRevenue": "5872300000", "costOfRevenue": "3423300000", "costofGoodsAndServicesSold": "3423300000", "operatingIncome": "847500000", "sellingGeneralAndAdministrative": "1598600000", "researchAndDevelopment": "None", "operatingExpenses": "1601700000", "investmentIncomeNet": "None", "netInterestIncome": "-94600000", "interestIncome": "1300000", "interestExpense": "92900000", "nonInterestIncome": "None", "otherNonOperatingIncome": "-14200000", "depreciation": "None", "depreciationAndAmortization": "241800000", "incomeBeforeTax": "739900000", "incomeTaxExpense": "162000000", "interestAndDebtExpense": "None", "netIncomeFromContinuingOperations": "577900000", "comprehensiveIncomeNetOfTax": "None", "ebit": "835800000", "ebitda": "1077600000", "netIncome": "577900000"}, {"fiscalDateEnding": "2022-03-31", "reportedCurrency": "USD", "grossProfit": "2052900000", "totalRevenue": "4998700000", "costOfRevenue": "2945800000", "costofGoodsAndServicesSold": "2945800000", "operatingIncome": "562200000", "sellingGeneralAndAdministrative": "1486400000", "researchAndDevelopment": "None", "operatingExpenses": "1486100000", "investmentIncomeNet": "None", "netInterestIncome": "-90400000", "interestIncome": "900000", "interestExpense": "88400000", "nonInterestIncome": "None", "otherNonOperatingIncome": "-15400000", "depreciation": "None", "depreciationAndAmortization": "253400000", "incomeBeforeTax": "461100000", "incomeTaxExpense": "90300000", "interestAndDebtExpense": "None", "netIncomeFromContinuingOperations": "370800000", "comprehensiveIncomeNetOfTax": "None", "ebit": "552400000", "ebitda": "805800000", "netIncome": "370800000"}, {"fiscalDateEnding": "2021-12-31", "reportedCurrency": "USD", "grossProfit": "1879700000", "totalRevenue": "4762100000", "costOfRevenue": "2882400000", "costofGoodsAndServicesSold": "2882400000", "operatingIncome": "393800000", "sellingGeneralAndAdministrative": "1441200000", "researchAndDevelopment": "115900000", "operatingExpenses": "1516200000", "investmentIncomeNet": "None", "netInterestIncome": "-81900000", "interestIncome": "7900000", "interestExpense": "84900000", "nonInterestIncome": "None", "otherNonOperatingIncome": "20900000", "depreciation": "None", "depreciationAndAmortization": "245300000", "incomeBeforeTax": "308900000", "incomeTaxExpense": "4900000", "interestAndDebtExpense": "None", "netIncomeFromContinuingOperations": "304000000", "comprehensiveIncomeNetOfTax": "None", "ebit": "396400000", "ebitda": "641700000", "netIncome": "304000000"}, {"fiscalDateEnding": "2021-09-30", "reportedCurrency": "USD", "grossProfit": "2139600000", "totalRevenue": "5146700000", "costOfRevenue": "3007100000", "costofGoodsAndServicesSold": "3007100000", "operatingIncome": "694000000", "sellingGeneralAndAdministrative": "1370000000", "researchAndDevelopment": "None", "operatingExpenses": "1445100000", "investmentIncomeNet": "None", "netInterestIncome": "-82400000", "interestIncome": "700000", "interestExpense": "83100000", "nonInterestIncome": "None", "otherNonOperatingIncome": "-1000000", "depreciation": "None", "depreciationAndAmortization": "240100000", "incomeBeforeTax": "611500000", "incomeTaxExpense": "109300000", "interestAndDebtExpense": "None", "netIncomeFromContinuingOperations": "502200000", "comprehensiveIncomeNetOfTax": "None", "ebit": "697200000", "ebitda": "937300000", "netIncome": "502200000"}, {"fiscalDateEnding": "2021-06-30", "reportedCurrency": "USD", "grossProfit": "2411400000", "totalRevenue": "5379800000", "costOfRevenue": "2968400000", "costofGoodsAndServicesSold": "2968400000", "operatingIncome": "893300000", "sellingGeneralAndAdministrative": "1438900000", "researchAndDevelopment": "None", "operatingExpenses": "1515600000", "investmentIncomeNet": "None", "netInterestIncome": "-85400000", "interestIncome": "11600000", "interestExpense": "83500000", "nonInterestIncome": "None", "otherNonOperatingIncome": "1700000", "depreciation": "None", "depreciationAndAmortization": "245800000", "incomeBeforeTax": "819200000", "incomeTaxExpense": "170600000", "interestAndDebtExpense": "None", "netIncomeFromContinuingOperations": "648600000", "comprehensiveIncomeNetOfTax": "None", "ebit": "905200000", "ebitda": "1151000000", "netIncome": "648600000"}, {"fiscalDateEnding": "2021-03-31", "reportedCurrency": "USD", "grossProfit": "2112000000", "totalRevenue": "4656000000", "costOfRevenue": "2544000000", "costofGoodsAndServicesSold": "2544000000", "operatingIncome": "704400000", "sellingGeneralAndAdministrative": "1326800000", "researchAndDevelopment": "None", "operatingExpenses": "1405100000", "investmentIncomeNet": "None", "netInterestIncome": "-82600000", "interestIncome": "600000", "interestExpense": "83200000", "nonInterestIncome": "None", "otherNonOperatingIncome": "2800000", "depreciation": "None", "depreciationAndAmortization": "144600000", "incomeBeforeTax": "509000000", "incomeTaxExpense": "99400000", "interestAndDebtExpense": "None", "netIncomeFromContinuingOperations": "409600000", "comprehensiveIncomeNetOfTax": "None", "ebit": "703500000", "ebitda": "848100000", "netIncome": "409600000"}, {"fiscalDateEnding": "2020-12-31", "reportedCurrency": "USD", "grossProfit": "2128700000", "totalRevenue": "4488800000", "costOfRevenue": "2360100000", "costofGoodsAndServicesSold": "2360100000", "operatingIncome": "561000000", "sellingGeneralAndAdministrative": "1307600000", "researchAndDevelopment": "97100000", "operatingExpenses": "1551400000", "investmentIncomeNet": "None", "netInterestIncome": "-81800000", "interestIncome": "11200000", "interestExpense": "81800000", "nonInterestIncome": "None", "otherNonOperatingIncome": "26300000", "depreciation": "None", "depreciationAndAmortization": "147200000", "incomeBeforeTax": "503900000", "incomeTaxExpense": "96900000", "interestAndDebtExpense": "None", "netIncomeFromContinuingOperations": "407000000", "comprehensiveIncomeNetOfTax": "None", "ebit": "559700000", "ebitda": "706900000", "netIncome": "407000000"}, {"fiscalDateEnding": "2020-09-30", "reportedCurrency": "USD", "grossProfit": "2455300000", "totalRevenue": "5122200000", "costOfRevenue": "2666900000", "costofGoodsAndServicesSold": "2666900000", "operatingIncome": "959700000", "sellingGeneralAndAdministrative": "1408100000", "researchAndDevelopment": "None", "operatingExpenses": "1485500000", "investmentIncomeNet": "None", "netInterestIncome": "-84500000", "interestIncome": "600000", "interestExpense": "81900000", "nonInterestIncome": "None", "otherNonOperatingIncome": "-400000", "depreciation": "None", "depreciationAndAmortization": "146100000", "incomeBeforeTax": "875600000", "incomeTaxExpense": "169800000", "interestAndDebtExpense": "None", "netIncomeFromContinuingOperations": "705800000", "comprehensiveIncomeNetOfTax": "None", "ebit": "958400000", "ebitda": "1104500000", "netIncome": "705800000"}, {"fiscalDateEnding": "2020-06-30", "reportedCurrency": "USD", "grossProfit": "2208900000", "totalRevenue": "4604000000", "costOfRevenue": "2395100000", "costofGoodsAndServicesSold": "2395100000", "operatingIncome": "831700000", "sellingGeneralAndAdministrative": "1292400000", "researchAndDevelopment": "None", "operatingExpenses": "1377200000", "investmentIncomeNet": "None", "netInterestIncome": "-89900000", "interestIncome": "4000000", "interestExpense": "87500000", "nonInterestIncome": "None", "otherNonOperatingIncome": "-5800000", "depreciation": "None", "depreciationAndAmortization": "143500000", "incomeBeforeTax": "747400000", "incomeTaxExpense": "151500000", "interestAndDebtExpense": "None", "netIncomeFromContinuingOperations": "595900000", "comprehensiveIncomeNetOfTax": "None", "ebit": "830600000", "ebitda": "974100000", "netIncome": "595900000"}, {"fiscalDateEnding": "2020-03-31", "reportedCurrency": "USD", "grossProfit": "1889700000", "totalRevenue": "4146700000", "costOfRevenue": "2257000000", "costofGoodsAndServicesSold": "2257000000", "operatingIncome": "501800000", "sellingGeneralAndAdministrative": "1307600000", "researchAndDevelopment": "None", "operatingExpenses": "1387900000", "investmentIncomeNet": "None", "netInterestIncome": "-88400000", "interestIncome": "600000", "interestExpense": "86200000", "nonInterestIncome": "None", "otherNonOperatingIncome": "-21800000", "depreciation": "None", "depreciationAndAmortization": "144600000", "incomeBeforeTax": "392300000", "incomeTaxExpense": "70600000", "interestAndDebtExpense": "None", "netIncomeFromContinuingOperations": "321700000", "comprehensiveIncomeNetOfTax": "None", "ebit": "500600000", "ebitda": "645200000", "netIncome": "321700000"}, {"fiscalDateEnding": "2019-12-31", "reportedCurrency": "USD", "grossProfit": "1894000000", "totalRevenue": "4114400000", "costOfRevenue": "2220400000", "costofGoodsAndServicesSold": "2220400000", "operatingIncome": "456084000", "sellingGeneralAndAdministrative": "1354424000", "researchAndDevelopment": "103100000", "operatingExpenses": "1432900000", "investmentIncomeNet": "None", "netInterestIncome": "-62241000", "interestIncome": "24312000", "interestExpense": "83800000", "nonInterestIncome": "None", "otherNonOperatingIncome": "62499000", "depreciation": "None", "depreciationAndAmortization": "145543000", "incomeBeforeTax": "297400000", "incomeTaxExpense": "48800000", "interestAndDebtExpense": "None", "netIncomeFromContinuingOperations": "248622000", "comprehensiveIncomeNetOfTax": "None", "ebit": "-193662000", "ebitda": "-48119000", "netIncome": "248622000"}, {"fiscalDateEnding": "2019-09-30", "reportedCurrency": "USD", "grossProfit": "2225554000", "totalRevenue": "4867650000", "costOfRevenue": "2642096000", "costofGoodsAndServicesSold": "2642096000", "operatingIncome": "792233000", "sellingGeneralAndAdministrative": "1345171000", "researchAndDevelopment": "None", "operatingExpenses": "1433321000", "investmentIncomeNet": "None", "netInterestIncome": "-87267000", "interestIncome": "637000", "interestExpense": "85282000", "nonInterestIncome": "None", "otherNonOperatingIncome": "-30355000", "depreciation": "None", "depreciationAndAmortization": "142800000", "incomeBeforeTax": "709833000", "incomeTaxExpense": "133395000", "interestAndDebtExpense": "None", "netIncomeFromContinuingOperations": "576438000", "comprehensiveIncomeNetOfTax": "None", "ebit": "790500000", "ebitda": "933300000", "netIncome": "576500000"}, {"fiscalDateEnding": "2019-06-30", "reportedCurrency": "USD", "grossProfit": "2181435000", "totalRevenue": "4877860000", "costOfRevenue": "2696425000", "costofGoodsAndServicesSold": "2696425000", "operatingIncome": "765386000", "sellingGeneralAndAdministrative": "1331288000", "researchAndDevelopment": "None", "operatingExpenses": "1409369000", "investmentIncomeNet": "None", "netInterestIncome": "-91340000", "interestIncome": "541000", "interestExpense": "89198000", "nonInterestIncome": "None", "otherNonOperatingIncome": "-45000", "depreciation": "None", "depreciationAndAmortization": "143100000", "incomeBeforeTax": "675701000", "incomeTaxExpense": "204698000", "interestAndDebtExpense": "None", "netIncomeFromContinuingOperations": "471003000", "comprehensiveIncomeNetOfTax": "None", "ebit": "763300000", "ebitda": "906400000", "netIncome": "471000000"}, {"fiscalDateEnding": "2019-03-31", "reportedCurrency": "USD", "grossProfit": "1735077000", "totalRevenue": "4040861000", "costOfRevenue": "2305784000", "costofGoodsAndServicesSold": "2305784000", "operatingIncome": "411697000", "sellingGeneralAndAdministrative": "1244017000", "researchAndDevelopment": "None", "operatingExpenses": "1322788000", "investmentIncomeNet": "None", "netInterestIncome": "-93252000", "interestIncome": "410000", "interestExpense": "90994000", "nonInterestIncome": "None", "otherNonOperatingIncome": "-22899000", "depreciation": "None", "depreciationAndAmortization": "143500000", "incomeBeforeTax": "298854000", "incomeTaxExpense": "53617000", "interestAndDebtExpense": "None", "netIncomeFromContinuingOperations": "245237000", "comprehensiveIncomeNetOfTax": "None", "ebit": "377200000", "ebitda": "520700000", "netIncome": "245200000"}, {"fiscalDateEnding": "2018-12-31", "reportedCurrency": "USD", "grossProfit": "1682683000", "totalRevenue": "4064221000", "costOfRevenue": "2381538000", "costofGoodsAndServicesSold": "2381538000", "operatingIncome": "223322000", "sellingGeneralAndAdministrative": "1238288000", "researchAndDevelopment": "51900000", "operatingExpenses": "1317381000", "investmentIncomeNet": "None", "netInterestIncome": "None", "interestIncome": "None", "interestExpense": "89399000", "nonInterestIncome": "None", "otherNonOperatingIncome": "-26251000", "depreciation": "None", "depreciationAndAmortization": "79093000", "incomeBeforeTax": "102025000", "incomeTaxExpense": "1037000", "interestAndDebtExpense": "None", "netIncomeFromContinuingOperations": "100988000", "comprehensiveIncomeNetOfTax": "None", "ebit": "258079000", "ebitda": "337172000", "netIncome": "100988000"}, {"fiscalDateEnding": "2018-09-30", "reportedCurrency": "USD", "grossProfit": "2010404000", "totalRevenue": "4731470000", "costOfRevenue": "2721066000", "costofGoodsAndServicesSold": "2721066000", "operatingIncome": "654962000", "sellingGeneralAndAdministrative": "1273066000", "researchAndDevelopment": "0", "operatingExpenses": "1355442000", "investmentIncomeNet": "None", "netInterestIncome": "None", "interestIncome": "None", "interestExpense": "92281000", "nonInterestIncome": "None", "otherNonOperatingIncome": "-1168000", "depreciation": "None", "depreciationAndAmortization": "147458000", "incomeBeforeTax": "415953000", "incomeTaxExpense": "61926000", "interestAndDebtExpense": "None", "netIncomeFromContinuingOperations": "354027000", "comprehensiveIncomeNetOfTax": "None", "ebit": "658864000", "ebitda": "806322000", "netIncome": "354027000"}, {"fiscalDateEnding": "2018-06-30", "reportedCurrency": "USD", "grossProfit": "2038628000", "totalRevenue": "4773796000", "costOfRevenue": "2735168000", "costofGoodsAndServicesSold": "2735168000", "operatingIncome": "625621000", "sellingGeneralAndAdministrative": "1307861000", "researchAndDevelopment": "0", "operatingExpenses": "1381754000", "investmentIncomeNet": "None", "netInterestIncome": "None", "interestIncome": "None", "interestExpense": "93507000", "nonInterestIncome": "None", "otherNonOperatingIncome": "1698000", "depreciation": "None", "depreciationAndAmortization": "73893000", "incomeBeforeTax": "538086000", "incomeTaxExpense": "134482000", "interestAndDebtExpense": "None", "netIncomeFromContinuingOperations": "403604000", "comprehensiveIncomeNetOfTax": "None", "ebit": "702066000", "ebitda": "775959000", "netIncome": "403604000"}, {"fiscalDateEnding": "2018-03-31", "reportedCurrency": "USD", "grossProfit": "1686847000", "totalRevenue": "3965006000", "costOfRevenue": "2278159000", "costofGoodsAndServicesSold": "2278159000", "operatingIncome": "386468000", "sellingGeneralAndAdministrative": "1214565000", "researchAndDevelopment": "0", "operatingExpenses": "1299614000", "investmentIncomeNet": "None", "netInterestIncome": "None", "interestIncome": "None", "interestExpense": "91547000", "nonInterestIncome": "None", "otherNonOperatingIncome": "10890000", "depreciation": "None", "depreciationAndAmortization": "85049000", "incomeBeforeTax": "303586000", "incomeTaxExpense": "53459000", "interestAndDebtExpense": "None", "netIncomeFromContinuingOperations": "250127000", "comprehensiveIncomeNetOfTax": "None", "ebit": "461603000", "ebitda": "546652000", "netIncome": "250127000"}, {"fiscalDateEnding": "2017-12-31", "reportedCurrency": "USD", "grossProfit": "1798739000", "totalRevenue": "3979564000", "costOfRevenue": "2180825000", "costofGoodsAndServicesSold": "2180825000", "operatingIncome": "377516000", "sellingGeneralAndAdministrative": "1323627000", "researchAndDevelopment": "58474000", "operatingExpenses": "1411592000", "investmentIncomeNet": "None", "netInterestIncome": "None", "interestIncome": "None", "interestExpense": "89454000", "nonInterestIncome": "None", "otherNonOperatingIncome": "3923000", "depreciation": "None", "depreciationAndAmortization": "87965000", "incomeBeforeTax": "284889000", "incomeTaxExpense": "-612504000", "interestAndDebtExpense": "None", "netIncomeFromContinuingOperations": "897393000", "comprehensiveIncomeNetOfTax": "None", "ebit": "686423000", "ebitda": "774388000", "netIncome": "897393000"}, {"fiscalDateEnding": "2017-09-30", "reportedCurrency": "USD", "grossProfit": "1902142000", "totalRevenue": "4507020000", "costOfRevenue": "2604878000", "costofGoodsAndServicesSold": "2604878000", "operatingIncome": "508127000", "sellingGeneralAndAdministrative": "1306121000", "researchAndDevelopment": "0", "operatingExpenses": "1389832000", "investmentIncomeNet": "None", "netInterestIncome": "None", "interestIncome": "None", "interestExpense": "91593000", "nonInterestIncome": "None", "otherNonOperatingIncome": "11114000", "depreciation": "None", "depreciationAndAmortization": "83711000", "incomeBeforeTax": "427722000", "incomeTaxExpense": "111116000", "interestAndDebtExpense": "None", "netIncomeFromContinuingOperations": "316606000", "comprehensiveIncomeNetOfTax": "None", "ebit": "575376000", "ebitda": "659087000", "netIncome": "316606000"}, {"fiscalDateEnding": "2017-06-30", "reportedCurrency": "USD", "grossProfit": "1737056000", "totalRevenue": "3735817000", "costOfRevenue": "1998761000", "costofGoodsAndServicesSold": "1998761000", "operatingIncome": "561536000", "sellingGeneralAndAdministrative": "1145492000", "researchAndDevelopment": "0", "operatingExpenses": "1174410000", "investmentIncomeNet": "None", "netInterestIncome": "None", "interestIncome": "None", "interestExpense": "56729000", "nonInterestIncome": "None", "otherNonOperatingIncome": "4861000", "depreciation": "None", "depreciationAndAmortization": "28918000", "incomeBeforeTax": "509003000", "incomeTaxExpense": "148352000", "interestAndDebtExpense": "None", "netIncomeFromContinuingOperations": "360651000", "comprehensiveIncomeNetOfTax": "None", "ebit": "627780000", "ebitda": "656698000", "netIncome": "319111000"}, {"fiscalDateEnding": "2017-03-31", "reportedCurrency": "USD", "grossProfit": "1343140000", "totalRevenue": "2761387000", "costOfRevenue": "1418247000", "costofGoodsAndServicesSold": "1418247000", "operatingIncome": "326410000", "sellingGeneralAndAdministrative": "1016211000", "researchAndDevelopment": "0", "operatingExpenses": "1016211000", "investmentIncomeNet": "None", "netInterestIncome": "None", "interestIncome": "None", "interestExpense": "25695000", "nonInterestIncome": "None", "otherNonOperatingIncome": "5647000", "depreciation": "None", "depreciationAndAmortization": "50777000", "incomeBeforeTax": "306605000", "incomeTaxExpense": "67453000", "interestAndDebtExpense": "None", "netIncomeFromContinuingOperations": "239152000", "comprehensiveIncomeNetOfTax": "None", "ebit": "331398000", "ebitda": "382175000", "netIncome": "239152000"}, {"fiscalDateEnding": "2016-12-31", "reportedCurrency": "USD", "grossProfit": "1388438000", "totalRevenue": "2782591000", "costOfRevenue": "1394153000", "costofGoodsAndServicesSold": "1394153000", "operatingIncome": "321745000", "sellingGeneralAndAdministrative": "1044980000", "researchAndDevelopment": "58041000", "operatingExpenses": "1044980000", "investmentIncomeNet": "None", "netInterestIncome": "None", "interestIncome": "None", "interestExpense": "43378000", "nonInterestIncome": "None", "otherNonOperatingIncome": "5910000", "depreciation": "None", "depreciationAndAmortization": "49226000", "incomeBeforeTax": "304034000", "incomeTaxExpense": "101004000", "interestAndDebtExpense": "None", "netIncomeFromContinuingOperations": "220778000", "comprehensiveIncomeNetOfTax": "None", "ebit": "325992000", "ebitda": "375218000", "netIncome": "203030000"}, {"fiscalDateEnding": "2016-09-30", "reportedCurrency": "USD", "grossProfit": "1636289000", "totalRevenue": "3279462000", "costOfRevenue": "1643173000", "costofGoodsAndServicesSold": "1643173000", "operatingIncome": "577478000", "sellingGeneralAndAdministrative": "1058128000", "researchAndDevelopment": "0", "operatingExpenses": "1058128000", "investmentIncomeNet": "None", "netInterestIncome": "None", "interestIncome": "None", "interestExpense": "44100000", "nonInterestIncome": "None", "otherNonOperatingIncome": "2372000", "depreciation": "None", "depreciationAndAmortization": "49758000", "incomeBeforeTax": "535620000", "incomeTaxExpense": "148887000", "interestAndDebtExpense": "None", "netIncomeFromContinuingOperations": "386733000", "comprehensiveIncomeNetOfTax": "None", "ebit": "581881000", "ebitda": "631639000", "netIncome": "386733000"}, {"fiscalDateEnding": "2016-06-30", "reportedCurrency": "USD", "grossProfit": "1635793000", "totalRevenue": "3219525000", "costOfRevenue": "1583732000", "costofGoodsAndServicesSold": "1583732000", "operatingIncome": "579314000", "sellingGeneralAndAdministrative": "1053972000", "researchAndDevelopment": "0", "operatingExpenses": "1053972000", "investmentIncomeNet": "None", "netInterestIncome": "None", "interestIncome": "None", "interestExpense": "40878000", "nonInterestIncome": "None", "otherNonOperatingIncome": "1004000", "depreciation": "None", "depreciationAndAmortization": "50050000", "incomeBeforeTax": "539214000", "incomeTaxExpense": "161150000", "interestAndDebtExpense": "None", "netIncomeFromContinuingOperations": "378064000", "comprehensiveIncomeNetOfTax": "None", "ebit": "583156000", "ebitda": "633206000", "netIncome": "378064000"}, {"fiscalDateEnding": "2016-03-31", "reportedCurrency": "USD", "grossProfit": "1261745000", "totalRevenue": "2574024000", "costOfRevenue": "1312279000", "costofGoodsAndServicesSold": "1312279000", "operatingIncome": "241361000", "sellingGeneralAndAdministrative": "1002355000", "researchAndDevelopment": "0", "operatingExpenses": "1002355000", "investmentIncomeNet": "None", "netInterestIncome": "None", "interestIncome": "None", "interestExpense": "25732000", "nonInterestIncome": "None", "otherNonOperatingIncome": "261000", "depreciation": "None", "depreciationAndAmortization": "48677000", "incomeBeforeTax": "216365000", "incomeTaxExpense": "69237000", "interestAndDebtExpense": "None", "netIncomeFromContinuingOperations": "147128000", "comprehensiveIncomeNetOfTax": "None", "ebit": "272461000", "ebitda": "321138000", "netIncome": "164876000"}, {"fiscalDateEnding": "2015-12-31", "reportedCurrency": "USD", "grossProfit": "1322239000", "totalRevenue": "2604596000", "costOfRevenue": "1282357000", "costofGoodsAndServicesSold": "1282357000", "operatingIncome": "318384000", "sellingGeneralAndAdministrative": "991472000", "researchAndDevelopment": "57667000", "operatingExpenses": "991472000", "investmentIncomeNet": "None", "netInterestIncome": "None", "interestIncome": "None", "interestExpense": "19560000", "nonInterestIncome": "None", "otherNonOperatingIncome": "-1133000", "depreciation": "None", "depreciationAndAmortization": "51621000", "incomeBeforeTax": "297221000", "incomeTaxExpense": "99204000", "interestAndDebtExpense": "None", "netIncomeFromContinuingOperations": "198017000", "comprehensiveIncomeNetOfTax": "None", "ebit": "318384000", "ebitda": "370005000", "netIncome": "197238000"}, {"fiscalDateEnding": "2015-09-30", "reportedCurrency": "USD", "grossProfit": "1574552000", "totalRevenue": "3152285000", "costOfRevenue": "1577733000", "costofGoodsAndServicesSold": "1577733000", "operatingIncome": "573799000", "sellingGeneralAndAdministrative": "993625000", "researchAndDevelopment": "0", "operatingExpenses": "1000753000", "investmentIncomeNet": "None", "netInterestIncome": "None", "interestIncome": "None", "interestExpense": "16681999", "nonInterestIncome": "None", "otherNonOperatingIncome": "-4093000", "depreciation": "None", "depreciationAndAmortization": "48640000", "incomeBeforeTax": "550722000", "incomeTaxExpense": "176231000", "interestAndDebtExpense": "None", "netIncomeFromContinuingOperations": "374491000", "comprehensiveIncomeNetOfTax": "None", "ebit": "573799000", "ebitda": "622439000", "netIncome": "372822000"}, {"fiscalDateEnding": "2015-06-30", "reportedCurrency": "USD", "grossProfit": "1529986000", "totalRevenue": "3132139000", "costOfRevenue": "1602153000", "costofGoodsAndServicesSold": "1602153000", "operatingIncome": "520252000", "sellingGeneralAndAdministrative": "999224000", "researchAndDevelopment": "0", "operatingExpenses": "999224000", "investmentIncomeNet": "None", "netInterestIncome": "None", "interestIncome": "None", "interestExpense": "12885000", "nonInterestIncome": "None", "otherNonOperatingIncome": "-124000", "depreciation": "None", "depreciationAndAmortization": "48896000", "incomeBeforeTax": "507782000", "incomeTaxExpense": "157845000", "interestAndDebtExpense": "None", "netIncomeFromContinuingOperations": "349937000", "comprehensiveIncomeNetOfTax": "None", "ebit": "520667000", "ebitda": "569563000", "netIncome": "348398000"}, {"fiscalDateEnding": "2015-03-31", "reportedCurrency": "USD", "grossProfit": "1132449000", "totalRevenue": "2450284000", "costOfRevenue": "1317835000", "costofGoodsAndServicesSold": "1317835000", "operatingIncome": "202202000", "sellingGeneralAndAdministrative": "929197000", "researchAndDevelopment": "0", "operatingExpenses": "929197000", "investmentIncomeNet": "None", "netInterestIncome": "None", "interestIncome": "None", "interestExpense": "12351000", "nonInterestIncome": "None", "otherNonOperatingIncome": "667000", "depreciation": "None", "depreciationAndAmortization": "49405000", "incomeBeforeTax": "193241000", "incomeTaxExpense": "61837000", "interestAndDebtExpense": "None", "netIncomeFromContinuingOperations": "131404000", "comprehensiveIncomeNetOfTax": "None", "ebit": "202202000", "ebitda": "251607000", "netIncome": "130929000"}, {"fiscalDateEnding": "2014-12-31", "reportedCurrency": "USD", "grossProfit": "1217975000", "totalRevenue": "2569412000", "costOfRevenue": "1351437000", "costofGoodsAndServicesSold": "1351437000", "operatingIncome": "207634000", "sellingGeneralAndAdministrative": "985329000", "researchAndDevelopment": "50019000", "operatingExpenses": "985329000", "investmentIncomeNet": "None", "netInterestIncome": "None", "interestIncome": "None", "interestExpense": "15412000", "nonInterestIncome": "None", "otherNonOperatingIncome": "-2952000", "depreciation": "None", "depreciationAndAmortization": "50573000", "incomeBeforeTax": "188871000", "incomeTaxExpense": "56128000", "interestAndDebtExpense": "None", "netIncomeFromContinuingOperations": "132743000", "comprehensiveIncomeNetOfTax": "None", "ebit": "326714000", "ebitda": "377287000", "netIncome": "132088000"}, {"fiscalDateEnding": "2014-09-30", "reportedCurrency": "USD", "grossProfit": "1470955000", "totalRevenue": "3150570000", "costOfRevenue": "1679615000", "costofGoodsAndServicesSold": "1679615000", "operatingIncome": "475380000", "sellingGeneralAndAdministrative": "984366000", "researchAndDevelopment": "0", "operatingExpenses": "984366000", "investmentIncomeNet": "None", "netInterestIncome": "None", "interestIncome": "None", "interestExpense": "16025000", "nonInterestIncome": "None", "otherNonOperatingIncome": "15357000", "depreciation": "None", "depreciationAndAmortization": "49713000", "incomeBeforeTax": "474048000", "incomeTaxExpense": "147808000", "interestAndDebtExpense": "None", "netIncomeFromContinuingOperations": "326240000", "comprehensiveIncomeNetOfTax": "None", "ebit": "440360000", "ebitda": "490073000", "netIncome": "324248000"}, {"fiscalDateEnding": "2014-06-30", "reportedCurrency": "USD", "grossProfit": "1409653000", "totalRevenue": "3042995000", "costOfRevenue": "1633342000", "costofGoodsAndServicesSold": "1633342000", "operatingIncome": "440211000", "sellingGeneralAndAdministrative": "969183000", "researchAndDevelopment": "0", "operatingExpenses": "969183000", "investmentIncomeNet": "None", "netInterestIncome": "None", "interestIncome": "None", "interestExpense": "16374000", "nonInterestIncome": "None", "otherNonOperatingIncome": "5904000", "depreciation": "None", "depreciationAndAmortization": "49699000", "incomeBeforeTax": "429230000", "incomeTaxExpense": "137783000", "interestAndDebtExpense": "None", "netIncomeFromContinuingOperations": "291447000", "comprehensiveIncomeNetOfTax": "None", "ebit": "444511000", "ebitda": "494210000", "netIncome": "289725000"}, {"fiscalDateEnding": "2014-03-31", "reportedCurrency": "USD", "grossProfit": "1065901000", "totalRevenue": "2366556000", "costOfRevenue": "1300655000", "costofGoodsAndServicesSold": "1300655000", "operatingIncome": "182247000", "sellingGeneralAndAdministrative": "884088000", "researchAndDevelopment": "0", "operatingExpenses": "884088000", "investmentIncomeNet": "None", "netInterestIncome": "None", "interestIncome": "None", "interestExpense": "16394000", "nonInterestIncome": "None", "otherNonOperatingIncome": "86000", "depreciation": "None", "depreciationAndAmortization": "48960000", "incomeBeforeTax": "166077000", "incomeTaxExpense": "50620000", "interestAndDebtExpense": "None", "netIncomeFromContinuingOperations": "115457000", "comprehensiveIncomeNetOfTax": "None", "ebit": "182247000", "ebitda": "231207000", "netIncome": "114934000"}, {"fiscalDateEnding": "2013-12-31", "reportedCurrency": "USD", "grossProfit": "1124178000", "totalRevenue": "2457058000", "costOfRevenue": "1332880000", "costofGoodsAndServicesSold": "1332880000", "operatingIncome": "167094000", "sellingGeneralAndAdministrative": "962188000", "researchAndDevelopment": "47042000", "operatingExpenses": "962188000", "investmentIncomeNet": "None", "netInterestIncome": "None", "interestIncome": "None", "interestExpense": "16940000", "nonInterestIncome": "None", "otherNonOperatingIncome": "1431000", "depreciation": "None", "depreciationAndAmortization": "48628000", "incomeBeforeTax": "149228000", "incomeTaxExpense": "33105000", "interestAndDebtExpense": "None", "netIncomeFromContinuingOperations": "116123000", "comprehensiveIncomeNetOfTax": "None", "ebit": "167094000", "ebitda": "215722000", "netIncome": "115505000"}, {"fiscalDateEnding": "2013-09-30", "reportedCurrency": "USD", "grossProfit": "1295958000", "totalRevenue": "2847417000", "costOfRevenue": "1551459000", "costofGoodsAndServicesSold": "1551459000", "operatingIncome": "405684000", "sellingGeneralAndAdministrative": "889690000", "researchAndDevelopment": "0", "operatingExpenses": "889690000", "investmentIncomeNet": "None", "netInterestIncome": "None", "interestIncome": "None", "interestExpense": "15394000", "nonInterestIncome": "None", "otherNonOperatingIncome": "-2578000", "depreciation": "None", "depreciationAndAmortization": "46738000", "incomeBeforeTax": "387462000", "incomeTaxExpense": "124496000", "interestAndDebtExpense": "None", "netIncomeFromContinuingOperations": "262966000", "comprehensiveIncomeNetOfTax": "None", "ebit": "405684000", "ebitda": "452422000", "netIncome": "261266000"}, {"fiscalDateEnding": "2013-06-30", "reportedCurrency": "USD", "grossProfit": "1233579000", "totalRevenue": "2713889000", "costOfRevenue": "1480310000", "costofGoodsAndServicesSold": "1480310000", "operatingIncome": "395009000", "sellingGeneralAndAdministrative": "837124000", "researchAndDevelopment": "0", "operatingExpenses": "837124000", "investmentIncomeNet": "None", "netInterestIncome": "None", "interestIncome": "None", "interestExpense": "15069000", "nonInterestIncome": "None", "otherNonOperatingIncome": "-17000", "depreciation": "None", "depreciationAndAmortization": "45872000", "incomeBeforeTax": "380884000", "incomeTaxExpense": "123597000", "interestAndDebtExpense": "None", "netIncomeFromContinuingOperations": "257287000", "comprehensiveIncomeNetOfTax": "None", "ebit": "395953000", "ebitda": "441825000", "netIncome": "255648000"}, {"fiscalDateEnding": "2013-03-31", "reportedCurrency": "USD", "grossProfit": "962851000", "totalRevenue": "2167168000", "costOfRevenue": "1204317000", "costofGoodsAndServicesSold": "1204317000", "operatingIncome": "183849000", "sellingGeneralAndAdministrative": "778679000", "researchAndDevelopment": "0", "operatingExpenses": "778679000", "investmentIncomeNet": "None", "netInterestIncome": "None", "interestIncome": "None", "interestExpense": "15311000", "nonInterestIncome": "None", "otherNonOperatingIncome": "3470000", "depreciation": "None", "depreciationAndAmortization": "46556000", "incomeBeforeTax": "168384000", "incomeTaxExpense": "52199000", "interestAndDebtExpense": "None", "netIncomeFromContinuingOperations": "116185000", "comprehensiveIncomeNetOfTax": "None", "ebit": "183695000", "ebitda": "230251000", "netIncome": "115546000"}, {"fiscalDateEnding": "2012-12-31", "reportedCurrency": "USD", "grossProfit": "1011508000", "totalRevenue": "2221870000", "costOfRevenue": "1210362000", "costofGoodsAndServicesSold": "1210362000", "operatingIncome": "106323000", "sellingGeneralAndAdministrative": "882449000", "researchAndDevelopment": "44648000", "operatingExpenses": "827976000", "investmentIncomeNet": "None", "netInterestIncome": "None", "interestIncome": "None", "interestExpense": "11863000", "nonInterestIncome": "None", "otherNonOperatingIncome": "2612000", "depreciation": "None", "depreciationAndAmortization": "45767000", "incomeBeforeTax": "174193000", "incomeTaxExpense": "56978000", "interestAndDebtExpense": "None", "netIncomeFromContinuingOperations": "68052000", "comprehensiveIncomeNetOfTax": "None", "ebit": "106056000", "ebitda": "151823000", "netIncome": "117215000"}, {"fiscalDateEnding": "2012-09-30", "reportedCurrency": "USD", "grossProfit": "1150282000", "totalRevenue": "2603226000", "costOfRevenue": "1452944000", "costofGoodsAndServicesSold": "1452944000", "operatingIncome": "350027000", "sellingGeneralAndAdministrative": "800255000", "researchAndDevelopment": "0", "operatingExpenses": "799786000", "investmentIncomeNet": "None", "netInterestIncome": "None", "interestIncome": "None", "interestExpense": "10358000", "nonInterestIncome": "None", "otherNonOperatingIncome": "3983000", "depreciation": "None", "depreciationAndAmortization": "44965000", "incomeBeforeTax": "342998000", "incomeTaxExpense": "108045000", "interestAndDebtExpense": "None", "netIncomeFromContinuingOperations": "234953000", "comprehensiveIncomeNetOfTax": "None", "ebit": "353356000", "ebitda": "398321000", "netIncome": "232988000"}, {"fiscalDateEnding": "2012-06-30", "reportedCurrency": "USD", "grossProfit": "1150597000", "totalRevenue": "2573022000", "costOfRevenue": "1422425000", "costofGoodsAndServicesSold": "1422425000", "operatingIncome": "336490000", "sellingGeneralAndAdministrative": "810207000", "researchAndDevelopment": "0", "operatingExpenses": "810207000", "investmentIncomeNet": "None", "netInterestIncome": "None", "interestIncome": "None", "interestExpense": "10230000", "nonInterestIncome": "None", "otherNonOperatingIncome": "729000", "depreciation": "None", "depreciationAndAmortization": "43987000", "incomeBeforeTax": "327803000", "incomeTaxExpense": "99990000", "interestAndDebtExpense": "None", "netIncomeFromContinuingOperations": "227813000", "comprehensiveIncomeNetOfTax": "None", "ebit": "338033000", "ebitda": "382020000", "netIncome": "225905000"}, {"fiscalDateEnding": "2012-03-31", "reportedCurrency": "USD", "grossProfit": "909839000", "totalRevenue": "2136344000", "costOfRevenue": "1226505000", "costofGoodsAndServicesSold": "1226505000", "operatingIncome": "147002000", "sellingGeneralAndAdministrative": "762837000", "researchAndDevelopment": "0", "operatingExpenses": "762716000", "investmentIncomeNet": "None", "netInterestIncome": "None", "interestIncome": "None", "interestExpense": "10337000", "nonInterestIncome": "None", "otherNonOperatingIncome": "5529000", "depreciation": "None", "depreciationAndAmortization": "44483000", "incomeBeforeTax": "142315000", "incomeTaxExpense": "42099000", "interestAndDebtExpense": "None", "netIncomeFromContinuingOperations": "100216000", "comprehensiveIncomeNetOfTax": "None", "ebit": "152652000", "ebitda": "197135000", "netIncome": "99434000"}, {"fiscalDateEnding": "2011-12-31", "reportedCurrency": "USD", "grossProfit": "886100000", "totalRevenue": "2070442000", "costOfRevenue": "1184342000", "costofGoodsAndServicesSold": "1184342000", "operatingIncome": "129412000", "sellingGeneralAndAdministrative": "756688000", "researchAndDevelopment": "41719000", "operatingExpenses": "753957000", "investmentIncomeNet": "None", "netInterestIncome": "None", "interestIncome": "None", "interestExpense": "9623000", "nonInterestIncome": "None", "otherNonOperatingIncome": "13172000", "depreciation": "None", "depreciationAndAmortization": "44834000", "incomeBeforeTax": "129543000", "incomeTaxExpense": "114991000", "interestAndDebtExpense": "None", "netIncomeFromContinuingOperations": "14552000", "comprehensiveIncomeNetOfTax": "None", "ebit": "139166000", "ebitda": "184000000", "netIncome": "14552000"}, {"fiscalDateEnding": "2011-09-30", "reportedCurrency": "USD", "grossProfit": "1038299000", "totalRevenue": "2484920000", "costOfRevenue": "1446621000", "costofGoodsAndServicesSold": "1446621000", "operatingIncome": "278120000", "sellingGeneralAndAdministrative": "760179000", "researchAndDevelopment": "0", "operatingExpenses": "761779000", "investmentIncomeNet": "None", "netInterestIncome": "None", "interestIncome": "None", "interestExpense": "10452000", "nonInterestIncome": "None", "otherNonOperatingIncome": "-5792000", "depreciation": "None", "depreciationAndAmortization": "48136000", "incomeBeforeTax": "260276000", "incomeTaxExpense": "80399000", "interestAndDebtExpense": "None", "netIncomeFromContinuingOperations": "179877000", "comprehensiveIncomeNetOfTax": "None", "ebit": "270728000", "ebitda": "318864000", "netIncome": "179877000"}, {"fiscalDateEnding": "2011-06-30", "reportedCurrency": "USD", "grossProfit": "1022755000", "totalRevenue": "2354751000", "costOfRevenue": "1331996000", "costofGoodsAndServicesSold": "1331996000", "operatingIncome": "267908000", "sellingGeneralAndAdministrative": "755555000", "researchAndDevelopment": "0", "operatingExpenses": "754857000", "investmentIncomeNet": "None", "netInterestIncome": "None", "interestIncome": "None", "interestExpense": "11747000", "nonInterestIncome": "None", "otherNonOperatingIncome": "865000", "depreciation": "None", "depreciationAndAmortization": "44208000", "incomeBeforeTax": "257016000", "incomeTaxExpense": "77901000", "interestAndDebtExpense": "None", "netIncomeFromContinuingOperations": "179115000", "comprehensiveIncomeNetOfTax": "None", "ebit": "268763000", "ebitda": "312971000", "netIncome": "179115000"}, {"fiscalDateEnding": "2011-03-31", "reportedCurrency": "USD", "grossProfit": "797408000", "totalRevenue": "1855586000", "costOfRevenue": "1058178000", "costofGoodsAndServicesSold": "1058178000", "operatingIncome": "106285000", "sellingGeneralAndAdministrative": "691123000", "researchAndDevelopment": "0", "operatingExpenses": "692295000", "investmentIncomeNet": "None", "netInterestIncome": "None", "interestIncome": "None", "interestExpense": "10675000", "nonInterestIncome": "None", "otherNonOperatingIncome": "275000", "depreciation": "None", "depreciationAndAmortization": "43726000", "incomeBeforeTax": "94713000", "incomeTaxExpense": "26397000", "interestAndDebtExpense": "None", "netIncomeFromContinuingOperations": "68316000", "comprehensiveIncomeNetOfTax": "None", "ebit": "105388000", "ebitda": "149114000", "netIncome": "68316000"}, {"fiscalDateEnding": "2010-12-31", "reportedCurrency": "USD", "grossProfit": "845632000", "totalRevenue": "1895619000", "costOfRevenue": "1049987000", "costofGoodsAndServicesSold": "1049987000", "operatingIncome": "127683000", "sellingGeneralAndAdministrative": "720360000", "researchAndDevelopment": "39883000", "operatingExpenses": "717949000", "investmentIncomeNet": "None", "netInterestIncome": "None", "interestIncome": "None", "interestExpense": "21376000", "nonInterestIncome": "None", "otherNonOperatingIncome": "1875000", "depreciation": "None", "depreciationAndAmortization": "52864000", "incomeBeforeTax": "103698000", "incomeTaxExpense": "30780000", "interestAndDebtExpense": "None", "netIncomeFromContinuingOperations": "72918000", "comprehensiveIncomeNetOfTax": "None", "ebit": "128485000", "ebitda": "181349000", "netIncome": "72918000"}, {"fiscalDateEnding": "2010-09-30", "reportedCurrency": "USD", "grossProfit": "971585000", "totalRevenue": "2172259000", "costOfRevenue": "1200674000", "costofGoodsAndServicesSold": "1200674000", "operatingIncome": "267913000", "sellingGeneralAndAdministrative": "703672000", "researchAndDevelopment": "0", "operatingExpenses": "703672000", "investmentIncomeNet": "None", "netInterestIncome": "None", "interestIncome": "None", "interestExpense": "11310000", "nonInterestIncome": "None", "otherNonOperatingIncome": "-2041000", "depreciation": "None", "depreciationAndAmortization": "43035000", "incomeBeforeTax": "255379000", "incomeTaxExpense": "80121000", "interestAndDebtExpense": "None", "netIncomeFromContinuingOperations": "175258000", "comprehensiveIncomeNetOfTax": "None", "ebit": "266689000", "ebitda": "309724000", "netIncome": "175258000"}, {"fiscalDateEnding": "2010-06-30", "reportedCurrency": "USD", "grossProfit": "971893000", "totalRevenue": "2143064000", "costOfRevenue": "1171171000", "costofGoodsAndServicesSold": "1171171000", "operatingIncome": "275553000", "sellingGeneralAndAdministrative": "696340000", "researchAndDevelopment": "0", "operatingExpenses": "696340000", "investmentIncomeNet": "None", "netInterestIncome": "None", "interestIncome": "None", "interestExpense": "26340000", "nonInterestIncome": "None", "otherNonOperatingIncome": "10035000", "depreciation": "None", "depreciationAndAmortization": "39562000", "incomeBeforeTax": "259248000", "incomeTaxExpense": "77542000", "interestAndDebtExpense": "None", "netIncomeFromContinuingOperations": "181706000", "comprehensiveIncomeNetOfTax": "None", "ebit": "285588000", "ebitda": "325150000", "netIncome": "181706000"}, {"fiscalDateEnding": "2010-03-31", "reportedCurrency": "USD", "grossProfit": "691968000", "totalRevenue": "1565482000", "costOfRevenue": "873514000", "costofGoodsAndServicesSold": "873514000", "operatingIncome": "77187000", "sellingGeneralAndAdministrative": "614781000", "researchAndDevelopment": "0", "operatingExpenses": "614781000", "investmentIncomeNet": "None", "netInterestIncome": "None", "interestIncome": "None", "interestExpense": "11570000", "nonInterestIncome": "None", "otherNonOperatingIncome": "-6159000", "depreciation": "None", "depreciationAndAmortization": "39850000", "incomeBeforeTax": "59458000", "incomeTaxExpense": "26855000", "interestAndDebtExpense": "None", "netIncomeFromContinuingOperations": "32603000", "comprehensiveIncomeNetOfTax": "None", "ebit": "71028000", "ebitda": "110878000", "netIncome": "32603000"}, {"fiscalDateEnding": "2009-12-31", "reportedCurrency": "USD", "grossProfit": "758238000", "totalRevenue": "1598836000", "costOfRevenue": "840598000", "costofGoodsAndServicesSold": "840598000", "operatingIncome": "126263000", "sellingGeneralAndAdministrative": "631975000", "researchAndDevelopment": "40425000", "operatingExpenses": "631975000", "investmentIncomeNet": "None", "netInterestIncome": "None", "interestIncome": "None", "interestExpense": "8997000", "nonInterestIncome": "None", "otherNonOperatingIncome": "None", "depreciation": "None", "depreciationAndAmortization": "42474000", "incomeBeforeTax": "81153000", "incomeTaxExpense": "15815000", "interestAndDebtExpense": "None", "netIncomeFromContinuingOperations": "0", "comprehensiveIncomeNetOfTax": "None", "ebit": "126843000", "ebitda": "169317000", "netIncome": "65338000"}, {"fiscalDateEnding": "2009-09-30", "reportedCurrency": "USD", "grossProfit": "928983000", "totalRevenue": "1996909000", "costOfRevenue": "1067926000", "costofGoodsAndServicesSold": "1067926000", "operatingIncome": "267868000", "sellingGeneralAndAdministrative": "661115000", "researchAndDevelopment": "0", "operatingExpenses": "654246000", "investmentIncomeNet": "None", "netInterestIncome": "None", "interestIncome": "None", "interestExpense": "8471000", "nonInterestIncome": "None", "otherNonOperatingIncome": "None", "depreciation": "None", "depreciationAndAmortization": "43034000", "incomeBeforeTax": "258648000", "incomeTaxExpense": "83440000", "interestAndDebtExpense": "None", "netIncomeFromContinuingOperations": "0", "comprehensiveIncomeNetOfTax": "None", "ebit": "267119000", "ebitda": "310153000", "netIncome": "175208000"}, {"fiscalDateEnding": "2009-06-30", "reportedCurrency": "USD", "grossProfit": "895342000", "totalRevenue": "1947827000", "costOfRevenue": "1052485000", "costofGoodsAndServicesSold": "1052485000", "operatingIncome": "239290000", "sellingGeneralAndAdministrative": "656052000", "researchAndDevelopment": "0", "operatingExpenses": "656052000", "investmentIncomeNet": "None", "netInterestIncome": "None", "interestIncome": "None", "interestExpense": "10356000", "nonInterestIncome": "None", "otherNonOperatingIncome": "None", "depreciation": "None", "depreciationAndAmortization": "43285000", "incomeBeforeTax": "232123000", "incomeTaxExpense": "74100000", "interestAndDebtExpense": "None", "netIncomeFromContinuingOperations": "0", "comprehensiveIncomeNetOfTax": "None", "ebit": "242479000", "ebitda": "285764000", "netIncome": "158023000"}, {"fiscalDateEnding": "2009-03-31", "reportedCurrency": "USD", "grossProfit": "680606000", "totalRevenue": "1550677000", "costOfRevenue": "870071000", "costofGoodsAndServicesSold": "870071000", "operatingIncome": "61353000", "sellingGeneralAndAdministrative": "619253000", "researchAndDevelopment": "0", "operatingExpenses": "619253000", "investmentIncomeNet": "None", "netInterestIncome": "None", "interestIncome": "None", "interestExpense": "12202000", "nonInterestIncome": "None", "otherNonOperatingIncome": "None", "depreciation": "None", "depreciationAndAmortization": "42111000", "incomeBeforeTax": "50893000", "incomeTaxExpense": "13614000", "interestAndDebtExpense": "None", "netIncomeFromContinuingOperations": "0", "comprehensiveIncomeNetOfTax": "None", "ebit": "63095000", "ebitda": "105206000", "netIncome": "37279000"}, {"fiscalDateEnding": "2008-12-31", "reportedCurrency": "USD", "grossProfit": "784900000", "totalRevenue": "1699842000", "costOfRevenue": "914942000", "costofGoodsAndServicesSold": "914942000", "operatingIncome": "132044000", "sellingGeneralAndAdministrative": "633537000", "researchAndDevelopment": "37469000", "operatingExpenses": "652856000", "investmentIncomeNet": "None", "netInterestIncome": "None", "interestIncome": "None", "interestExpense": "14678000", "nonInterestIncome": "None", "otherNonOperatingIncome": "None", "depreciation": "None", "depreciationAndAmortization": "41294000", "incomeBeforeTax": "79132000", "incomeTaxExpense": "28966000", "interestAndDebtExpense": "None", "netIncomeFromContinuingOperations": "0", "comprehensiveIncomeNetOfTax": "None", "ebit": "76302000", "ebitda": "117596000", "netIncome": "50166000"}, {"fiscalDateEnding": "2008-09-30", "reportedCurrency": "USD", "grossProfit": "960489000", "totalRevenue": "2268658000", "costOfRevenue": "1308169000", "costofGoodsAndServicesSold": "1308169000", "operatingIncome": "279137000", "sellingGeneralAndAdministrative": "681352000", "researchAndDevelopment": "0", "operatingExpenses": "681352000", "investmentIncomeNet": "None", "netInterestIncome": "None", "interestIncome": "None", "interestExpense": "15200000", "nonInterestIncome": "None", "otherNonOperatingIncome": "None", "depreciation": "None", "depreciationAndAmortization": "42395000", "incomeBeforeTax": "266142000", "incomeTaxExpense": "89061000", "interestAndDebtExpense": "None", "netIncomeFromContinuingOperations": "0", "comprehensiveIncomeNetOfTax": "None", "ebit": "236742000", "ebitda": "279137000", "netIncome": "177081000"}, {"fiscalDateEnding": "2008-06-30", "reportedCurrency": "USD", "grossProfit": "972903000", "totalRevenue": "2229545000", "costOfRevenue": "1256642000", "costofGoodsAndServicesSold": "1256642000", "operatingIncome": "295919000", "sellingGeneralAndAdministrative": "676984000", "researchAndDevelopment": "0", "operatingExpenses": "676984000", "investmentIncomeNet": "None", "netInterestIncome": "None", "interestIncome": "None", "interestExpense": "18133000", "nonInterestIncome": "None", "otherNonOperatingIncome": "None", "depreciation": "None", "depreciationAndAmortization": "40689000", "incomeBeforeTax": "256172000", "incomeTaxExpense": "84489000", "interestAndDebtExpense": "None", "netIncomeFromContinuingOperations": "0", "comprehensiveIncomeNetOfTax": "None", "ebit": "255230000", "ebitda": "295919000", "netIncome": "171683000"}, {"fiscalDateEnding": "2008-03-31", "reportedCurrency": "USD", "grossProfit": "780508000", "totalRevenue": "1781682000", "costOfRevenue": "1001174000", "costofGoodsAndServicesSold": "1001174000", "operatingIncome": "128801000", "sellingGeneralAndAdministrative": "651707000", "researchAndDevelopment": "0", "operatingExpenses": "651707000", "investmentIncomeNet": "None", "netInterestIncome": "None", "interestIncome": "None", "interestExpense": "17673000", "nonInterestIncome": "None", "otherNonOperatingIncome": "None", "depreciation": "None", "depreciationAndAmortization": "41133000", "incomeBeforeTax": "113029000", "incomeTaxExpense": "35083000", "interestAndDebtExpense": "None", "netIncomeFromContinuingOperations": "0", "comprehensiveIncomeNetOfTax": "None", "ebit": "87668000", "ebitda": "128801000", "netIncome": "77946000"}, {"fiscalDateEnding": "2007-12-31", "reportedCurrency": "USD", "grossProfit": "832002000", "totalRevenue": "1853884000", "costOfRevenue": "1021882000", "costofGoodsAndServicesSold": "1021882000", "operatingIncome": "189607000", "sellingGeneralAndAdministrative": "642395000", "researchAndDevelopment": "37266000", "operatingExpenses": "642395000", "investmentIncomeNet": "None", "netInterestIncome": "None", "interestIncome": "None", "interestExpense": "19215000", "nonInterestIncome": "None", "otherNonOperatingIncome": "None", "depreciation": "None", "depreciationAndAmortization": "45204000", "incomeBeforeTax": "151963000", "incomeTaxExpense": "51143000", "interestAndDebtExpense": "None", "netIncomeFromContinuingOperations": "0", "comprehensiveIncomeNetOfTax": "None", "ebit": "189607000", "ebitda": "234811000", "netIncome": "100820000"}, {"fiscalDateEnding": "2007-09-30", "reportedCurrency": "USD", "grossProfit": "988388000", "totalRevenue": "2197042000", "costOfRevenue": "1208654000", "costofGoodsAndServicesSold": "1208654000", "operatingIncome": "317955000", "sellingGeneralAndAdministrative": "670433000", "researchAndDevelopment": "0", "operatingExpenses": "670433000", "investmentIncomeNet": "None", "netInterestIncome": "None", "interestIncome": "None", "interestExpense": "17048000", "nonInterestIncome": "None", "otherNonOperatingIncome": "None", "depreciation": "None", "depreciationAndAmortization": "41416000", "incomeBeforeTax": "294317000", "incomeTaxExpense": "93968000", "interestAndDebtExpense": "None", "netIncomeFromContinuingOperations": "0", "comprehensiveIncomeNetOfTax": "None", "ebit": "276539000", "ebitda": "317955000", "netIncome": "200349000"}, {"fiscalDateEnding": "2007-06-30", "reportedCurrency": "USD", "grossProfit": "986570000", "totalRevenue": "2198188000", "costOfRevenue": "1211618000", "costofGoodsAndServicesSold": "1211618000", "operatingIncome": "319671000", "sellingGeneralAndAdministrative": "666899000", "researchAndDevelopment": "0", "operatingExpenses": "666899000", "investmentIncomeNet": "None", "netInterestIncome": "None", "interestIncome": "None", "interestExpense": "16786000", "nonInterestIncome": "None", "otherNonOperatingIncome": "None", "depreciation": "None", "depreciationAndAmortization": "39169000", "incomeBeforeTax": "303145000", "incomeTaxExpense": "100538000", "interestAndDebtExpense": "None", "netIncomeFromContinuingOperations": "0", "comprehensiveIncomeNetOfTax": "None", "ebit": "280502000", "ebitda": "319671000", "netIncome": "202607000"}, {"fiscalDateEnding": "2007-03-31", "reportedCurrency": "USD", "grossProfit": "791366000", "totalRevenue": "1756178000", "costOfRevenue": "964812000", "costofGoodsAndServicesSold": "964812000", "operatingIncome": "173567000", "sellingGeneralAndAdministrative": "617799000", "researchAndDevelopment": "0", "operatingExpenses": "617799000", "investmentIncomeNet": "None", "netInterestIncome": "None", "interestIncome": "None", "interestExpense": "18581000", "nonInterestIncome": "None", "otherNonOperatingIncome": "None", "depreciation": "None", "depreciationAndAmortization": "37690000", "incomeBeforeTax": "163518000", "incomeTaxExpense": "51716000", "interestAndDebtExpense": "None", "netIncomeFromContinuingOperations": "0", "comprehensiveIncomeNetOfTax": "None", "ebit": "135936000", "ebitda": "173626000", "netIncome": "111802000"}, {"fiscalDateEnding": "2006-12-31", "reportedCurrency": "USD", "grossProfit": "770863000", "totalRevenue": "1794550000", "costOfRevenue": "1023687000", "costofGoodsAndServicesSold": "1023687000", "operatingIncome": "146003000", "sellingGeneralAndAdministrative": "624860000", "researchAndDevelopment": "36883000", "operatingExpenses": "624860000", "investmentIncomeNet": "None", "netInterestIncome": "None", "interestIncome": "None", "interestExpense": "16538000", "nonInterestIncome": "None", "otherNonOperatingIncome": "None", "depreciation": "None", "depreciationAndAmortization": "38322000", "incomeBeforeTax": "126585000", "incomeTaxExpense": "27902000", "interestAndDebtExpense": "None", "netIncomeFromContinuingOperations": "0", "comprehensiveIncomeNetOfTax": "None", "ebit": "146003000", "ebitda": "184325000", "netIncome": "98683000"}, {"fiscalDateEnding": "2006-09-30", "reportedCurrency": "USD", "grossProfit": "935778000", "totalRevenue": "2116711000", "costOfRevenue": "1180933000", "costofGoodsAndServicesSold": "1180933000", "operatingIncome": "286858000", "sellingGeneralAndAdministrative": "648920000", "researchAndDevelopment": "0", "operatingExpenses": "648920000", "investmentIncomeNet": "None", "netInterestIncome": "None", "interestIncome": "None", "interestExpense": "16437000", "nonInterestIncome": "None", "otherNonOperatingIncome": "None", "depreciation": "None", "depreciationAndAmortization": "36497000", "incomeBeforeTax": "276691000", "incomeTaxExpense": "97579000", "interestAndDebtExpense": "None", "netIncomeFromContinuingOperations": "0", "comprehensiveIncomeNetOfTax": "None", "ebit": "250361000", "ebitda": "286858000", "netIncome": "179112000"}, {"fiscalDateEnding": "2006-06-30", "reportedCurrency": "USD", "grossProfit": "936588000", "totalRevenue": "2129970000", "costOfRevenue": "1193382000", "costofGoodsAndServicesSold": "1193382000", "operatingIncome": "295026000", "sellingGeneralAndAdministrative": "641562000", "researchAndDevelopment": "0", "operatingExpenses": "641562000", "investmentIncomeNet": "None", "netInterestIncome": "None", "interestIncome": "None", "interestExpense": "16837000", "nonInterestIncome": "None", "otherNonOperatingIncome": "None", "depreciation": "None", "depreciationAndAmortization": "35782000", "incomeBeforeTax": "269125000", "incomeTaxExpense": "84533000", "interestAndDebtExpense": "None", "netIncomeFromContinuingOperations": "0", "comprehensiveIncomeNetOfTax": "None", "ebit": "259244000", "ebitda": "295026000", "netIncome": "184592000"}, {"fiscalDateEnding": "2006-03-31", "reportedCurrency": "USD", "grossProfit": "771411000", "totalRevenue": "1768528000", "costOfRevenue": "997117000", "costofGoodsAndServicesSold": "997117000", "operatingIncome": "173826000", "sellingGeneralAndAdministrative": "597585000", "researchAndDevelopment": "0", "operatingExpenses": "597585000", "investmentIncomeNet": "None", "netInterestIncome": "None", "interestIncome": "None", "interestExpense": "17350000", "nonInterestIncome": "None", "otherNonOperatingIncome": "None", "depreciation": "None", "depreciationAndAmortization": "35316000", "incomeBeforeTax": "161911000", "incomeTaxExpense": "48240000", "interestAndDebtExpense": "None", "netIncomeFromContinuingOperations": "0", "comprehensiveIncomeNetOfTax": "None", "ebit": "138510000", "ebitda": "173826000", "netIncome": "113671000"}, {"fiscalDateEnding": "2005-12-31", "reportedCurrency": "USD", "grossProfit": "741680000", "totalRevenue": "1710030000", "costOfRevenue": "968350000", "costofGoodsAndServicesSold": "968350000", "operatingIncome": "152637000", "sellingGeneralAndAdministrative": "589043000", "researchAndDevelopment": "32338000", "operatingExpenses": "589043000", "investmentIncomeNet": "None", "netInterestIncome": "None", "interestIncome": "None", "interestExpense": "11974000", "nonInterestIncome": "None", "otherNonOperatingIncome": "None", "depreciation": "None", "depreciationAndAmortization": "45287000", "incomeBeforeTax": "110010000", "incomeTaxExpense": "34875000", "interestAndDebtExpense": "None", "netIncomeFromContinuingOperations": "0", "comprehensiveIncomeNetOfTax": "None", "ebit": "152637000", "ebitda": "197924000", "netIncome": "75135000"}, {"fiscalDateEnding": "2005-09-30", "reportedCurrency": "USD", "grossProfit": "839745000", "totalRevenue": "1976728000", "costOfRevenue": "1136983000", "costofGoodsAndServicesSold": "1136983000", "operatingIncome": "237228000", "sellingGeneralAndAdministrative": "602517000", "researchAndDevelopment": "0", "operatingExpenses": "602517000", "investmentIncomeNet": "None", "netInterestIncome": "None", "interestIncome": "None", "interestExpense": "12092000", "nonInterestIncome": "None", "otherNonOperatingIncome": "None", "depreciation": "None", "depreciationAndAmortization": "35893000", "incomeBeforeTax": "218994000", "incomeTaxExpense": "66970000", "interestAndDebtExpense": "None", "netIncomeFromContinuingOperations": "0", "comprehensiveIncomeNetOfTax": "None", "ebit": "201335000", "ebitda": "237228000", "netIncome": "151608000"}, {"fiscalDateEnding": "2005-06-30", "reportedCurrency": "USD", "grossProfit": "838166000", "totalRevenue": "1965358000", "costOfRevenue": "1127192000", "costofGoodsAndServicesSold": "1127192000", "operatingIncome": "245103000", "sellingGeneralAndAdministrative": "593063000", "researchAndDevelopment": "0", "operatingExpenses": "593063000", "investmentIncomeNet": "None", "netInterestIncome": "None", "interestIncome": "None", "interestExpense": "13556000", "nonInterestIncome": "None", "otherNonOperatingIncome": "None", "depreciation": "None", "depreciationAndAmortization": "35430000", "incomeBeforeTax": "219568000", "incomeTaxExpense": "65647000", "interestAndDebtExpense": "None", "netIncomeFromContinuingOperations": "0", "comprehensiveIncomeNetOfTax": "None", "ebit": "209673000", "ebitda": "245103000", "netIncome": "153221000"}, {"fiscalDateEnding": "2005-03-31", "reportedCurrency": "USD", "grossProfit": "660774000", "totalRevenue": "1538545000", "costOfRevenue": "877771000", "costofGoodsAndServicesSold": "877771000", "operatingIncome": "119177000", "sellingGeneralAndAdministrative": "541597000", "researchAndDevelopment": "0", "operatingExpenses": "541597000", "investmentIncomeNet": "None", "netInterestIncome": "None", "interestIncome": "None", "interestExpense": "11964000", "nonInterestIncome": "None", "otherNonOperatingIncome": "None", "depreciation": "None", "depreciationAndAmortization": "35630000", "incomeBeforeTax": "107643000", "incomeTaxExpense": "24109000", "interestAndDebtExpense": "None", "netIncomeFromContinuingOperations": "0", "comprehensiveIncomeNetOfTax": "None", "ebit": "83547000", "ebitda": "119177000", "netIncome": "83294000"}, {"fiscalDateEnding": "2004-12-31", "reportedCurrency": "USD", "grossProfit": "664822000", "totalRevenue": "1499183000", "costOfRevenue": "834361000", "costofGoodsAndServicesSold": "834361000", "operatingIncome": "121959000", "sellingGeneralAndAdministrative": "542863000", "researchAndDevelopment": "34313000", "operatingExpenses": "542863000", "investmentIncomeNet": "None", "netInterestIncome": "None", "interestIncome": "None", "interestExpense": "10961000", "nonInterestIncome": "None", "otherNonOperatingIncome": "None", "depreciation": "None", "depreciationAndAmortization": "48072000", "incomeBeforeTax": "101035000", "incomeTaxExpense": "17956000", "interestAndDebtExpense": "None", "netIncomeFromContinuingOperations": "0", "comprehensiveIncomeNetOfTax": "None", "ebit": "121959000", "ebitda": "170031000", "netIncome": "82485000"}]}