{"symbol": "K", "annualReports": [{"fiscalDateEnding": "2024-12-31", "reportedCurrency": "USD", "grossProfit": "4545000000", "totalRevenue": "12749000000", "costOfRevenue": "8204000000", "costofGoodsAndServicesSold": "8204000000", "operatingIncome": "1873000000", "sellingGeneralAndAdministrative": "2672000000", "researchAndDevelopment": "None", "operatingExpenses": "2672000000", "investmentIncomeNet": "None", "netInterestIncome": "-206000000", "interestIncome": "105000000", "interestExpense": "311000000", "nonInterestIncome": "None", "otherNonOperatingIncome": "None", "depreciation": "None", "depreciationAndAmortization": "367000000", "incomeBeforeTax": "1654000000", "incomeTaxExpense": "304000000", "interestAndDebtExpense": "None", "netIncomeFromContinuingOperations": "1356000000", "comprehensiveIncomeNetOfTax": "None", "ebit": "1965000000", "ebitda": "2332000000", "netIncome": "1356000000"}, {"fiscalDateEnding": "2023-12-31", "reportedCurrency": "USD", "grossProfit": "4283000000", "totalRevenue": "13122000000", "costOfRevenue": "8839000000", "costofGoodsAndServicesSold": "8839000000", "operatingIncome": "1505000000", "sellingGeneralAndAdministrative": "2778000000", "researchAndDevelopment": "116000000", "operatingExpenses": "2778000000", "investmentIncomeNet": "None", "netInterestIncome": "-202000000", "interestIncome": "101000000", "interestExpense": "303000000", "nonInterestIncome": "None", "otherNonOperatingIncome": "None", "depreciation": "None", "depreciationAndAmortization": "419000000", "incomeBeforeTax": "1040000000", "incomeTaxExpense": "258000000", "interestAndDebtExpense": "None", "netIncomeFromContinuingOperations": "788000000", "comprehensiveIncomeNetOfTax": "None", "ebit": "1505000000", "ebitda": "1924000000", "netIncome": "951000000"}, {"fiscalDateEnding": "2022-12-31", "reportedCurrency": "USD", "grossProfit": "3811000000", "totalRevenue": "12653000000", "costOfRevenue": "8842000000", "costofGoodsAndServicesSold": "8842000000", "operatingIncome": "1211000000", "sellingGeneralAndAdministrative": "2914000000", "researchAndDevelopment": "127000000", "operatingExpenses": "2600000000", "investmentIncomeNet": "None", "netInterestIncome": "-218000000", "interestIncome": "634000000", "interestExpense": "201000000", "nonInterestIncome": "None", "otherNonOperatingIncome": "-211000000", "depreciation": "None", "depreciationAndAmortization": "478000000", "incomeBeforeTax": "902000000", "incomeTaxExpense": "180000000", "interestAndDebtExpense": "None", "netIncomeFromContinuingOperations": "962000000", "comprehensiveIncomeNetOfTax": "None", "ebit": "1103000000", "ebitda": "1581000000", "netIncome": "962000000"}, {"fiscalDateEnding": "2021-12-31", "reportedCurrency": "USD", "grossProfit": "3818000000", "totalRevenue": "11747000000", "costOfRevenue": "7929000000", "costofGoodsAndServicesSold": "7929000000", "operatingIncome": "1383000000", "sellingGeneralAndAdministrative": "2808000000", "researchAndDevelopment": "134000000", "operatingExpenses": "2435000000", "investmentIncomeNet": "None", "netInterestIncome": "-223000000", "interestIncome": "40000000", "interestExpense": "205000000", "nonInterestIncome": "None", "otherNonOperatingIncome": "440000000", "depreciation": "None", "depreciationAndAmortization": "467000000", "incomeBeforeTax": "1452000000", "incomeTaxExpense": "353000000", "interestAndDebtExpense": "None", "netIncomeFromContinuingOperations": "1495000000", "comprehensiveIncomeNetOfTax": "None", "ebit": "1657000000", "ebitda": "2124000000", "netIncome": "1495000000"}, {"fiscalDateEnding": "2020-12-31", "reportedCurrency": "USD", "grossProfit": "4727000000", "totalRevenue": "13770000000", "costOfRevenue": "9043000000", "costofGoodsAndServicesSold": "9043000000", "operatingIncome": "1761000000", "sellingGeneralAndAdministrative": "2966000000", "researchAndDevelopment": "135000000", "operatingExpenses": "2966000000", "investmentIncomeNet": "None", "netInterestIncome": "-281000000", "interestIncome": "281000000", "interestExpense": "281000000", "nonInterestIncome": "None", "otherNonOperatingIncome": "107000000", "depreciation": "None", "depreciationAndAmortization": "479000000", "incomeBeforeTax": "1601000000", "incomeTaxExpense": "323000000", "interestAndDebtExpense": "None", "netIncomeFromContinuingOperations": "1278000000", "comprehensiveIncomeNetOfTax": "None", "ebit": "1882000000", "ebitda": "2361000000", "netIncome": "1278000000"}, {"fiscalDateEnding": "2019-12-31", "reportedCurrency": "USD", "grossProfit": "4381000000", "totalRevenue": "13578000000", "costOfRevenue": "9197000000", "costofGoodsAndServicesSold": "9197000000", "operatingIncome": "1401000000", "sellingGeneralAndAdministrative": "2755000000", "researchAndDevelopment": "144000000", "operatingExpenses": "2980000000", "investmentIncomeNet": "None", "netInterestIncome": "-284000000", "interestIncome": "264000000", "interestExpense": "284000000", "nonInterestIncome": "None", "otherNonOperatingIncome": "181000000", "depreciation": "None", "depreciationAndAmortization": "484000000", "incomeBeforeTax": "1305000000", "incomeTaxExpense": "321000000", "interestAndDebtExpense": "None", "netIncomeFromContinuingOperations": "984000000", "comprehensiveIncomeNetOfTax": "None", "ebit": "1589000000", "ebitda": "2073000000", "netIncome": "960000000"}, {"fiscalDateEnding": "2018-12-31", "reportedCurrency": "USD", "grossProfit": "4726000000", "totalRevenue": "13547000000", "costOfRevenue": "8821000000", "costofGoodsAndServicesSold": "8821000000", "operatingIncome": "1706000000", "sellingGeneralAndAdministrative": "2793000000", "researchAndDevelopment": "154000000", "operatingExpenses": "3020000000", "investmentIncomeNet": "None", "netInterestIncome": "-287000000", "interestIncome": "271000000", "interestExpense": "287000000", "nonInterestIncome": "None", "otherNonOperatingIncome": "106000000", "depreciation": "None", "depreciationAndAmortization": "516000000", "incomeBeforeTax": "1329000000", "incomeTaxExpense": "181000000", "interestAndDebtExpense": "None", "netIncomeFromContinuingOperations": "1148000000", "comprehensiveIncomeNetOfTax": "None", "ebit": "1616000000", "ebitda": "2132000000", "netIncome": "1336000000"}, {"fiscalDateEnding": "2017-12-31", "reportedCurrency": "USD", "grossProfit": "4699000000", "totalRevenue": "12854000000", "costOfRevenue": "8155000000", "costofGoodsAndServicesSold": "8155000000", "operatingIncome": "1387000000", "sellingGeneralAndAdministrative": "2852000000", "researchAndDevelopment": "148000000", "operatingExpenses": "3312000000", "investmentIncomeNet": "None", "netInterestIncome": "-256000000", "interestIncome": "266000000", "interestExpense": "256000000", "nonInterestIncome": "None", "otherNonOperatingIncome": "-9000000", "depreciation": "None", "depreciationAndAmortization": "481000000", "incomeBeforeTax": "1657000000", "incomeTaxExpense": "410000000", "interestAndDebtExpense": "None", "netIncomeFromContinuingOperations": "1262000000", "comprehensiveIncomeNetOfTax": "None", "ebit": "1913000000", "ebitda": "2394000000", "netIncome": "1254000000"}, {"fiscalDateEnding": "2016-12-31", "reportedCurrency": "USD", "grossProfit": "4834000000", "totalRevenue": "12965000000", "costOfRevenue": "8131000000", "costofGoodsAndServicesSold": "8131000000", "operatingIncome": "1483000000", "sellingGeneralAndAdministrative": "3360000000", "researchAndDevelopment": "182000000", "operatingExpenses": "3351000000", "investmentIncomeNet": "None", "netInterestIncome": "-406000000", "interestIncome": "406000000", "interestExpense": "406000000", "nonInterestIncome": "None", "otherNonOperatingIncome": "-61000000", "depreciation": "None", "depreciationAndAmortization": "517000000", "incomeBeforeTax": "934000000", "incomeTaxExpense": "235000000", "interestAndDebtExpense": "None", "netIncomeFromContinuingOperations": "694000000", "comprehensiveIncomeNetOfTax": "None", "ebit": "1340000000", "ebitda": "1857000000", "netIncome": "699000000"}, {"fiscalDateEnding": "2015-12-31", "reportedCurrency": "USD", "grossProfit": "4681000000", "totalRevenue": "13525000000", "costOfRevenue": "8844000000", "costofGoodsAndServicesSold": "8844000000", "operatingIncome": "1091000000", "sellingGeneralAndAdministrative": "3150000000", "researchAndDevelopment": "193000000", "operatingExpenses": "3590000000", "investmentIncomeNet": "None", "netInterestIncome": "None", "interestIncome": "215000000", "interestExpense": "227000000", "nonInterestIncome": "None", "otherNonOperatingIncome": "-91000000", "depreciation": "None", "depreciationAndAmortization": "534000000", "incomeBeforeTax": "773000000", "incomeTaxExpense": "159000000", "interestAndDebtExpense": "None", "netIncomeFromContinuingOperations": "614000000", "comprehensiveIncomeNetOfTax": "None", "ebit": "1000000000", "ebitda": "1534000000", "netIncome": "614000000"}, {"fiscalDateEnding": "2014-12-31", "reportedCurrency": "USD", "grossProfit": "5063000000", "totalRevenue": "14580000000", "costOfRevenue": "9517000000", "costofGoodsAndServicesSold": "9517000000", "operatingIncome": "1024000000", "sellingGeneralAndAdministrative": "4014000000", "researchAndDevelopment": "199000000", "operatingExpenses": "4039000000", "investmentIncomeNet": "None", "netInterestIncome": "None", "interestIncome": "None", "interestExpense": "209000000", "nonInterestIncome": "None", "otherNonOperatingIncome": "4000000", "depreciation": "None", "depreciationAndAmortization": "503000000", "incomeBeforeTax": "825000000", "incomeTaxExpense": "186000000", "interestAndDebtExpense": "None", "netIncomeFromContinuingOperations": "639000000", "comprehensiveIncomeNetOfTax": "None", "ebit": "1034000000", "ebitda": "1537000000", "netIncome": "632000000"}, {"fiscalDateEnding": "2013-12-31", "reportedCurrency": "USD", "grossProfit": "6103000000", "totalRevenue": "14792000000", "costOfRevenue": "8689000000", "costofGoodsAndServicesSold": "8689000000", "operatingIncome": "2837000000", "sellingGeneralAndAdministrative": "3220000000", "researchAndDevelopment": "199000000", "operatingExpenses": "3266000000", "investmentIncomeNet": "None", "netInterestIncome": "None", "interestIncome": "None", "interestExpense": "235000000", "nonInterestIncome": "None", "otherNonOperatingIncome": "-2000000", "depreciation": "None", "depreciationAndAmortization": "532000000", "incomeBeforeTax": "2606000000", "incomeTaxExpense": "792000000", "interestAndDebtExpense": "None", "netIncomeFromContinuingOperations": "1814000000", "comprehensiveIncomeNetOfTax": "None", "ebit": "2841000000", "ebitda": "3373000000", "netIncome": "1807000000"}, {"fiscalDateEnding": "2012-12-31", "reportedCurrency": "USD", "grossProfit": "5434000000", "totalRevenue": "14197000000", "costOfRevenue": "8763000000", "costofGoodsAndServicesSold": "8763000000", "operatingIncome": "1562000000", "sellingGeneralAndAdministrative": "3799000000", "researchAndDevelopment": "206000000", "operatingExpenses": "3872000000", "investmentIncomeNet": "None", "netInterestIncome": "None", "interestIncome": "None", "interestExpense": "261000000", "nonInterestIncome": "None", "otherNonOperatingIncome": "23000000", "depreciation": "None", "depreciationAndAmortization": "448000000", "incomeBeforeTax": "1325000000", "incomeTaxExpense": "363000000", "interestAndDebtExpense": "None", "netIncomeFromContinuingOperations": "962000000", "comprehensiveIncomeNetOfTax": "None", "ebit": "1586000000", "ebitda": "2034000000", "netIncome": "961000000"}, {"fiscalDateEnding": "2011-12-31", "reportedCurrency": "USD", "grossProfit": "5152000000", "totalRevenue": "13198000000", "costOfRevenue": "8046000000", "costofGoodsAndServicesSold": "8046000000", "operatingIncome": "1427000000", "sellingGeneralAndAdministrative": "3472000000", "researchAndDevelopment": "192000000", "operatingExpenses": "3725000000", "investmentIncomeNet": "None", "netInterestIncome": "None", "interestIncome": "None", "interestExpense": "233000000", "nonInterestIncome": "None", "otherNonOperatingIncome": "-11000000", "depreciation": "None", "depreciationAndAmortization": "369000000", "incomeBeforeTax": "1184000000", "incomeTaxExpense": "320000000", "interestAndDebtExpense": "None", "netIncomeFromContinuingOperations": "1229000000", "comprehensiveIncomeNetOfTax": "None", "ebit": "1417000000", "ebitda": "1786000000", "netIncome": "866000000"}, {"fiscalDateEnding": "2010-12-31", "reportedCurrency": "USD", "grossProfit": "5342000000", "totalRevenue": "12397000000", "costOfRevenue": "7055000000", "costofGoodsAndServicesSold": "7055000000", "operatingIncome": "2037000000", "sellingGeneralAndAdministrative": "3249000000", "researchAndDevelopment": "187000000", "operatingExpenses": "3305000000", "investmentIncomeNet": "None", "netInterestIncome": "None", "interestIncome": "None", "interestExpense": "248000000", "nonInterestIncome": "None", "otherNonOperatingIncome": "-11000000", "depreciation": "None", "depreciationAndAmortization": "392000000", "incomeBeforeTax": "1790000000", "incomeTaxExpense": "510000000", "interestAndDebtExpense": "None", "netIncomeFromContinuingOperations": "1240000000", "comprehensiveIncomeNetOfTax": "None", "ebit": "2038000000", "ebitda": "2430000000", "netIncome": "1287000000"}, {"fiscalDateEnding": "2009-12-31", "reportedCurrency": "USD", "grossProfit": "5391000000", "totalRevenue": "12575000000", "costOfRevenue": "7184000000", "costofGoodsAndServicesSold": "7184000000", "operatingIncome": "2001000000", "sellingGeneralAndAdministrative": "3365000000", "researchAndDevelopment": "181000000", "operatingExpenses": "3390000000", "investmentIncomeNet": "None", "netInterestIncome": "None", "interestIncome": "None", "interestExpense": "295000000", "nonInterestIncome": "None", "otherNonOperatingIncome": "-22000000", "depreciation": "None", "depreciationAndAmortization": "384000000", "incomeBeforeTax": "1684000000", "incomeTaxExpense": "476000000", "interestAndDebtExpense": "None", "netIncomeFromContinuingOperations": "1208000000", "comprehensiveIncomeNetOfTax": "None", "ebit": "1979000000", "ebitda": "2363000000", "netIncome": "1212000000"}, {"fiscalDateEnding": "2008-12-31", "reportedCurrency": "USD", "grossProfit": "5367000000", "totalRevenue": "12822000000", "costOfRevenue": "7455000000", "costofGoodsAndServicesSold": "7455000000", "operatingIncome": "1953000000", "sellingGeneralAndAdministrative": "3414000000", "researchAndDevelopment": "181000000", "operatingExpenses": "3414000000", "investmentIncomeNet": "None", "netInterestIncome": "None", "interestIncome": "None", "interestExpense": "308000000", "nonInterestIncome": "None", "otherNonOperatingIncome": "None", "depreciation": "None", "depreciationAndAmortization": "375000000", "incomeBeforeTax": "1631000000", "incomeTaxExpense": "485000000", "interestAndDebtExpense": "None", "netIncomeFromContinuingOperations": "None", "comprehensiveIncomeNetOfTax": "None", "ebit": "1939000000", "ebitda": "2314000000", "netIncome": "1148000000"}, {"fiscalDateEnding": "2007-12-31", "reportedCurrency": "USD", "grossProfit": "5179000000", "totalRevenue": "11776000000", "costOfRevenue": "6597000000", "costofGoodsAndServicesSold": "6597000000", "operatingIncome": "1868000000", "sellingGeneralAndAdministrative": "3311000000", "researchAndDevelopment": "179000000", "operatingExpenses": "3311000000", "investmentIncomeNet": "None", "netInterestIncome": "None", "interestIncome": "None", "interestExpense": "319000000", "nonInterestIncome": "None", "otherNonOperatingIncome": "None", "depreciation": "None", "depreciationAndAmortization": "372000000", "incomeBeforeTax": "1547000000", "incomeTaxExpense": "444000000", "interestAndDebtExpense": "None", "netIncomeFromContinuingOperations": "None", "comprehensiveIncomeNetOfTax": "None", "ebit": "1866000000", "ebitda": "2238000000", "netIncome": "1103000000"}, {"fiscalDateEnding": "2006-12-31", "reportedCurrency": "USD", "grossProfit": "4825000000", "totalRevenue": "10907000000", "costOfRevenue": "6082000000", "costofGoodsAndServicesSold": "6082000000", "operatingIncome": "1766000000", "sellingGeneralAndAdministrative": "3059000000", "researchAndDevelopment": "190600000", "operatingExpenses": "3059000000", "investmentIncomeNet": "None", "netInterestIncome": "None", "interestIncome": "None", "interestExpense": "307000000", "nonInterestIncome": "None", "otherNonOperatingIncome": "None", "depreciation": "None", "depreciationAndAmortization": "353000000", "incomeBeforeTax": "1472000000", "incomeTaxExpense": "467000000", "interestAndDebtExpense": "None", "netIncomeFromContinuingOperations": "None", "comprehensiveIncomeNetOfTax": "None", "ebit": "1779000000", "ebitda": "2132000000", "netIncome": "1004000000"}, {"fiscalDateEnding": "2005-12-31", "reportedCurrency": "USD", "grossProfit": "4565000000", "totalRevenue": "10177000000", "costOfRevenue": "5612000000", "costofGoodsAndServicesSold": "5612000000", "operatingIncome": "1750000000", "sellingGeneralAndAdministrative": "2815300000", "researchAndDevelopment": "181000000", "operatingExpenses": "2815000000", "investmentIncomeNet": "None", "netInterestIncome": "None", "interestIncome": "None", "interestExpense": "0", "nonInterestIncome": "None", "otherNonOperatingIncome": "None", "depreciation": "None", "depreciationAndAmortization": "392000000", "incomeBeforeTax": "1425000000", "incomeTaxExpense": "445000000", "interestAndDebtExpense": "None", "netIncomeFromContinuingOperations": "None", "comprehensiveIncomeNetOfTax": "None", "ebit": "1750000000", "ebitda": "2142000000", "netIncome": "980000000"}], "quarterlyReports": [{"fiscalDateEnding": "2024-12-31", "reportedCurrency": "USD", "grossProfit": "1177000000", "totalRevenue": "3124000000", "costOfRevenue": "1947000000", "costofGoodsAndServicesSold": "1947000000", "operatingIncome": "531000000", "sellingGeneralAndAdministrative": "646000000", "researchAndDevelopment": "None", "operatingExpenses": "646000000", "investmentIncomeNet": "None", "netInterestIncome": "35000000", "interestIncome": "None", "interestExpense": "70000000", "nonInterestIncome": "None", "otherNonOperatingIncome": "None", "depreciation": "None", "depreciationAndAmortization": "94000000", "incomeBeforeTax": "456000000", "incomeTaxExpense": "91000000", "interestAndDebtExpense": "None", "netIncomeFromContinuingOperations": "368000000", "comprehensiveIncomeNetOfTax": "None", "ebit": "526000000", "ebitda": "620000000", "netIncome": "365000000"}, {"fiscalDateEnding": "2024-09-30", "reportedCurrency": "USD", "grossProfit": "1176000000", "totalRevenue": "3233000000", "costOfRevenue": "2057000000", "costofGoodsAndServicesSold": "2057000000", "operatingIncome": "456000000", "sellingGeneralAndAdministrative": "720000000", "researchAndDevelopment": "None", "operatingExpenses": "720000000", "investmentIncomeNet": "None", "netInterestIncome": "-75000000", "interestIncome": "None", "interestExpense": "75000000", "nonInterestIncome": "None", "otherNonOperatingIncome": "None", "depreciation": "None", "depreciationAndAmortization": "92000000", "incomeBeforeTax": "402000000", "incomeTaxExpense": "34000000", "interestAndDebtExpense": "None", "netIncomeFromContinuingOperations": "370000000", "comprehensiveIncomeNetOfTax": "None", "ebit": "477000000", "ebitda": "569000000", "netIncome": "367000000"}, {"fiscalDateEnding": "2024-06-30", "reportedCurrency": "USD", "grossProfit": "1161000000", "totalRevenue": "3192000000", "costOfRevenue": "2031000000", "costofGoodsAndServicesSold": "2031000000", "operatingIncome": "493000000", "sellingGeneralAndAdministrative": "668000000", "researchAndDevelopment": "None", "operatingExpenses": "668000000", "investmentIncomeNet": "None", "netInterestIncome": "-83000000", "interestIncome": "None", "interestExpense": "83000000", "nonInterestIncome": "None", "otherNonOperatingIncome": "None", "depreciation": "None", "depreciationAndAmortization": "95000000", "incomeBeforeTax": "443000000", "incomeTaxExpense": "97000000", "interestAndDebtExpense": "None", "netIncomeFromContinuingOperations": "347000000", "comprehensiveIncomeNetOfTax": "None", "ebit": "526000000", "ebitda": "621000000", "netIncome": "344000000"}, {"fiscalDateEnding": "2024-03-31", "reportedCurrency": "USD", "grossProfit": "1031000000", "totalRevenue": "3200000000", "costOfRevenue": "2169000000", "costofGoodsAndServicesSold": "2169000000", "operatingIncome": "393000000", "sellingGeneralAndAdministrative": "638000000", "researchAndDevelopment": "None", "operatingExpenses": "638000000", "investmentIncomeNet": "None", "netInterestIncome": "-83000000", "interestIncome": "None", "interestExpense": "83000000", "nonInterestIncome": "None", "otherNonOperatingIncome": "None", "depreciation": "None", "depreciationAndAmortization": "86000000", "incomeBeforeTax": "353000000", "incomeTaxExpense": "82000000", "interestAndDebtExpense": "None", "netIncomeFromContinuingOperations": "271000000", "comprehensiveIncomeNetOfTax": "None", "ebit": "436000000", "ebitda": "522000000", "netIncome": "267000000"}, {"fiscalDateEnding": "2023-12-31", "reportedCurrency": "USD", "grossProfit": "1122000000", "totalRevenue": "3174000000", "costOfRevenue": "2052000000", "costofGoodsAndServicesSold": "2052000000", "operatingIncome": "363000000", "sellingGeneralAndAdministrative": "323000000", "researchAndDevelopment": "None", "operatingExpenses": "759000000", "investmentIncomeNet": "None", "netInterestIncome": "43000000", "interestIncome": "None", "interestExpense": "58000000", "nonInterestIncome": "None", "otherNonOperatingIncome": "None", "depreciation": "None", "depreciationAndAmortization": "81000000", "incomeBeforeTax": "98000000", "incomeTaxExpense": "42000000", "interestAndDebtExpense": "None", "netIncomeFromContinuingOperations": "-146000000", "comprehensiveIncomeNetOfTax": "None", "ebit": "363000000", "ebitda": "444000000", "netIncome": "58000000"}, {"fiscalDateEnding": "2023-09-30", "reportedCurrency": "USD", "grossProfit": "1110000000", "totalRevenue": "3255000000", "costOfRevenue": "2145000000", "costofGoodsAndServicesSold": "2145000000", "operatingIncome": "414000000", "sellingGeneralAndAdministrative": "861000000", "researchAndDevelopment": "None", "operatingExpenses": "696000000", "investmentIncomeNet": "None", "netInterestIncome": "-83000000", "interestIncome": "83000000", "interestExpense": "75000000", "nonInterestIncome": "None", "otherNonOperatingIncome": "None", "depreciation": "None", "depreciationAndAmortization": "112000000", "incomeBeforeTax": "277000000", "incomeTaxExpense": "78000000", "interestAndDebtExpense": "None", "netIncomeFromContinuingOperations": "270000000", "comprehensiveIncomeNetOfTax": "None", "ebit": "352000000", "ebitda": "464000000", "netIncome": "269000000"}, {"fiscalDateEnding": "2023-06-30", "reportedCurrency": "USD", "grossProfit": "1094000000", "totalRevenue": "3351000000", "costOfRevenue": "2257000000", "costofGoodsAndServicesSold": "2257000000", "operatingIncome": "417000000", "sellingGeneralAndAdministrative": "824000000", "researchAndDevelopment": "None", "operatingExpenses": "677000000", "investmentIncomeNet": "None", "netInterestIncome": "-82000000", "interestIncome": "82000000", "interestExpense": "73000000", "nonInterestIncome": "None", "otherNonOperatingIncome": "39000000", "depreciation": "None", "depreciationAndAmortization": "110000000", "incomeBeforeTax": "372000000", "incomeTaxExpense": "77000000", "interestAndDebtExpense": "None", "netIncomeFromContinuingOperations": "359000000", "comprehensiveIncomeNetOfTax": "None", "ebit": "445000000", "ebitda": "555000000", "netIncome": "357000000"}, {"fiscalDateEnding": "2023-03-31", "reportedCurrency": "USD", "grossProfit": "984000000", "totalRevenue": "3342000000", "costOfRevenue": "2358000000", "costofGoodsAndServicesSold": "2358000000", "operatingIncome": "346000000", "sellingGeneralAndAdministrative": "770000000", "researchAndDevelopment": "None", "operatingExpenses": "638000000", "investmentIncomeNet": "None", "netInterestIncome": "-80000000", "interestIncome": "80000000", "interestExpense": "70000000", "nonInterestIncome": "None", "otherNonOperatingIncome": "28000000", "depreciation": "None", "depreciationAndAmortization": "116000000", "incomeBeforeTax": "293000000", "incomeTaxExpense": "61000000", "interestAndDebtExpense": "None", "netIncomeFromContinuingOperations": "300000000", "comprehensiveIncomeNetOfTax": "None", "ebit": "363000000", "ebitda": "479000000", "netIncome": "298000000"}, {"fiscalDateEnding": "2022-12-31", "reportedCurrency": "USD", "grossProfit": "1160000000", "totalRevenue": "3833000000", "costOfRevenue": "2673000000", "costofGoodsAndServicesSold": "2673000000", "operatingIncome": "335000000", "sellingGeneralAndAdministrative": "783000000", "researchAndDevelopment": "None", "operatingExpenses": "825000000", "investmentIncomeNet": "None", "netInterestIncome": "-69000000", "interestIncome": "529000000", "interestExpense": "69000000", "nonInterestIncome": "None", "otherNonOperatingIncome": "-405000000", "depreciation": "None", "depreciationAndAmortization": "127000000", "incomeBeforeTax": "-142000000", "incomeTaxExpense": "-39000000", "interestAndDebtExpense": "None", "netIncomeFromContinuingOperations": "-100000000", "comprehensiveIncomeNetOfTax": "None", "ebit": "-73000000", "ebitda": "54000000", "netIncome": "-98000000"}, {"fiscalDateEnding": "2022-09-30", "reportedCurrency": "USD", "grossProfit": "1153000000", "totalRevenue": "3946000000", "costOfRevenue": "2793000000", "costofGoodsAndServicesSold": "2793000000", "operatingIncome": "368000000", "sellingGeneralAndAdministrative": "785000000", "researchAndDevelopment": "None", "operatingExpenses": "785000000", "investmentIncomeNet": "None", "netInterestIncome": "-39000000", "interestIncome": "39000000", "interestExpense": "39000000", "nonInterestIncome": "None", "otherNonOperatingIncome": "57000000", "depreciation": "None", "depreciationAndAmortization": "113000000", "incomeBeforeTax": "383000000", "incomeTaxExpense": "74000000", "interestAndDebtExpense": "None", "netIncomeFromContinuingOperations": "309000000", "comprehensiveIncomeNetOfTax": "None", "ebit": "422000000", "ebitda": "535000000", "netIncome": "310000000"}, {"fiscalDateEnding": "2022-06-30", "reportedCurrency": "USD", "grossProfit": "1143000000", "totalRevenue": "3864000000", "costOfRevenue": "2721000000", "costofGoodsAndServicesSold": "2721000000", "operatingIncome": "415000000", "sellingGeneralAndAdministrative": "728000000", "researchAndDevelopment": "None", "operatingExpenses": "728000000", "investmentIncomeNet": "None", "netInterestIncome": "-54000000", "interestIncome": "54000000", "interestExpense": "54000000", "nonInterestIncome": "None", "otherNonOperatingIncome": "62000000", "depreciation": "None", "depreciationAndAmortization": "119000000", "incomeBeforeTax": "421000000", "incomeTaxExpense": "97000000", "interestAndDebtExpense": "None", "netIncomeFromContinuingOperations": "324000000", "comprehensiveIncomeNetOfTax": "None", "ebit": "475000000", "ebitda": "594000000", "netIncome": "326000000"}, {"fiscalDateEnding": "2022-03-31", "reportedCurrency": "USD", "grossProfit": "1159000000", "totalRevenue": "3672000000", "costOfRevenue": "2513000000", "costofGoodsAndServicesSold": "2513000000", "operatingIncome": "517000000", "sellingGeneralAndAdministrative": "642000000", "researchAndDevelopment": "None", "operatingExpenses": "642000000", "investmentIncomeNet": "None", "netInterestIncome": "-56000000", "interestIncome": "54000000", "interestExpense": "56000000", "nonInterestIncome": "None", "otherNonOperatingIncome": "75000000", "depreciation": "None", "depreciationAndAmortization": "119000000", "incomeBeforeTax": "535000000", "incomeTaxExpense": "112000000", "interestAndDebtExpense": "None", "netIncomeFromContinuingOperations": "423000000", "comprehensiveIncomeNetOfTax": "None", "ebit": "591000000", "ebitda": "710000000", "netIncome": "422000000"}, {"fiscalDateEnding": "2021-12-31", "reportedCurrency": "USD", "grossProfit": "1005000000", "totalRevenue": "3420000000", "costOfRevenue": "2415000000", "costofGoodsAndServicesSold": "2415000000", "operatingIncome": "329000000", "sellingGeneralAndAdministrative": "677000000", "researchAndDevelopment": "134000000", "operatingExpenses": "676000000", "investmentIncomeNet": "None", "netInterestIncome": "-51000000", "interestIncome": "175000000", "interestExpense": "51000000", "nonInterestIncome": "None", "otherNonOperatingIncome": "285000000", "depreciation": "None", "depreciationAndAmortization": "121000000", "incomeBeforeTax": "560000000", "incomeTaxExpense": "129000000", "interestAndDebtExpense": "None", "netIncomeFromContinuingOperations": "434000000", "comprehensiveIncomeNetOfTax": "None", "ebit": "611000000", "ebitda": "732000000", "netIncome": "433000000"}, {"fiscalDateEnding": "2021-09-30", "reportedCurrency": "USD", "grossProfit": "1165000000", "totalRevenue": "3622000000", "costOfRevenue": "2457000000", "costofGoodsAndServicesSold": "2457000000", "operatingIncome": "447000000", "sellingGeneralAndAdministrative": "718000000", "researchAndDevelopment": "None", "operatingExpenses": "718000000", "investmentIncomeNet": "None", "netInterestIncome": "-55000000", "interestIncome": "118000000", "interestExpense": "55000000", "nonInterestIncome": "None", "otherNonOperatingIncome": "5000000", "depreciation": "None", "depreciationAndAmortization": "114000000", "incomeBeforeTax": "392000000", "incomeTaxExpense": "92000000", "interestAndDebtExpense": "None", "netIncomeFromContinuingOperations": "300000000", "comprehensiveIncomeNetOfTax": "None", "ebit": "447000000", "ebitda": "561000000", "netIncome": "307000000"}, {"fiscalDateEnding": "2021-06-30", "reportedCurrency": "USD", "grossProfit": "1224000000", "totalRevenue": "3555000000", "costOfRevenue": "2331000000", "costofGoodsAndServicesSold": "2331000000", "operatingIncome": "504000000", "sellingGeneralAndAdministrative": "718000000", "researchAndDevelopment": "None", "operatingExpenses": "720000000", "investmentIncomeNet": "None", "netInterestIncome": "-58000000", "interestIncome": "48000000", "interestExpense": "58000000", "nonInterestIncome": "None", "otherNonOperatingIncome": "83000000", "depreciation": "None", "depreciationAndAmortization": "120000000", "incomeBeforeTax": "532000000", "incomeTaxExpense": "144000000", "interestAndDebtExpense": "None", "netIncomeFromContinuingOperations": "385000000", "comprehensiveIncomeNetOfTax": "None", "ebit": "590000000", "ebitda": "710000000", "netIncome": "380000000"}, {"fiscalDateEnding": "2021-03-31", "reportedCurrency": "USD", "grossProfit": "1166000000", "totalRevenue": "3584000000", "costOfRevenue": "2418000000", "costofGoodsAndServicesSold": "2418000000", "operatingIncome": "472000000", "sellingGeneralAndAdministrative": "694000000", "researchAndDevelopment": "None", "operatingExpenses": "694000000", "investmentIncomeNet": "None", "netInterestIncome": "-59000000", "interestIncome": "60000000", "interestExpense": "59000000", "nonInterestIncome": "None", "otherNonOperatingIncome": "67000000", "depreciation": "None", "depreciationAndAmortization": "112000000", "incomeBeforeTax": "482000000", "incomeTaxExpense": "109000000", "interestAndDebtExpense": "None", "netIncomeFromContinuingOperations": "373000000", "comprehensiveIncomeNetOfTax": "None", "ebit": "541000000", "ebitda": "653000000", "netIncome": "368000000"}, {"fiscalDateEnding": "2020-12-31", "reportedCurrency": "USD", "grossProfit": "1185000000", "totalRevenue": "3464000000", "costOfRevenue": "2279000000", "costofGoodsAndServicesSold": "2279000000", "operatingIncome": "385000000", "sellingGeneralAndAdministrative": "2272000000", "researchAndDevelopment": "135000000", "operatingExpenses": "800000000", "investmentIncomeNet": "None", "netInterestIncome": "-85000000", "interestIncome": "85000000", "interestExpense": "85000000", "nonInterestIncome": "None", "otherNonOperatingIncome": "-37000000", "depreciation": "None", "depreciationAndAmortization": "124000000", "incomeBeforeTax": "270000000", "incomeTaxExpense": "55000000", "interestAndDebtExpense": "None", "netIncomeFromContinuingOperations": "215000000", "comprehensiveIncomeNetOfTax": "None", "ebit": "355000000", "ebitda": "479000000", "netIncome": "205000000"}, {"fiscalDateEnding": "2020-09-30", "reportedCurrency": "USD", "grossProfit": "1201000000", "totalRevenue": "3429000000", "costOfRevenue": "2228000000", "costofGoodsAndServicesSold": "2228000000", "operatingIncome": "411000000", "sellingGeneralAndAdministrative": "2166000000", "researchAndDevelopment": "None", "operatingExpenses": "790000000", "investmentIncomeNet": "None", "netInterestIncome": "-63000000", "interestIncome": "63000000", "interestExpense": "63000000", "nonInterestIncome": "None", "otherNonOperatingIncome": "69000000", "depreciation": "None", "depreciationAndAmortization": "121000000", "incomeBeforeTax": "418000000", "incomeTaxExpense": "65000000", "interestAndDebtExpense": "None", "netIncomeFromContinuingOperations": "353000000", "comprehensiveIncomeNetOfTax": "None", "ebit": "481000000", "ebitda": "602000000", "netIncome": "348000000"}, {"fiscalDateEnding": "2020-06-30", "reportedCurrency": "USD", "grossProfit": "1197000000", "totalRevenue": "3465000000", "costOfRevenue": "2268000000", "costofGoodsAndServicesSold": "2268000000", "operatingIncome": "506000000", "sellingGeneralAndAdministrative": "683000000", "researchAndDevelopment": "None", "operatingExpenses": "691000000", "investmentIncomeNet": "None", "netInterestIncome": "-69000000", "interestIncome": "69000000", "interestExpense": "69000000", "nonInterestIncome": "None", "otherNonOperatingIncome": "26000000", "depreciation": "None", "depreciationAndAmortization": "117000000", "incomeBeforeTax": "467000000", "incomeTaxExpense": "109000000", "interestAndDebtExpense": "None", "netIncomeFromContinuingOperations": "358000000", "comprehensiveIncomeNetOfTax": "None", "ebit": "536000000", "ebitda": "653000000", "netIncome": "351000000"}, {"fiscalDateEnding": "2020-03-31", "reportedCurrency": "USD", "grossProfit": "1144000000", "totalRevenue": "3412000000", "costOfRevenue": "2268000000", "costofGoodsAndServicesSold": "2268000000", "operatingIncome": "459000000", "sellingGeneralAndAdministrative": "688000000", "researchAndDevelopment": "None", "operatingExpenses": "685000000", "investmentIncomeNet": "None", "netInterestIncome": "-64000000", "interestIncome": "55000000", "interestExpense": "64000000", "nonInterestIncome": "None", "otherNonOperatingIncome": "49000000", "depreciation": "None", "depreciationAndAmortization": "117000000", "incomeBeforeTax": "446000000", "incomeTaxExpense": "94000000", "interestAndDebtExpense": "None", "netIncomeFromContinuingOperations": "352000000", "comprehensiveIncomeNetOfTax": "None", "ebit": "510000000", "ebitda": "627000000", "netIncome": "347000000"}, {"fiscalDateEnding": "2019-12-31", "reportedCurrency": "USD", "grossProfit": "1088000000", "totalRevenue": "3223000000", "costOfRevenue": "2135000000", "costofGoodsAndServicesSold": "2135000000", "operatingIncome": "360000000", "sellingGeneralAndAdministrative": "706000000", "researchAndDevelopment": "144000000", "operatingExpenses": "728000000", "investmentIncomeNet": "None", "netInterestIncome": "-63000000", "interestIncome": "66000000", "interestExpense": "63000000", "nonInterestIncome": "None", "otherNonOperatingIncome": "-61000000", "depreciation": "None", "depreciationAndAmortization": "124000000", "incomeBeforeTax": "238000000", "incomeTaxExpense": "84000000", "interestAndDebtExpense": "None", "netIncomeFromContinuingOperations": "154000000", "comprehensiveIncomeNetOfTax": "None", "ebit": "301000000", "ebitda": "425000000", "netIncome": "145000000"}, {"fiscalDateEnding": "2019-09-30", "reportedCurrency": "USD", "grossProfit": "1000000000", "totalRevenue": "3372000000", "costOfRevenue": "2372000000", "costofGoodsAndServicesSold": "2372000000", "operatingIncome": "263000000", "sellingGeneralAndAdministrative": "732000000", "researchAndDevelopment": "None", "operatingExpenses": "737000000", "investmentIncomeNet": "None", "netInterestIncome": "-72000000", "interestIncome": "72000000", "interestExpense": "72000000", "nonInterestIncome": "None", "otherNonOperatingIncome": "148000000", "depreciation": "None", "depreciationAndAmortization": "117000000", "incomeBeforeTax": "341000000", "incomeTaxExpense": "91000000", "interestAndDebtExpense": "None", "netIncomeFromContinuingOperations": "250000000", "comprehensiveIncomeNetOfTax": "None", "ebit": "413000000", "ebitda": "530000000", "netIncome": "247000000"}, {"fiscalDateEnding": "2019-06-30", "reportedCurrency": "USD", "grossProfit": "1186000000", "totalRevenue": "3461000000", "costOfRevenue": "2275000000", "costofGoodsAndServicesSold": "2275000000", "operatingIncome": "397000000", "sellingGeneralAndAdministrative": "735000000", "researchAndDevelopment": "None", "operatingExpenses": "789000000", "investmentIncomeNet": "None", "netInterestIncome": "-75000000", "interestIncome": "75000000", "interestExpense": "75000000", "nonInterestIncome": "None", "otherNonOperatingIncome": "44000000", "depreciation": "None", "depreciationAndAmortization": "119000000", "incomeBeforeTax": "367000000", "incomeTaxExpense": "74000000", "interestAndDebtExpense": "None", "netIncomeFromContinuingOperations": "293000000", "comprehensiveIncomeNetOfTax": "None", "ebit": "442000000", "ebitda": "561000000", "netIncome": "286000000"}, {"fiscalDateEnding": "2019-03-31", "reportedCurrency": "USD", "grossProfit": "1107000000", "totalRevenue": "3522000000", "costOfRevenue": "2415000000", "costofGoodsAndServicesSold": "2415000000", "operatingIncome": "381000000", "sellingGeneralAndAdministrative": "724000000", "researchAndDevelopment": "None", "operatingExpenses": "726000000", "investmentIncomeNet": "None", "netInterestIncome": "-74000000", "interestIncome": "None", "interestExpense": "74000000", "nonInterestIncome": "None", "otherNonOperatingIncome": "50000000", "depreciation": "None", "depreciationAndAmortization": "124000000", "incomeBeforeTax": "359000000", "incomeTaxExpense": "72000000", "interestAndDebtExpense": "None", "netIncomeFromContinuingOperations": "287000000", "comprehensiveIncomeNetOfTax": "None", "ebit": "433000000", "ebitda": "557000000", "netIncome": "282000000"}, {"fiscalDateEnding": "2018-12-31", "reportedCurrency": "USD", "grossProfit": "1089000000", "totalRevenue": "3317000000", "costOfRevenue": "2228000000", "costofGoodsAndServicesSold": "2228000000", "operatingIncome": "326000000", "sellingGeneralAndAdministrative": "722000000", "researchAndDevelopment": "154000000", "operatingExpenses": "763000000", "investmentIncomeNet": "None", "netInterestIncome": "None", "interestIncome": "None", "interestExpense": "74000000", "nonInterestIncome": "None", "otherNonOperatingIncome": "-359000000", "depreciation": "None", "depreciationAndAmortization": "142000000", "incomeBeforeTax": "-107000000", "incomeTaxExpense": "-25000000", "interestAndDebtExpense": "None", "netIncomeFromContinuingOperations": "-82000000", "comprehensiveIncomeNetOfTax": "None", "ebit": "-33000000", "ebitda": "109000000", "netIncome": "-84000000"}, {"fiscalDateEnding": "2018-09-30", "reportedCurrency": "USD", "grossProfit": "1176000000", "totalRevenue": "3469000000", "costOfRevenue": "2293000000", "costofGoodsAndServicesSold": "2293000000", "operatingIncome": "396000000", "sellingGeneralAndAdministrative": "779000000", "researchAndDevelopment": "0", "operatingExpenses": "780000000", "investmentIncomeNet": "None", "netInterestIncome": "None", "interestIncome": "None", "interestExpense": "72000000", "nonInterestIncome": "None", "otherNonOperatingIncome": "128000000", "depreciation": "None", "depreciationAndAmortization": "140000000", "incomeBeforeTax": "454000000", "incomeTaxExpense": "69000000", "interestAndDebtExpense": "None", "netIncomeFromContinuingOperations": "385000000", "comprehensiveIncomeNetOfTax": "None", "ebit": "526000000", "ebitda": "666000000", "netIncome": "380000000"}, {"fiscalDateEnding": "2018-06-30", "reportedCurrency": "USD", "grossProfit": "1209000000", "totalRevenue": "3360000000", "costOfRevenue": "2151000000", "costofGoodsAndServicesSold": "2151000000", "operatingIncome": "474000000", "sellingGeneralAndAdministrative": "735000000", "researchAndDevelopment": "0", "operatingExpenses": "735000000", "investmentIncomeNet": "None", "netInterestIncome": "None", "interestIncome": "None", "interestExpense": "72000000", "nonInterestIncome": "None", "otherNonOperatingIncome": "267000000", "depreciation": "None", "depreciationAndAmortization": "112000000", "incomeBeforeTax": "471000000", "incomeTaxExpense": "70000000", "interestAndDebtExpense": "None", "netIncomeFromContinuingOperations": "401000000", "comprehensiveIncomeNetOfTax": "None", "ebit": "543000000", "ebitda": "655000000", "netIncome": "596000000"}, {"fiscalDateEnding": "2018-03-31", "reportedCurrency": "USD", "grossProfit": "1252000000", "totalRevenue": "3401000000", "costOfRevenue": "2149000000", "costofGoodsAndServicesSold": "2149000000", "operatingIncome": "510000000", "sellingGeneralAndAdministrative": "742000000", "researchAndDevelopment": "0", "operatingExpenses": "742000000", "investmentIncomeNet": "None", "netInterestIncome": "None", "interestIncome": "None", "interestExpense": "69000000", "nonInterestIncome": "None", "otherNonOperatingIncome": "70000000", "depreciation": "None", "depreciationAndAmortization": "122000000", "incomeBeforeTax": "511000000", "incomeTaxExpense": "67000000", "interestAndDebtExpense": "None", "netIncomeFromContinuingOperations": "444000000", "comprehensiveIncomeNetOfTax": "None", "ebit": "580000000", "ebitda": "702000000", "netIncome": "444000000"}, {"fiscalDateEnding": "2017-12-31", "reportedCurrency": "USD", "grossProfit": "1321000000", "totalRevenue": "3209000000", "costOfRevenue": "1888000000", "costofGoodsAndServicesSold": "1888000000", "operatingIncome": "669000000", "sellingGeneralAndAdministrative": "728000000", "researchAndDevelopment": "148000000", "operatingExpenses": "1321000000", "investmentIncomeNet": "None", "netInterestIncome": "None", "interestIncome": "None", "interestExpense": "68000000", "nonInterestIncome": "None", "otherNonOperatingIncome": "-4000000", "depreciation": "None", "depreciationAndAmortization": "115000000", "incomeBeforeTax": "590000000", "incomeTaxExpense": "164000000", "interestAndDebtExpense": "None", "netIncomeFromContinuingOperations": "-70000000", "comprehensiveIncomeNetOfTax": "None", "ebit": "658000000", "ebitda": "773000000", "netIncome": "428000000"}, {"fiscalDateEnding": "2017-09-30", "reportedCurrency": "USD", "grossProfit": "1172000000", "totalRevenue": "3246000000", "costOfRevenue": "2074000000", "costofGoodsAndServicesSold": "2074000000", "operatingIncome": "333000000", "sellingGeneralAndAdministrative": "768000000", "researchAndDevelopment": "0", "operatingExpenses": "839000000", "investmentIncomeNet": "None", "netInterestIncome": "None", "interestIncome": "None", "interestExpense": "64000000", "nonInterestIncome": "None", "otherNonOperatingIncome": "-2000000", "depreciation": "None", "depreciationAndAmortization": "126000000", "incomeBeforeTax": "386000000", "incomeTaxExpense": "101000000", "interestAndDebtExpense": "None", "netIncomeFromContinuingOperations": "502000000", "comprehensiveIncomeNetOfTax": "None", "ebit": "450000000", "ebitda": "576000000", "netIncome": "288000000"}, {"fiscalDateEnding": "2017-06-30", "reportedCurrency": "USD", "grossProfit": "1225000000", "totalRevenue": "3175000000", "costOfRevenue": "1950000000", "costofGoodsAndServicesSold": "1950000000", "operatingIncome": "385000000", "sellingGeneralAndAdministrative": "764000000", "researchAndDevelopment": "0", "operatingExpenses": "840000000", "investmentIncomeNet": "None", "netInterestIncome": "None", "interestIncome": "None", "interestExpense": "63000000", "nonInterestIncome": "None", "otherNonOperatingIncome": "-6000000", "depreciation": "None", "depreciationAndAmortization": "119000000", "incomeBeforeTax": "385000000", "incomeTaxExpense": "102000000", "interestAndDebtExpense": "None", "netIncomeFromContinuingOperations": "486000000", "comprehensiveIncomeNetOfTax": "None", "ebit": "448000000", "ebitda": "567000000", "netIncome": "283000000"}, {"fiscalDateEnding": "2017-03-31", "reportedCurrency": "USD", "grossProfit": "1160000000", "totalRevenue": "3248000000", "costOfRevenue": "2088000000", "costofGoodsAndServicesSold": "2088000000", "operatingIncome": "280000000", "sellingGeneralAndAdministrative": "753000000", "researchAndDevelopment": "0", "operatingExpenses": "880000000", "investmentIncomeNet": "None", "netInterestIncome": "None", "interestIncome": "None", "interestExpense": "61000000", "nonInterestIncome": "None", "otherNonOperatingIncome": "3000000", "depreciation": "None", "depreciationAndAmortization": "121000000", "incomeBeforeTax": "307000000", "incomeTaxExpense": "43000000", "interestAndDebtExpense": "None", "netIncomeFromContinuingOperations": "344000000", "comprehensiveIncomeNetOfTax": "None", "ebit": "368000000", "ebitda": "489000000", "netIncome": "266000000"}, {"fiscalDateEnding": "2016-12-31", "reportedCurrency": "USD", "grossProfit": "976000000", "totalRevenue": "3097000000", "costOfRevenue": "2121000000", "costofGoodsAndServicesSold": "2121000000", "operatingIncome": "98000000", "sellingGeneralAndAdministrative": "878000000", "researchAndDevelopment": "182000000", "operatingExpenses": "878000000", "investmentIncomeNet": "None", "netInterestIncome": "None", "interestIncome": "None", "interestExpense": "63000000", "nonInterestIncome": "None", "otherNonOperatingIncome": "-69000000", "depreciation": "None", "depreciationAndAmortization": "160000000", "incomeBeforeTax": "-34000000", "incomeTaxExpense": "18000000", "interestAndDebtExpense": "None", "netIncomeFromContinuingOperations": "-52000000", "comprehensiveIncomeNetOfTax": "None", "ebit": "29000000", "ebitda": "189000000", "netIncome": "-53000000"}, {"fiscalDateEnding": "2016-09-30", "reportedCurrency": "USD", "grossProfit": "1264000000", "totalRevenue": "3254000000", "costOfRevenue": "1990000000", "costofGoodsAndServicesSold": "1990000000", "operatingIncome": "410000000", "sellingGeneralAndAdministrative": "794000000", "researchAndDevelopment": "0", "operatingExpenses": "854000000", "investmentIncomeNet": "None", "netInterestIncome": "None", "interestIncome": "None", "interestExpense": "58000000", "nonInterestIncome": "None", "otherNonOperatingIncome": "2000000", "depreciation": "None", "depreciationAndAmortization": "106000000", "incomeBeforeTax": "355000000", "incomeTaxExpense": "62000000", "interestAndDebtExpense": "None", "netIncomeFromContinuingOperations": "293000000", "comprehensiveIncomeNetOfTax": "None", "ebit": "413000000", "ebitda": "519000000", "netIncome": "292000000"}, {"fiscalDateEnding": "2016-06-30", "reportedCurrency": "USD", "grossProfit": "1270000000", "totalRevenue": "3268000000", "costOfRevenue": "1998000000", "costofGoodsAndServicesSold": "1998000000", "operatingIncome": "449000000", "sellingGeneralAndAdministrative": "788000000", "researchAndDevelopment": "0", "operatingExpenses": "821000000", "investmentIncomeNet": "None", "netInterestIncome": "None", "interestIncome": "None", "interestExpense": "68000000", "nonInterestIncome": "None", "otherNonOperatingIncome": "5000000", "depreciation": "None", "depreciationAndAmortization": "136000000", "incomeBeforeTax": "385000000", "incomeTaxExpense": "106000000", "interestAndDebtExpense": "None", "netIncomeFromContinuingOperations": "279000000", "comprehensiveIncomeNetOfTax": "None", "ebit": "453000000", "ebitda": "589000000", "netIncome": "280000000"}, {"fiscalDateEnding": "2016-03-31", "reportedCurrency": "USD", "grossProfit": "1245000000", "totalRevenue": "3395000000", "costOfRevenue": "2150000000", "costofGoodsAndServicesSold": "2150000000", "operatingIncome": "438000000", "sellingGeneralAndAdministrative": "770000000", "researchAndDevelopment": "0", "operatingExpenses": "807000000", "investmentIncomeNet": "None", "netInterestIncome": "None", "interestIncome": "None", "interestExpense": "217000000", "nonInterestIncome": "None", "otherNonOperatingIncome": "1000000", "depreciation": "None", "depreciationAndAmortization": "115000000", "incomeBeforeTax": "221000000", "incomeTaxExpense": "47000000", "interestAndDebtExpense": "None", "netIncomeFromContinuingOperations": "175000000", "comprehensiveIncomeNetOfTax": "None", "ebit": "438000000", "ebitda": "553000000", "netIncome": "175000000"}, {"fiscalDateEnding": "2015-12-31", "reportedCurrency": "USD", "grossProfit": "962000000", "totalRevenue": "3142000000", "costOfRevenue": "2180000000", "costofGoodsAndServicesSold": "2180000000", "operatingIncome": "-39000000", "sellingGeneralAndAdministrative": "795000000", "researchAndDevelopment": "193000000", "operatingExpenses": "1001000000", "investmentIncomeNet": "None", "netInterestIncome": "None", "interestIncome": "None", "interestExpense": "59000000", "nonInterestIncome": "None", "otherNonOperatingIncome": "-10000000", "depreciation": "None", "depreciationAndAmortization": "147000000", "incomeBeforeTax": "-111000000", "incomeTaxExpense": "-68000000", "interestAndDebtExpense": "None", "netIncomeFromContinuingOperations": "-43000000", "comprehensiveIncomeNetOfTax": "None", "ebit": "-52000000", "ebitda": "95000000", "netIncome": "-41000000"}, {"fiscalDateEnding": "2015-09-30", "reportedCurrency": "USD", "grossProfit": "1233000000", "totalRevenue": "3329000000", "costOfRevenue": "2096000000", "costofGoodsAndServicesSold": "2096000000", "operatingIncome": "334000000", "sellingGeneralAndAdministrative": "861000000", "researchAndDevelopment": "0", "operatingExpenses": "899000000", "investmentIncomeNet": "None", "netInterestIncome": "None", "interestIncome": "None", "interestExpense": "56000000", "nonInterestIncome": "None", "otherNonOperatingIncome": "-7000000", "depreciation": "None", "depreciationAndAmortization": "118000000", "incomeBeforeTax": "272000000", "incomeTaxExpense": "66000000", "interestAndDebtExpense": "None", "netIncomeFromContinuingOperations": "206000000", "comprehensiveIncomeNetOfTax": "None", "ebit": "328000000", "ebitda": "446000000", "netIncome": "205000000"}, {"fiscalDateEnding": "2015-06-30", "reportedCurrency": "USD", "grossProfit": "1241000000", "totalRevenue": "3498000000", "costOfRevenue": "2257000000", "costofGoodsAndServicesSold": "2257000000", "operatingIncome": "412000000", "sellingGeneralAndAdministrative": "867000000", "researchAndDevelopment": "0", "operatingExpenses": "829000000", "investmentIncomeNet": "None", "netInterestIncome": "None", "interestIncome": "None", "interestExpense": "58000000", "nonInterestIncome": "None", "otherNonOperatingIncome": "-47000000", "depreciation": "None", "depreciationAndAmortization": "138000000", "incomeBeforeTax": "308000000", "incomeTaxExpense": "85000000", "interestAndDebtExpense": "None", "netIncomeFromContinuingOperations": "223000000", "comprehensiveIncomeNetOfTax": "None", "ebit": "366000000", "ebitda": "504000000", "netIncome": "223000000"}, {"fiscalDateEnding": "2015-03-31", "reportedCurrency": "USD", "grossProfit": "1245000000", "totalRevenue": "3556000000", "costOfRevenue": "2311000000", "costofGoodsAndServicesSold": "2311000000", "operatingIncome": "384000000", "sellingGeneralAndAdministrative": "824000000", "researchAndDevelopment": "0", "operatingExpenses": "861000000", "investmentIncomeNet": "None", "netInterestIncome": "None", "interestIncome": "None", "interestExpense": "54000000", "nonInterestIncome": "None", "otherNonOperatingIncome": "-27000000", "depreciation": "None", "depreciationAndAmortization": "131000000", "incomeBeforeTax": "304000000", "incomeTaxExpense": "76000000", "interestAndDebtExpense": "None", "netIncomeFromContinuingOperations": "228000000", "comprehensiveIncomeNetOfTax": "None", "ebit": "358000000", "ebitda": "489000000", "netIncome": "227000000"}, {"fiscalDateEnding": "2014-12-31", "reportedCurrency": "USD", "grossProfit": "856000000", "totalRevenue": "3514000000", "costOfRevenue": "2658000000", "costofGoodsAndServicesSold": "2658000000", "operatingIncome": "-422000000", "sellingGeneralAndAdministrative": "1278000000", "researchAndDevelopment": "199000000", "operatingExpenses": "1278000000", "investmentIncomeNet": "None", "netInterestIncome": "None", "interestIncome": "None", "interestExpense": "53000000", "nonInterestIncome": "None", "otherNonOperatingIncome": "-5000000", "depreciation": "None", "depreciationAndAmortization": "128000000", "incomeBeforeTax": "-479000000", "incomeTaxExpense": "-187000000", "interestAndDebtExpense": "None", "netIncomeFromContinuingOperations": "-292000000", "comprehensiveIncomeNetOfTax": "None", "ebit": "-426000000", "ebitda": "-298000000", "netIncome": "-293000000"}, {"fiscalDateEnding": "2014-09-30", "reportedCurrency": "USD", "grossProfit": "1292000000", "totalRevenue": "3639000000", "costOfRevenue": "2347000000", "costofGoodsAndServicesSold": "2347000000", "operatingIncome": "365000000", "sellingGeneralAndAdministrative": "955000000", "researchAndDevelopment": "0", "operatingExpenses": "927000000", "investmentIncomeNet": "None", "netInterestIncome": "None", "interestIncome": "None", "interestExpense": "54000000", "nonInterestIncome": "None", "otherNonOperatingIncome": "None", "depreciation": "None", "depreciationAndAmortization": "140000000", "incomeBeforeTax": "312000000", "incomeTaxExpense": "86000000", "interestAndDebtExpense": "None", "netIncomeFromContinuingOperations": "226000000", "comprehensiveIncomeNetOfTax": "None", "ebit": "366000000", "ebitda": "506000000", "netIncome": "224000000"}, {"fiscalDateEnding": "2014-06-30", "reportedCurrency": "USD", "grossProfit": "1411000000", "totalRevenue": "3685000000", "costOfRevenue": "2274000000", "costofGoodsAndServicesSold": "2274000000", "operatingIncome": "467000000", "sellingGeneralAndAdministrative": "991000000", "researchAndDevelopment": "0", "operatingExpenses": "944000000", "investmentIncomeNet": "None", "netInterestIncome": "None", "interestIncome": "None", "interestExpense": "50000000", "nonInterestIncome": "None", "otherNonOperatingIncome": "None", "depreciation": "None", "depreciationAndAmortization": "119000000", "incomeBeforeTax": "420000000", "incomeTaxExpense": "122000000", "interestAndDebtExpense": "None", "netIncomeFromContinuingOperations": "298000000", "comprehensiveIncomeNetOfTax": "None", "ebit": "470000000", "ebitda": "589000000", "netIncome": "295000000"}, {"fiscalDateEnding": "2014-03-31", "reportedCurrency": "USD", "grossProfit": "1504000000", "totalRevenue": "3742000000", "costOfRevenue": "2238000000", "costofGoodsAndServicesSold": "2238000000", "operatingIncome": "614000000", "sellingGeneralAndAdministrative": "861000000", "researchAndDevelopment": "0", "operatingExpenses": "890000000", "investmentIncomeNet": "None", "netInterestIncome": "None", "interestIncome": "None", "interestExpense": "52000000", "nonInterestIncome": "None", "otherNonOperatingIncome": "9000000", "depreciation": "None", "depreciationAndAmortization": "116000000", "incomeBeforeTax": "572000000", "incomeTaxExpense": "165000000", "interestAndDebtExpense": "None", "netIncomeFromContinuingOperations": "407000000", "comprehensiveIncomeNetOfTax": "None", "ebit": "624000000", "ebitda": "740000000", "netIncome": "406000000"}, {"fiscalDateEnding": "2013-12-31", "reportedCurrency": "USD", "grossProfit": "1783000000", "totalRevenue": "3501000000", "costOfRevenue": "1718000000", "costofGoodsAndServicesSold": "1718000000", "operatingIncome": "1260000000", "sellingGeneralAndAdministrative": "477000000", "researchAndDevelopment": "199000000", "operatingExpenses": "523000000", "investmentIncomeNet": "None", "netInterestIncome": "None", "interestIncome": "None", "interestExpense": "58000000", "nonInterestIncome": "None", "otherNonOperatingIncome": "11000000", "depreciation": "None", "depreciationAndAmortization": "192000000", "incomeBeforeTax": "1214000000", "incomeTaxExpense": "394000000", "interestAndDebtExpense": "None", "netIncomeFromContinuingOperations": "820000000", "comprehensiveIncomeNetOfTax": "None", "ebit": "1272000000", "ebitda": "1464000000", "netIncome": "818000000"}, {"fiscalDateEnding": "2013-09-30", "reportedCurrency": "USD", "grossProfit": "1450000000", "totalRevenue": "3716000000", "costOfRevenue": "2266000000", "costofGoodsAndServicesSold": "2266000000", "operatingIncome": "504000000", "sellingGeneralAndAdministrative": "946000000", "researchAndDevelopment": "0", "operatingExpenses": "946000000", "investmentIncomeNet": "None", "netInterestIncome": "None", "interestIncome": "None", "interestExpense": "56000000", "nonInterestIncome": "None", "otherNonOperatingIncome": "2000000", "depreciation": "None", "depreciationAndAmortization": "114000000", "incomeBeforeTax": "452000000", "incomeTaxExpense": "124000000", "interestAndDebtExpense": "None", "netIncomeFromContinuingOperations": "328000000", "comprehensiveIncomeNetOfTax": "None", "ebit": "508000000", "ebitda": "622000000", "netIncome": "326000000"}, {"fiscalDateEnding": "2013-06-30", "reportedCurrency": "USD", "grossProfit": "1477000000", "totalRevenue": "3714000000", "costOfRevenue": "2237000000", "costofGoodsAndServicesSold": "2237000000", "operatingIncome": "570000000", "sellingGeneralAndAdministrative": "907000000", "researchAndDevelopment": "0", "operatingExpenses": "907000000", "investmentIncomeNet": "None", "netInterestIncome": "None", "interestIncome": "None", "interestExpense": "61000000", "nonInterestIncome": "None", "otherNonOperatingIncome": "-7000000", "depreciation": "None", "depreciationAndAmortization": "113000000", "incomeBeforeTax": "504000000", "incomeTaxExpense": "150000000", "interestAndDebtExpense": "None", "netIncomeFromContinuingOperations": "354000000", "comprehensiveIncomeNetOfTax": "None", "ebit": "565000000", "ebitda": "678000000", "netIncome": "352000000"}, {"fiscalDateEnding": "2013-03-31", "reportedCurrency": "USD", "grossProfit": "1393000000", "totalRevenue": "3861000000", "costOfRevenue": "2468000000", "costofGoodsAndServicesSold": "2468000000", "operatingIncome": "503000000", "sellingGeneralAndAdministrative": "890000000", "researchAndDevelopment": "0", "operatingExpenses": "890000000", "investmentIncomeNet": "None", "netInterestIncome": "None", "interestIncome": "None", "interestExpense": "60000000", "nonInterestIncome": "None", "otherNonOperatingIncome": "-8000000", "depreciation": "None", "depreciationAndAmortization": "113000000", "incomeBeforeTax": "436000000", "incomeTaxExpense": "124000000", "interestAndDebtExpense": "None", "netIncomeFromContinuingOperations": "312000000", "comprehensiveIncomeNetOfTax": "None", "ebit": "496000000", "ebitda": "609000000", "netIncome": "311000000"}, {"fiscalDateEnding": "2012-12-31", "reportedCurrency": "USD", "grossProfit": "1207000000", "totalRevenue": "3563000000", "costOfRevenue": "2356000000", "costofGoodsAndServicesSold": "2356000000", "operatingIncome": "63000000", "sellingGeneralAndAdministrative": "1118000000", "researchAndDevelopment": "206000000", "operatingExpenses": "1144000000", "investmentIncomeNet": "None", "netInterestIncome": "None", "interestIncome": "None", "interestExpense": "66000000", "nonInterestIncome": "None", "otherNonOperatingIncome": "-7000000", "depreciation": "None", "depreciationAndAmortization": "146000000", "incomeBeforeTax": "-10000000", "incomeTaxExpense": "-16000000", "interestAndDebtExpense": "None", "netIncomeFromContinuingOperations": "6000000", "comprehensiveIncomeNetOfTax": "None", "ebit": "56000000", "ebitda": "202000000", "netIncome": "6000000"}, {"fiscalDateEnding": "2012-09-30", "reportedCurrency": "USD", "grossProfit": "1466000000", "totalRevenue": "3720000000", "costOfRevenue": "2254000000", "costofGoodsAndServicesSold": "2254000000", "operatingIncome": "513000000", "sellingGeneralAndAdministrative": "953000000", "researchAndDevelopment": "0", "operatingExpenses": "953000000", "investmentIncomeNet": "None", "netInterestIncome": "None", "interestIncome": "None", "interestExpense": "73000000", "nonInterestIncome": "None", "otherNonOperatingIncome": "10000000", "depreciation": "None", "depreciationAndAmortization": "108000000", "incomeBeforeTax": "450000000", "incomeTaxExpense": "131000000", "interestAndDebtExpense": "None", "netIncomeFromContinuingOperations": "297000000", "comprehensiveIncomeNetOfTax": "None", "ebit": "523000000", "ebitda": "631000000", "netIncome": "318000000"}, {"fiscalDateEnding": "2012-06-30", "reportedCurrency": "USD", "grossProfit": "1439000000", "totalRevenue": "3474000000", "costOfRevenue": "2035000000", "costofGoodsAndServicesSold": "2035000000", "operatingIncome": "519000000", "sellingGeneralAndAdministrative": "929000000", "researchAndDevelopment": "0", "operatingExpenses": "920000000", "investmentIncomeNet": "None", "netInterestIncome": "None", "interestIncome": "None", "interestExpense": "89000000", "nonInterestIncome": "None", "otherNonOperatingIncome": "7000000", "depreciation": "None", "depreciationAndAmortization": "99000000", "incomeBeforeTax": "437000000", "incomeTaxExpense": "113000000", "interestAndDebtExpense": "None", "netIncomeFromContinuingOperations": "301000000", "comprehensiveIncomeNetOfTax": "None", "ebit": "526000000", "ebitda": "625000000", "netIncome": "324000000"}, {"fiscalDateEnding": "2012-03-31", "reportedCurrency": "USD", "grossProfit": "1353000000", "totalRevenue": "3440000000", "costOfRevenue": "2087000000", "costofGoodsAndServicesSold": "2087000000", "operatingIncome": "527000000", "sellingGeneralAndAdministrative": "836000000", "researchAndDevelopment": "0", "operatingExpenses": "826000000", "investmentIncomeNet": "None", "netInterestIncome": "None", "interestIncome": "None", "interestExpense": "33000000", "nonInterestIncome": "None", "otherNonOperatingIncome": "13000000", "depreciation": "None", "depreciationAndAmortization": "95000000", "incomeBeforeTax": "507000000", "incomeTaxExpense": "156000000", "interestAndDebtExpense": "None", "netIncomeFromContinuingOperations": "358000000", "comprehensiveIncomeNetOfTax": "None", "ebit": "540000000", "ebitda": "635000000", "netIncome": "351000000"}, {"fiscalDateEnding": "2011-12-31", "reportedCurrency": "USD", "grossProfit": "1234000000", "totalRevenue": "3015000000", "costOfRevenue": "1781000000", "costofGoodsAndServicesSold": "1781000000", "operatingIncome": "397000000", "sellingGeneralAndAdministrative": "837000000", "researchAndDevelopment": "192000000", "operatingExpenses": "837000000", "investmentIncomeNet": "None", "netInterestIncome": "None", "interestIncome": "None", "interestExpense": "55000000", "nonInterestIncome": "None", "otherNonOperatingIncome": "-1000000", "depreciation": "None", "depreciationAndAmortization": "99000000", "incomeBeforeTax": "341000000", "incomeTaxExpense": "109000000", "interestAndDebtExpense": "None", "netIncomeFromContinuingOperations": "232000000", "comprehensiveIncomeNetOfTax": "None", "ebit": "396000000", "ebitda": "495000000", "netIncome": "232000000"}, {"fiscalDateEnding": "2011-09-30", "reportedCurrency": "USD", "grossProfit": "1350000000", "totalRevenue": "3312000000", "costOfRevenue": "1962000000", "costofGoodsAndServicesSold": "1962000000", "operatingIncome": "464000000", "sellingGeneralAndAdministrative": "873000000", "researchAndDevelopment": "0", "operatingExpenses": "886000000", "investmentIncomeNet": "None", "netInterestIncome": "None", "interestIncome": "None", "interestExpense": "58000000", "nonInterestIncome": "None", "otherNonOperatingIncome": "-9000000", "depreciation": "None", "depreciationAndAmortization": "95000000", "incomeBeforeTax": "397000000", "incomeTaxExpense": "107000000", "interestAndDebtExpense": "None", "netIncomeFromContinuingOperations": "290000000", "comprehensiveIncomeNetOfTax": "None", "ebit": "455000000", "ebitda": "550000000", "netIncome": "290000000"}, {"fiscalDateEnding": "2011-06-30", "reportedCurrency": "USD", "grossProfit": "1443000000", "totalRevenue": "3386000000", "costOfRevenue": "1943000000", "costofGoodsAndServicesSold": "1943000000", "operatingIncome": "543000000", "sellingGeneralAndAdministrative": "894000000", "researchAndDevelopment": "0", "operatingExpenses": "900000000", "investmentIncomeNet": "None", "netInterestIncome": "None", "interestIncome": "None", "interestExpense": "53000000", "nonInterestIncome": "None", "otherNonOperatingIncome": "-1000000", "depreciation": "None", "depreciationAndAmortization": "86000000", "incomeBeforeTax": "489000000", "incomeTaxExpense": "147000000", "interestAndDebtExpense": "None", "netIncomeFromContinuingOperations": "342000000", "comprehensiveIncomeNetOfTax": "None", "ebit": "542000000", "ebitda": "628000000", "netIncome": "343000000"}, {"fiscalDateEnding": "2011-03-31", "reportedCurrency": "USD", "grossProfit": "1421000000", "totalRevenue": "3485000000", "costOfRevenue": "2064000000", "costofGoodsAndServicesSold": "2064000000", "operatingIncome": "572000000", "sellingGeneralAndAdministrative": "849000000", "researchAndDevelopment": "0", "operatingExpenses": "849000000", "investmentIncomeNet": "None", "netInterestIncome": "None", "interestIncome": "None", "interestExpense": "67000000", "nonInterestIncome": "None", "otherNonOperatingIncome": "None", "depreciation": "None", "depreciationAndAmortization": "89000000", "incomeBeforeTax": "505000000", "incomeTaxExpense": "140000000", "interestAndDebtExpense": "None", "netIncomeFromContinuingOperations": "365000000", "comprehensiveIncomeNetOfTax": "None", "ebit": "572000000", "ebitda": "661000000", "netIncome": "366000000"}, {"fiscalDateEnding": "2010-12-31", "reportedCurrency": "USD", "grossProfit": "1190000000", "totalRevenue": "2860000000", "costOfRevenue": "1670000000", "costofGoodsAndServicesSold": "1670000000", "operatingIncome": "329000000", "sellingGeneralAndAdministrative": "835000000", "researchAndDevelopment": "187000000", "operatingExpenses": "861000000", "investmentIncomeNet": "None", "netInterestIncome": "None", "interestIncome": "None", "interestExpense": "60000000", "nonInterestIncome": "None", "otherNonOperatingIncome": "-1000000", "depreciation": "None", "depreciationAndAmortization": "127000000", "incomeBeforeTax": "260000000", "incomeTaxExpense": "75000000", "interestAndDebtExpense": "None", "netIncomeFromContinuingOperations": "185000000", "comprehensiveIncomeNetOfTax": "None", "ebit": "320000000", "ebitda": "447000000", "netIncome": "189000000"}, {"fiscalDateEnding": "2010-09-30", "reportedCurrency": "USD", "grossProfit": "1369000000", "totalRevenue": "3157000000", "costOfRevenue": "1788000000", "costofGoodsAndServicesSold": "1788000000", "operatingIncome": "541000000", "sellingGeneralAndAdministrative": "828000000", "researchAndDevelopment": "0", "operatingExpenses": "828000000", "investmentIncomeNet": "None", "netInterestIncome": "None", "interestIncome": "None", "interestExpense": "62000000", "nonInterestIncome": "None", "otherNonOperatingIncome": "1000000", "depreciation": "None", "depreciationAndAmortization": "87000000", "incomeBeforeTax": "480000000", "incomeTaxExpense": "143000000", "interestAndDebtExpense": "None", "netIncomeFromContinuingOperations": "337000000", "comprehensiveIncomeNetOfTax": "None", "ebit": "542000000", "ebitda": "629000000", "netIncome": "338000000"}, {"fiscalDateEnding": "2010-06-30", "reportedCurrency": "USD", "grossProfit": "1305000000", "totalRevenue": "3062000000", "costOfRevenue": "1757000000", "costofGoodsAndServicesSold": "1757000000", "operatingIncome": "483000000", "sellingGeneralAndAdministrative": "821000000", "researchAndDevelopment": "0", "operatingExpenses": "822000000", "investmentIncomeNet": "None", "netInterestIncome": "None", "interestIncome": "None", "interestExpense": "61000000", "nonInterestIncome": "None", "otherNonOperatingIncome": "7000000", "depreciation": "None", "depreciationAndAmortization": "91000000", "incomeBeforeTax": "429000000", "incomeTaxExpense": "128000000", "interestAndDebtExpense": "None", "netIncomeFromContinuingOperations": "301000000", "comprehensiveIncomeNetOfTax": "None", "ebit": "490000000", "ebitda": "581000000", "netIncome": "302000000"}, {"fiscalDateEnding": "2010-03-31", "reportedCurrency": "USD", "grossProfit": "1425000000", "totalRevenue": "3318000000", "costOfRevenue": "1893000000", "costofGoodsAndServicesSold": "1893000000", "operatingIncome": "637000000", "sellingGeneralAndAdministrative": "783000000", "researchAndDevelopment": "0", "operatingExpenses": "788000000", "investmentIncomeNet": "None", "netInterestIncome": "None", "interestIncome": "None", "interestExpense": "65000000", "nonInterestIncome": "None", "otherNonOperatingIncome": "1000000", "depreciation": "None", "depreciationAndAmortization": "87000000", "incomeBeforeTax": "573000000", "incomeTaxExpense": "156000000", "interestAndDebtExpense": "None", "netIncomeFromContinuingOperations": "417000000", "comprehensiveIncomeNetOfTax": "None", "ebit": "638000000", "ebitda": "725000000", "netIncome": "418000000"}, {"fiscalDateEnding": "2009-12-31", "reportedCurrency": "USD", "grossProfit": "1245000000", "totalRevenue": "2900000000", "costOfRevenue": "1655000000", "costofGoodsAndServicesSold": "1655000000", "operatingIncome": "352000000", "sellingGeneralAndAdministrative": "870000000", "researchAndDevelopment": "0", "operatingExpenses": "893000000", "investmentIncomeNet": "None", "netInterestIncome": "None", "interestIncome": "None", "interestExpense": "96000000", "nonInterestIncome": "None", "otherNonOperatingIncome": "None", "depreciation": "None", "depreciationAndAmortization": "102000000", "incomeBeforeTax": "235000000", "incomeTaxExpense": "60000000", "interestAndDebtExpense": "None", "netIncomeFromContinuingOperations": "0", "comprehensiveIncomeNetOfTax": "None", "ebit": "331000000", "ebitda": "433000000", "netIncome": "176000000"}, {"fiscalDateEnding": "2009-09-30", "reportedCurrency": "USD", "grossProfit": "1440000000", "totalRevenue": "3277000000", "costOfRevenue": "1837000000", "costofGoodsAndServicesSold": "1837000000", "operatingIncome": "567000000", "sellingGeneralAndAdministrative": "861000000", "researchAndDevelopment": "0", "operatingExpenses": "873000000", "investmentIncomeNet": "None", "netInterestIncome": "None", "interestIncome": "None", "interestExpense": "65000000", "nonInterestIncome": "None", "otherNonOperatingIncome": "-10000000", "depreciation": "None", "depreciationAndAmortization": "93000000", "incomeBeforeTax": "492000000", "incomeTaxExpense": "132000000", "interestAndDebtExpense": "None", "netIncomeFromContinuingOperations": "360000000", "comprehensiveIncomeNetOfTax": "None", "ebit": "557000000", "ebitda": "650000000", "netIncome": "361000000"}, {"fiscalDateEnding": "2009-06-30", "reportedCurrency": "USD", "grossProfit": "1404000000", "totalRevenue": "3229000000", "costOfRevenue": "1825000000", "costofGoodsAndServicesSold": "1825000000", "operatingIncome": "553000000", "sellingGeneralAndAdministrative": "846000000", "researchAndDevelopment": "0", "operatingExpenses": "851000000", "investmentIncomeNet": "None", "netInterestIncome": "None", "interestIncome": "None", "interestExpense": "67000000", "nonInterestIncome": "None", "otherNonOperatingIncome": "9000000", "depreciation": "None", "depreciationAndAmortization": "105000000", "incomeBeforeTax": "495000000", "incomeTaxExpense": "141000000", "interestAndDebtExpense": "None", "netIncomeFromContinuingOperations": "354000000", "comprehensiveIncomeNetOfTax": "None", "ebit": "562000000", "ebitda": "667000000", "netIncome": "354000000"}, {"fiscalDateEnding": "2009-03-31", "reportedCurrency": "USD", "grossProfit": "1302000000", "totalRevenue": "3169000000", "costOfRevenue": "1867000000", "costofGoodsAndServicesSold": "1867000000", "operatingIncome": "529000000", "sellingGeneralAndAdministrative": "773000000", "researchAndDevelopment": "None", "operatingExpenses": "773000000", "investmentIncomeNet": "None", "netInterestIncome": "None", "interestIncome": "None", "interestExpense": "67000000", "nonInterestIncome": "None", "otherNonOperatingIncome": "None", "depreciation": "None", "depreciationAndAmortization": "84000000", "incomeBeforeTax": "462000000", "incomeTaxExpense": "143000000", "interestAndDebtExpense": "None", "netIncomeFromContinuingOperations": "None", "comprehensiveIncomeNetOfTax": "None", "ebit": "529000000", "ebitda": "613000000", "netIncome": "321000000"}, {"fiscalDateEnding": "2008-12-31", "reportedCurrency": "USD", "grossProfit": "1156000000", "totalRevenue": "2933000000", "costOfRevenue": "1777000000", "costofGoodsAndServicesSold": "1777000000", "operatingIncome": "345000000", "sellingGeneralAndAdministrative": "811000000", "researchAndDevelopment": "181000000", "operatingExpenses": "811000000", "investmentIncomeNet": "None", "netInterestIncome": "None", "interestIncome": "None", "interestExpense": "237000000", "nonInterestIncome": "None", "otherNonOperatingIncome": "None", "depreciation": "None", "depreciationAndAmortization": "101000000", "incomeBeforeTax": "261000000", "incomeTaxExpense": "82000000", "interestAndDebtExpense": "None", "netIncomeFromContinuingOperations": "0", "comprehensiveIncomeNetOfTax": "None", "ebit": "333000000", "ebitda": "434000000", "netIncome": "179000000"}, {"fiscalDateEnding": "2008-09-30", "reportedCurrency": "USD", "grossProfit": "1403000000", "totalRevenue": "3288000000", "costOfRevenue": "1885000000", "costofGoodsAndServicesSold": "1885000000", "operatingIncome": "533000000", "sellingGeneralAndAdministrative": "870000000", "researchAndDevelopment": "0", "operatingExpenses": "870000000", "investmentIncomeNet": "None", "netInterestIncome": "None", "interestIncome": "None", "interestExpense": "71000000", "nonInterestIncome": "None", "otherNonOperatingIncome": "None", "depreciation": "None", "depreciationAndAmortization": "92000000", "incomeBeforeTax": "474000000", "incomeTaxExpense": "133000000", "interestAndDebtExpense": "None", "netIncomeFromContinuingOperations": "0", "comprehensiveIncomeNetOfTax": "None", "ebit": "545000000", "ebitda": "637000000", "netIncome": "342000000"}, {"fiscalDateEnding": "2008-06-30", "reportedCurrency": "USD", "grossProfit": "1444000000", "totalRevenue": "3343000000", "costOfRevenue": "1899000000", "costofGoodsAndServicesSold": "1899000000", "operatingIncome": "530000000", "sellingGeneralAndAdministrative": "914000000", "researchAndDevelopment": "0", "operatingExpenses": "914000000", "investmentIncomeNet": "None", "netInterestIncome": "None", "interestIncome": "None", "interestExpense": "77000000", "nonInterestIncome": "None", "otherNonOperatingIncome": "None", "depreciation": "None", "depreciationAndAmortization": "88000000", "incomeBeforeTax": "445000000", "incomeTaxExpense": "-133000000", "interestAndDebtExpense": "None", "netIncomeFromContinuingOperations": "0", "comprehensiveIncomeNetOfTax": "None", "ebit": "522000000", "ebitda": "610000000", "netIncome": "312000000"}, {"fiscalDateEnding": "2008-03-31", "reportedCurrency": "USD", "grossProfit": "1364000000", "totalRevenue": "3258000000", "costOfRevenue": "1894000000", "costofGoodsAndServicesSold": "1894000000", "operatingIncome": "545000000", "sellingGeneralAndAdministrative": "819000000", "researchAndDevelopment": "0", "operatingExpenses": "819000000", "investmentIncomeNet": "None", "netInterestIncome": "None", "interestIncome": "None", "interestExpense": "82000000", "nonInterestIncome": "None", "otherNonOperatingIncome": "None", "depreciation": "None", "depreciationAndAmortization": "94000000", "incomeBeforeTax": "452000000", "incomeTaxExpense": "137000000", "interestAndDebtExpense": "None", "netIncomeFromContinuingOperations": "0", "comprehensiveIncomeNetOfTax": "None", "ebit": "534000000", "ebitda": "628000000", "netIncome": "315000000"}, {"fiscalDateEnding": "2007-12-31", "reportedCurrency": "USD", "grossProfit": "1196000000", "totalRevenue": "2794000000", "costOfRevenue": "1598000000", "costofGoodsAndServicesSold": "1598000000", "operatingIncome": "359000000", "sellingGeneralAndAdministrative": "1687000000", "researchAndDevelopment": "179000000", "operatingExpenses": "837000000", "investmentIncomeNet": "None", "netInterestIncome": "None", "interestIncome": "None", "interestExpense": "240000000", "nonInterestIncome": "None", "otherNonOperatingIncome": "None", "depreciation": "None", "depreciationAndAmortization": "97000000", "incomeBeforeTax": "266000000", "incomeTaxExpense": "90000000", "interestAndDebtExpense": "None", "netIncomeFromContinuingOperations": "0", "comprehensiveIncomeNetOfTax": "None", "ebit": "359000000", "ebitda": "456000000", "netIncome": "176000000"}, {"fiscalDateEnding": "2007-09-30", "reportedCurrency": "USD", "grossProfit": "1342000000", "totalRevenue": "3004000000", "costOfRevenue": "1662000000", "costofGoodsAndServicesSold": "1662000000", "operatingIncome": "492000000", "sellingGeneralAndAdministrative": "822000000", "researchAndDevelopment": "0", "operatingExpenses": "850000000", "investmentIncomeNet": "None", "netInterestIncome": "None", "interestIncome": "None", "interestExpense": "79000000", "nonInterestIncome": "None", "otherNonOperatingIncome": "None", "depreciation": "None", "depreciationAndAmortization": "90000000", "incomeBeforeTax": "416000000", "incomeTaxExpense": "111000000", "interestAndDebtExpense": "None", "netIncomeFromContinuingOperations": "0", "comprehensiveIncomeNetOfTax": "None", "ebit": "492000000", "ebitda": "582000000", "netIncome": "305000000"}, {"fiscalDateEnding": "2007-06-30", "reportedCurrency": "USD", "grossProfit": "1377000000", "totalRevenue": "3015000000", "costOfRevenue": "1638000000", "costofGoodsAndServicesSold": "1638000000", "operatingIncome": "518000000", "sellingGeneralAndAdministrative": "859000000", "researchAndDevelopment": "0", "operatingExpenses": "859000000", "investmentIncomeNet": "None", "netInterestIncome": "None", "interestIncome": "None", "interestExpense": "76000000", "nonInterestIncome": "None", "otherNonOperatingIncome": "None", "depreciation": "None", "depreciationAndAmortization": "98000000", "incomeBeforeTax": "442000000", "incomeTaxExpense": "141000000", "interestAndDebtExpense": "None", "netIncomeFromContinuingOperations": "0", "comprehensiveIncomeNetOfTax": "None", "ebit": "518000000", "ebitda": "616000000", "netIncome": "301000000"}, {"fiscalDateEnding": "2007-03-31", "reportedCurrency": "USD", "grossProfit": "1264000000", "totalRevenue": "2963000000", "costOfRevenue": "1699000000", "costofGoodsAndServicesSold": "1699000000", "operatingIncome": "499000000", "sellingGeneralAndAdministrative": "765000000", "researchAndDevelopment": "0", "operatingExpenses": "765000000", "investmentIncomeNet": "None", "netInterestIncome": "None", "interestIncome": "None", "interestExpense": "78000000", "nonInterestIncome": "None", "otherNonOperatingIncome": "None", "depreciation": "None", "depreciationAndAmortization": "87000000", "incomeBeforeTax": "423000000", "incomeTaxExpense": "102000000", "interestAndDebtExpense": "None", "netIncomeFromContinuingOperations": "0", "comprehensiveIncomeNetOfTax": "None", "ebit": "501000000", "ebitda": "588000000", "netIncome": "321000000"}, {"fiscalDateEnding": "2006-12-31", "reportedCurrency": "USD", "grossProfit": "1119700000", "totalRevenue": "2583900000", "costOfRevenue": "1464200000", "costofGoodsAndServicesSold": "1464200000", "operatingIncome": "344500000", "sellingGeneralAndAdministrative": "3844000000", "researchAndDevelopment": "190600000", "operatingExpenses": "775200000", "investmentIncomeNet": "None", "netInterestIncome": "None", "interestIncome": "None", "interestExpense": "232000000", "nonInterestIncome": "None", "otherNonOperatingIncome": "None", "depreciation": "None", "depreciationAndAmortization": "95200000", "incomeBeforeTax": "266500000", "incomeTaxExpense": "83600000", "interestAndDebtExpense": "None", "netIncomeFromContinuingOperations": "0", "comprehensiveIncomeNetOfTax": "None", "ebit": "344500000", "ebitda": "439700000", "netIncome": "182400000"}, {"fiscalDateEnding": "2006-09-30", "reportedCurrency": "USD", "grossProfit": "1274000000", "totalRevenue": "2823000000", "costOfRevenue": "1549000000", "costofGoodsAndServicesSold": "1549000000", "operatingIncome": "487000000", "sellingGeneralAndAdministrative": "785700000", "researchAndDevelopment": "0", "operatingExpenses": "787000000", "investmentIncomeNet": "None", "netInterestIncome": "None", "interestIncome": "None", "interestExpense": "75800000", "nonInterestIncome": "None", "otherNonOperatingIncome": "None", "depreciation": "None", "depreciationAndAmortization": "85000000", "incomeBeforeTax": "414000000", "incomeTaxExpense": "133000000", "interestAndDebtExpense": "None", "netIncomeFromContinuingOperations": "0", "comprehensiveIncomeNetOfTax": "None", "ebit": "487000000", "ebitda": "572000000", "netIncome": "281000000"}, {"fiscalDateEnding": "2006-06-30", "reportedCurrency": "USD", "grossProfit": "1235000000", "totalRevenue": "2773000000", "costOfRevenue": "1538000000", "costofGoodsAndServicesSold": "1538000000", "operatingIncome": "461000000", "sellingGeneralAndAdministrative": "300000", "researchAndDevelopment": "0", "operatingExpenses": "774000000", "investmentIncomeNet": "None", "netInterestIncome": "None", "interestIncome": "None", "interestExpense": "77000000", "nonInterestIncome": "None", "otherNonOperatingIncome": "None", "depreciation": "None", "depreciationAndAmortization": "92000000", "incomeBeforeTax": "388000000", "incomeTaxExpense": "122000000", "interestAndDebtExpense": "None", "netIncomeFromContinuingOperations": "0", "comprehensiveIncomeNetOfTax": "None", "ebit": "461000000", "ebitda": "553000000", "netIncome": "267000000"}, {"fiscalDateEnding": "2006-03-31", "reportedCurrency": "USD", "grossProfit": "1197000000", "totalRevenue": "2727000000", "costOfRevenue": "1530000000", "costofGoodsAndServicesSold": "1530000000", "operatingIncome": "473000000", "sellingGeneralAndAdministrative": "200000", "researchAndDevelopment": "0", "operatingExpenses": "724000000", "investmentIncomeNet": "None", "netInterestIncome": "None", "interestIncome": "None", "interestExpense": "74000000", "nonInterestIncome": "None", "otherNonOperatingIncome": "None", "depreciation": "None", "depreciationAndAmortization": "81000000", "incomeBeforeTax": "403000000", "incomeTaxExpense": "129000000", "interestAndDebtExpense": "None", "netIncomeFromContinuingOperations": "0", "comprehensiveIncomeNetOfTax": "None", "ebit": "473000000", "ebitda": "554000000", "netIncome": "274000000"}, {"fiscalDateEnding": "2005-12-31", "reportedCurrency": "USD", "grossProfit": "1045100000", "totalRevenue": "2394300000", "costOfRevenue": "1349200000", "costofGoodsAndServicesSold": "1349200000", "operatingIncome": "344300000", "sellingGeneralAndAdministrative": "700800000", "researchAndDevelopment": "181000000", "operatingExpenses": "700800000", "investmentIncomeNet": "None", "netInterestIncome": "None", "interestIncome": "None", "interestExpense": "67200000", "nonInterestIncome": "None", "otherNonOperatingIncome": "None", "depreciation": "None", "depreciationAndAmortization": "100000000", "incomeBeforeTax": "271400000", "incomeTaxExpense": "79000000", "interestAndDebtExpense": "None", "netIncomeFromContinuingOperations": "0", "comprehensiveIncomeNetOfTax": "None", "ebit": "344300000", "ebitda": "444300000", "netIncome": "192400000"}, {"fiscalDateEnding": "2005-09-30", "reportedCurrency": "USD", "grossProfit": "1186000000", "totalRevenue": "2623400000", "costOfRevenue": "1437400000", "costofGoodsAndServicesSold": "1437400000", "operatingIncome": "465700000", "sellingGeneralAndAdministrative": "300000", "researchAndDevelopment": "0", "operatingExpenses": "720300000", "investmentIncomeNet": "None", "netInterestIncome": "None", "interestIncome": "None", "interestExpense": "68000000", "nonInterestIncome": "None", "otherNonOperatingIncome": "None", "depreciation": "None", "depreciationAndAmortization": "97000000", "incomeBeforeTax": "392000000", "incomeTaxExpense": "117700000", "interestAndDebtExpense": "None", "netIncomeFromContinuingOperations": "0", "comprehensiveIncomeNetOfTax": "None", "ebit": "465700000", "ebitda": "562700000", "netIncome": "274300000"}, {"fiscalDateEnding": "2005-06-30", "reportedCurrency": "USD", "grossProfit": "1198600000", "totalRevenue": "2587200000", "costOfRevenue": "1388600000", "costofGoodsAndServicesSold": "1388600000", "operatingIncome": "472500000", "sellingGeneralAndAdministrative": "100000", "researchAndDevelopment": "0", "operatingExpenses": "726100000", "investmentIncomeNet": "None", "netInterestIncome": "None", "interestIncome": "None", "interestExpense": "89000000", "nonInterestIncome": "None", "otherNonOperatingIncome": "None", "depreciation": "None", "depreciationAndAmortization": "93200000", "incomeBeforeTax": "387200000", "incomeTaxExpense": "128200000", "interestAndDebtExpense": "None", "netIncomeFromContinuingOperations": "0", "comprehensiveIncomeNetOfTax": "None", "ebit": "472500000", "ebitda": "565700000", "netIncome": "259000000"}, {"fiscalDateEnding": "2005-03-31", "reportedCurrency": "USD", "grossProfit": "1135900000", "totalRevenue": "2572300000", "costOfRevenue": "1436400000", "costofGoodsAndServicesSold": "1436400000", "operatingIncome": "467800000", "sellingGeneralAndAdministrative": "100000", "researchAndDevelopment": "0", "operatingExpenses": "668100000", "investmentIncomeNet": "None", "netInterestIncome": "None", "interestIncome": "None", "interestExpense": "75000000", "nonInterestIncome": "None", "otherNonOperatingIncome": "None", "depreciation": "None", "depreciationAndAmortization": "101600000", "incomeBeforeTax": "374500000", "incomeTaxExpense": "119800000", "interestAndDebtExpense": "None", "netIncomeFromContinuingOperations": "0", "comprehensiveIncomeNetOfTax": "None", "ebit": "467800000", "ebitda": "569400000", "netIncome": "254700000"}, {"fiscalDateEnding": "2004-12-31", "reportedCurrency": "USD", "grossProfit": "1073800000", "totalRevenue": "2390800000", "costOfRevenue": "1317000000", "costofGoodsAndServicesSold": "1317000000", "operatingIncome": "365700000", "sellingGeneralAndAdministrative": "708100000", "researchAndDevelopment": "148900000", "operatingExpenses": "708100000", "investmentIncomeNet": "None", "netInterestIncome": "None", "interestIncome": "None", "interestExpense": "78100000", "nonInterestIncome": "None", "otherNonOperatingIncome": "None", "depreciation": "None", "depreciationAndAmortization": "116500000", "incomeBeforeTax": "290800000", "incomeTaxExpense": "104400000", "interestAndDebtExpense": "None", "netIncomeFromContinuingOperations": "0", "comprehensiveIncomeNetOfTax": "None", "ebit": "365700000", "ebitda": "482200000", "netIncome": "186400000"}]}